2118 3184
768 400 1057 437 APPENDICES.
1600 399 1669 434 893

152 518 258 535 omnem
274 509 530 544 scrupulositatem,
546 510 572 535 in
588 509 771 535 testimonium
783 518 895 544 quoquo
907 515 933 535 et
947 509 1084 535 munimen
1097 508 1218 534 omnium
1235 506 1439 542 praedictorum
1451 511 1614 532 memoratae
1627 516 1669 532 ec-

153 556 250 582 clesiae
263 555 342 592 sigilli
355 557 405 582 mei
416 557 584 591 appensione
597 556 699 582 contuli
714 556 886 582 roboratum.
903 557 998 582 Actum
1012 565 1083 582 auno
1098 555 1205 581 Domini
1222 553 1390 583 MCCXLIV.
1413 563 1503 580 mense
1519 553 1614 589 Aprili.

941 623 1049 655 Original
1058 642 1064 647 .
1077 630 1145 646 sceau
1158 630 1187 646 en
1200 622 1249 645 cire
1259 626 1323 645 verte
1337 621 1506 653 endommagc.

817 905 998 940 cxcvlll.

153 1001 306 1038 Erasme
321 1004 362 1038 de
379 1006 495 1039 (iam-e
504 1032 514 1047 ,
529 1008 694 1052 seigneur
705 1004 746 1038 de
760 1003 968 1037 Lz'edekerke
978 1030 987 1045 ‚
1003 1002 1170 1048 confirmo
1185 1001 1357 1049 l’e'clzanye
1375 1003 1482 1037 d'une
1496 1007 1614 1049 par-tie
1628 1006 1669 1038 cle

202 1061 301 1096 dimo
312 1076 378 1109 que
391 1075 453 1097 son
467 1063 752 1105 arrie're-vassal,
770 1062 937 1097 Anneltz'n
950 1062 991 1096 de
1007 1061 1190 1103 Lomhelce,
1208 1074 1229 1094 α
1241 1061 1313 1106 fait
1321 1073 1419 1108 pour
1430 1062 1494 1095 clia·
1508 1063 1671 1096 bonm‘ers

203 1119 244 1153 de
261 1126 354 1155 terre
370 1121 412 1155 de
429 1121 599 1169 l’ahlmye.
612 1121 833 1156 -ΟΑττιιεΜ,

776 1290 792 1310 Α
806 1286 949 1310 Liedekerke
959 1304 965 1310 .
977 1286 1050 1309 1244.

191 1366 248 1402 Ego
259 1366 343 1393 nasso
356 1367 390 1394 de
398 1368 502 1394 Gavera
512 1390 518 1400 ‚
531 1369 657 1395 dominus
667 1368 701 1394 de
714 1367 865 1394 Lidekerka
876 1388 883 1397 ,
896 1373 991 1393 notum
1005 1367 1074 1393 facio
1085 1367 1275 1402 praesentibus
1287 1372 1314 1394 et
1328 1367 1431 1394 futuris
1441 1389 1448 1400 ‚
1462 1367 1535 1403 quod
1547 1378 1607 1394 cum
1620 1369 1669 1394 Ar-

153 1413 292 1449 nulphus,
310 1414 382 1441 iilius
397 1415 531 1442 Anuekini
549 1416 583 1442 de
600 1415 757 1447 Lumbeka,
777 1420 884 1441 teneret
905 1415 931 1441 in
949 1414 1059 1441 feodum
1075 1424 1090 1440 a
1110 1414 1184 1440 dicto
1204 1414 1363 1445 Annekinm
1383 1420 1460 1450 patre
1481 1424 1545 1447 suo,
1562 1417 1668 1441 tertiam

153 1461 265 1497 garbam
277 1461 398 1489 decimae
408 1463 442 1489 de
451 1462 589 1498 strithem,
602 1468 629 1489 et
643 1463 714 1490 idem
726 1462 885 1489 Annekinus
895 1472 910 1488 a
923 1471 965 1488 me
975 1483 981 1492 ,
996 1467 1125 1497 tanquam
1138 1462 1275 1496 superiori
1285 1461 1394 1487 domino
1403 1483 1410 1495 ‚
1427 1467 1534 1488 teneret
1547 1462 1670 1489 similiter

152 1508 178 1534 in
192 1507 301 1535 feodum
315 1509 437 1536 eamdem
451 1510 581 1536 decimam
593 1532 600 1542 ,
615 1511 705 1536 dictus
719 1509 878 1545 Arnulphus
891 1530 897 1539 ,
913 1509 947 1535 de
957 1508 1062 1543 judicio
1076 1508 1217 1534 homiuum
1230 1518 1353 1534 meorum
1368 1508 1513 1535 seodalium
1523 1530 1529 1542 ‚
1546 1511 1593 1545 qui
1605 1510 1670 1536 sub-

153 1556 239 1582 notati
256 1562 337 1584 sunt.
361 1557 529 1592 praedictam
548 1558 679 1584 decimam
698 1558 724 1583 in
747 1567 842 1583 manus
859 1556 974 1592 praefati
997 1556 1149 1583 Annekini.
1169 1557 1254 1591 patris
1272 1557 1331 1587 sui,
1354 1557 1519 1592 reportavit,
1539 1563 1566 1583 et
1585 1558 1619 1584 de
1637 1567 1669 1584 ea

155 1608 238 1638 prout
252 1603 349 1629 debuit
363 1605 550 1640 werpitionem
566 1604 640 1631 fecit.
655 1605 740 1631 Porro
754 1604 895 1630 cumidem
909 1603 1068 1630 Annekinus
1079 1603 1200 1629 eamdem
1210 1602 1340 1629 decimam
1356 1603 1389 1629 de
1401 1603 1503 1638 judicio
1515 1604 1670 1639 praedicto-

154 1659 213 1676 rum
229 1649 402 1677 bominorum
415 1661 537 1678 meorum
549 1653 596 1688 qui
607 1662 691 1688 super
705 1652 756 1678 hoc
766 1661 798 1678 ex
810 1656 888 1687 parte
901 1660 960 1677 mea
972 1651 1120 1677 submoniti
1132 1650 1244 1676 suerunt
1253 1672 1260 1683 ‚
1276 1651 1440 1686 resignasset
1451 1651 1477 1677 in
1490 1661 1586 1677 manus
1597 1661 1670 1678 meas

153 1702 181 1723 et
193 1697 257 1723 inde
267 1697 387 1724 debitam
400 1700 587 1734 werpitionem
603 1699 711 1726 fecisset
722 1720 728 1730 ,
743 1698 776 1725 ad
786 1708 856 1734 opus
863 1698 970 1724 abbatis
981 1703 1008 1724 et
1017 1702 1168 1724 conventus
1181 1697 1310 1723 ecclesiae
1323 1697 1485 1729 Ninivensis,
1500 1699 1547 1734 qui
1561 1699 1669 1725 circiter

151 1745 244 1771 decem
263 1745 376 1772 bonaria
390 1751 481 1773 terrae
495 1756 561 1773 suae
577 1746 715 1773 dederunt
731 1747 758 1773 in
776 1746 1014 1772 commutationem
1034 1744 1174 1780 praedicto
1190 1744 1350 1780 Arnulpho,
1373 1745 1429 1771 filio
1450 1745 1586 1771 Auuekini
1597 1767 1603 1771 .
1619 1755 1669 1780 pro

154 1791 258 1818 decima
273 1799 432 1819 memorata.
448 1793 537 1829 Ipsam
551 1794 683 1821 decimam
694 1815 700 1826 ,
715 1795 785 1820 sicut
795 1793 897 1819 dictum
910 1798 963 1824 est,
977 1793 1003 1818 in
1013 1801 1108 1818 manus
1119 1791 1319 1827 measlegitime
1329 1797 1497 1827 reportatam
1508 1798 1535 1819 et
1549 1795 1671 1829 resigna-

154 1843 208 1865 tam
225 1840 381 1866 memoratis
395 1840 488 1866 abbati
502 1846 529 1867 et
544 1841 691 1867 conventui
702 1841 736 1867 de
748 1841 842 1867 Ninive
853 1839 939 1866 libere
953 1839 1056 1865 contuli
1066 1860 1073 1871 ⁷
1089 1844 1116 1865 et
1127 1844 1158 1864 ut
1169 1848 1228 1865 eam
1243 1838 1277 1864 de
1289 1844 1398 1865 caetero
1412 1839 1438 1865 in
1450 1845 1614 1875 perpetuum
1631 1846 1671 1866 te—

153 1891 235 1912 neant
251 1891 277 1912 et
290 1886 445 1922 possideant
454 1908 461 1919 ,
477 1887 640 1914 allodialiter
654 1888 775 1924 gratuita
789 1887 931 1914 voluntate
943 1886 1073 1913 concessi.
1085 1885 1121 1912 [t
1135 1890 1226 1911 autem
1240 1895 1272 1911 ea
1282 1895 1353 1921 quae
1366 1886 1505 1921 praedicta
1516 1892 1580 1913 sunt
1589 1908 1595 1914 ,
1610 1891 1667 1913 rata

154 1939 348 1969 permaneant,
371 1943 502 1969 praesens
521 1935 654 1970 scriptum
669 1944 731 1961 cum
749 1933 943 1961 subnotatione
957 1933 1097 1959 hominum
1115 1941 1236 1958 meorum
1256 1931 1447 1965 feodatorum,
1468 1934 1514 1969 qui
1530 1934 1667 1968 praedicta

153 1979 303 2006 secundum
317 1980 431 2007 sormam
445 1982 573 2017 superius
584 1991 739 2017 expressam
751 1991 765 2007 a
776 1991 818 2007 me
829 1980 1179 2014 submonitijudicaverunt
1192 1979 1252 2006 fleri
1263 2001 1269 2011 ,
1281 1980 1369 2016 sigillo
1379 1981 1473 2007 meoin
1485 1982 1668 2007 testimonium

154 2027 293 2054 roboravi.
305 2027 378 2054 llaec
389 2037 454 2054 vero
468 2034 533 2055 sunt
546 2030 655 2055 nomina
669 2029 808 2055 hominum
824 2037 945 2055 meorum
961 2027 1161 2063 praedictorum
1175 2037 1181 2052 :
1200 2026 1360 2062 Arnulphus
1371 2027 1463 2059 miles,
1481 2027 1565 2054 frater
1580 2038 1656 2055 meus
1668 2040 1674 2062 ς

155 2074 276 2111 Sygerus
288 2075 323 2101 de
336 2075 428 2107 Alost,
449 2075 538 2102 dictus
556 2076 590 2102 de
603 2075 700 2109 Curia;
717 2076 817 2111 Symon
832 2080 860 2102 et
877 2075 976 2101 lvauus
990 2074 1096 2100 Pretere
1108 2073 1142 2100 de
1158 2074 1230 2100 Leuce
1247 2083 1332 2110 supra
1345 2075 1478 2101 Teneram
1492 2086 1498 2109 ς
1515 2075 1651 2102 Giselinus
1662 2097 1668 2102 .

156 2120 263 2147 villicus
273 2121 308 2149 de
322 2122 456 2148 Lumbeca
468 2143 475 2154 ‚
491 2127 518 2148 et
532 2122 645 2149 Michael
660 2123 694 2149 de
713 2123 856 2153 Bac-luem,
869 2122 992 2148 homines
1005 2122 1072 2155 inei3
1087 2121 1274 2147 interfuerunt
1287 2122 1367 2148 etiam
1384 2121 1448 2148 huic
1458 2122 1529 2148 sacto
1540 2123 1670 2149 Lamber-

155 2173 200 2194 tus
215 2167 313 2202 Faber,
331 2168 458 2195 scabinus
471 2169 506 2195 de
521 2169 687 2201 Lidekerke,
705 2175 733 2196 et
746 2169 886 2196 W'alterus
902 2168 976 2195 Wale
986 2169 1020 2195 de
1035 2168 1126 2201 Alost,
1147 2172 1173 2194 et
1187 2168 1299 2203 quidam
1313 2168 1359 2194 alii
1372 2169 1436 2194 boni
1451 2170 1511 2195 viri.
1529 2170 1625 2195 Actum
1641 2171 1667 2195 in

154 2215 235 2241 domo
247 2224 304 2241 mea
319 2215 392 2251 apud
412 2215 562 2243 Lidekerka
574 2237 581 2249 ,
597 2216 663 2242 feria
677 2221 751 2242 sexta
766 2221 829 2242 ante
843 2215 1040 2242 Penthecosten
1051 2236 1058 2246 ,
1075 2224 1146 2241 anno
1158 2214 1264 2240 Domini
1278 2215 1441 2241 MCCXLIV.

1172 2281 1295 2313 Original.
1309 2289 1377 2305 sceau
1389 2282 1486 2306 deti-uit.

875 2378 938 2388 Η
