2137 3131
478 383 547 419 :578
820 378 995 415 CORPUS
1022 376 1351 412 CHRONICORUM
1379 376 1644 411 FLANDRIAE.

481 493 605 534 valum
633 490 692 525 scd
719 489 888 523 defuncto
914 485 1092 520 Ludovico
1116 484 1197 525 Poe,
1223 483 1418 529 capitulum
1445 483 1667 518 Tornacense
1692 483 1877 532 elegerunt
1899 486 1991 531 epis-

480 563 607 597 copum
632 549 676 583 de
700 546 866 580 mandato
891 545 982 592 regis
1010 543 1172 577 franciae
1196 542 1399 590 eligendum
1423 542 1610 576 dominum
1630 555 1670 576 ac
1690 543 1898 590 magistrum
1925 544 1993 577 Ka-

481 610 594 643 rolum
622 607 679 641 Du
705 605 910 645 Ilaultbois,
945 614 1037 636 anno
1068 601 1207 635 Domini
1235 601 1344 635 MDV.
1376 601 1456 641 Quo
1487 602 1580 635 facto
1607 600 1775 635 dominus
1800 602 1926 636 Petrus
1948 601 1992 636 de

483 667 591 710 Om'lce
611 664 711 698 cessit
728 661 945 709 episcopatui
959 687 966 703 ‚
988 659 1032 694 ad
1048 665 1247 706 requestam
1260 659 1430 705 principis
1447 671 1488 693 ac
1502 660 1594 707 regis
1613 658 1779 694 Castellae
1791 687 1800 702 a
1816 659 1994 694 mediante

480 736 595 758 annua
615 722 781 768 pensione
805 720 860 753 [Ι111
886 719 1125 760 florenorum7
1146 723 1181 751 et
1199 717 1267 751 fuit
1288 717 1439 751 schisma
1459 730 1478 751 a
1504 723 1618 751 morte
1641 718 1767 752 Ferrici
1781 745 1790 761 a
1816 730 1930 765 usque
1948 717 1993 752 ad

481 790 618 827 tempus
640 790 819 826 praesens7
841 777 921 822 xxiij
942 788 1119 810 annorum
1141 775 1266 821 spatio.
1294 776 1435 809 Annuat
1453 775 1546 809 Deus
1567 787 1690 821 pacem
1713 782 1748 810 et
1767 776 1935 810 unionem
1956 777 1992 810 in

478 840 620 875 ecclesia
648 850 774 884 sponsa
803 849 878 870 sua.
906 836 1056 869 Domino
1083 834 1208 868 Karolo
1236 834 1297 868 Du
1322 833 1510 868 Ilaulthoc's
1535 835 1702 868 successit
1727 835 1763 868 in
1788 835 1993 881 episcopatu

480 897 691 931 Tornacensi
714 895 880 929 dominus
895 893 1096 927 Ludovicus
1117 892 1285 926 Gudlarcl
1302 892 1505 926 Parisiensis
1518 919 1527 934 ἢ
1549 904 1611 939 per
1630 894 1902 941 resignationem
1925 892 1994 927 do-

479 957 564 990 mini
585 955 698 989 Karoli
716 953 905 1000 praedictig
926 965 1034 999 quam
1057 952 1329 999 resignationem
1355 950 1522 985 dominus
1540 964 1631 998 papa
1650 952 1719 986 Leo
1735 951 1895 986 decimus
1913 964 1994 986 con-

479 1014 630 1048 firmavit
652 1026 691 1047 ac
713 1025 795 1046 eum
814 1024 920 1058 super
943 1017 1055 1045 aetate
1080 1017 1114 1044 et
1132 1010 1207 1043 aliis
1226 1009 1459 1056 dispensavit,
1482 1010 1544 1057 qui
1562 1011 1698 1056 accepit
1716 1011 1971 1057 possessionem
1983 1038 1991 1054 ,

479 1073 535 1107 die
551 1073 678 1106 mensis
698 1071 847 1119 Augusti
863 1082 956 1104 anno
977 1069 1126 1103 MDXlll
1144 1069 1167 1102 ¹.

528 1132 676 1165 Domino
696 1129 864 1164 Gm'llard
880 1128 893 1150 ²
915 1128 1081 1162 successit
1097 1127 1264 1161 dominus
1283 1127 1430 1161 Karolus
1449 1128 1475 1160 A
1495 1126 1609 1174 Croyo
1629 1127 1697 1173 (De
1718 1126 1839 1174 Croy).

527 1189 711 1223 Praedicto
736 1188 860 1222 Karolo
888 1186 1073 1232 coadjutor
1092 1186 1245 1231 praefuit
1263 1185 1430 1219 dominus
1450 1185 1654 1220 Guilbertus
1672 1185 1882 1232 D'Oynyes,
1904 1185 1996 1220 Tor-

481 1248 637 1282 nacensis
669 1247 875 1293 episcopus„
910 1257 1002 1279 anno
1032 1244 1171 1278 Domini
1203 1244 1381 1287 MDLXV‚
1413 1244 1475 1290 qui
1505 1251 1602 1291 peste
1631 1244 1790 1278 sublatus
1817 1244 1993 1288 Cortraci,

478 1318 570 1340 anno
592 1304 801 1339 MDLXXIV
826 1304 862 1337 in
885 1305 1063 1351 ,angustor
1091 1301 1314 1348 sepeliendus
1338 1302 1527 1336 translatus
1550 1309 1602 1336 est
1622 1303 1658 1336 in
1685 1303 1865 1337 ecclesiam
1894 1314 1994 1336 suam

481 1366 754 1399 Tornacensem.

529 1422 712 1457 Antedicto
739 1421 884 1455 domino
913 1420 1096 1454 Guilberto
1126 1418 1339 1466 D'Offlzyes,
1368 1419 1535 1453 successit
1560 1419 1594 1452 in
1625 1419 1830 1465 episcopatu
1858 1419 1996 1453 Torna-

479 1483 571 1516 censi
593 1481 759 1515 dominus
780 1481 905 1514 Petrus
923 1478 1134 1524 Pentaflom
1151 1478 1373 1520 Casletensis,
1395 1484 1497 1512 antea
1517 1477 1672 1511 officialis
1691 1484 1726 1511 et
1750 1484 1870 1523 postea
1890 1476 1996 1511 deca-

481 1554 546 1575 nus
571 1554 578 1574 :
603 1540 835 1574 confirmatur
861 1550 954 1572 anno
973 1537 1165 1571 MDLXXV
1191 1549 1231 1570 ac
1257 1543 1418 1570 mortuus
1441 1548 1535 1570 anno
1568 1536 1763 1569 MDLXXX
1782 1548 1816 1570 xi
1845 1536 1993 1582 Aprilis,

481 1599 648 1645 sepelitur
668 1598 702 1631 in
723 1597 817 1631 dicta
835 1596 992 1630 ecclesia.

528 1657 678 1691 Domino
695 1656 798 1689 Petro
816 1653 1027 1699 Pentaflour
1040 1653 1205 1687 successit
1223 1651 1390 1686 dominus
1408 1651 1666 1685 Maximilianus
1680 1651 1865 1695 Morillon,
1882 1655 1996 1700 patria

480 1716 721 1757 Lovaniensis„
747 1714 838 1760 juris
868 1713 1054 1759 utriusque
1079 1712 1293 1754 licentiatus7
1323 1710 1572 1744 denominatus
1594 1723 1613 1744 a
1640 1723 1722 1758 rege
1748 1711 1996 1758 Hispaniarum

481 1775 644 1820 Philippo
664 1774 715 1817 11„
739 1785 832 1807 anno
852 1771 1098 1814 MDLXXXH,
1124 1771 1245 1804 aetatis
1265 1782 1358 1804 anno
1380 1783 1462 1813 an7
1483 1777 1586 1804 antea
1608 1770 1772 1804 ecclesiae
1794 1771 1997 1819 collegiatae

481 1834 514 1866 S.
542 1833 634 1866 Petri
658 1833 808 1866 Ariensis
830 1831 1062 1878 praepositus.
1095 1830 1327 1864 Consecratur
1348 1830 1384 1862 in
1409 1829 1553 1863 ecclesia
1579 1828 1772 1863 cathedrali
1798 1830 1837 1863 Β.
1867 1830 1997 1865 Mariae

482 1891 710 1925 Tornaeensis
725 1891 769 1924 ab
789 1889 1022 1923 illustrissimo
1042 1889 1188 1922 domino
1204 1887 1383 1922 Ludovico
1399 1887 1443 1922 de
1458 1887 1711 1934 Barlaymont,
1731 1888 1998 1935 archiepiscopo

481 1949 740 1990 Came1·acensi‚
766 1961 846 1982 xvm
869 1947 1033 1981 Octobris
1059 1946 1326 1990 MDLXXXIII7
1349 1946 1591 1980 assistentibus
1620 1945 1913 1981 reverendissimo
1930 1946 1998 1982 do-

482 2009 576 2042 mino
604 2008 764 2055 Remigio
794 2007 953 2049 Druitio,
987 2006 1158 2054 Brugensi
1186 2006 1371 2052 episcopo,
1405 2011 1440 2039 et
1470 2004 1663 2039 reverendo
1693 2004 1841 2039 domino
1867 2006 1995 2040 abbate

481 2067 531 2101 δι’.
553 2066 721 2101 Guisleni.
745 2065 862 2108 Obiit,
885 2077 975 2098 xxx-11
996 2064 1111 2098 Martii
1128 2063 1384 2097 MDLXXXVI.

531 2125 640 2170 Hujus
658 2136 837 2158 successor
855 2122 1022 2157 dominus
1036 2122 1214 2156 Johannes
1229 2121 1273 2156 de
1292 2121 1322 2156 V
1320 2121 1464 2156 endvz'lle
1471 2149 1481 2164 ,
1501 2121 1709 2166 lnsulensis,
1728 2121 1854 2157 doctor
1872 2129 1908 2156 et
1920 2134 2000 2169 pro-

481 2183 589 2216 fessor
598 2183 707 2228 juris7
731 2182 885 2228 Philippi
901 2181 931 2214 ΙΙ
947 2181 1196 2227 Hispaniarum
1211 2181 1303 2229 regis
1320 2181 1550 2214 consiliarius.
1569 2180 1639 2222 Qui
1657 2181 1789 2216 electus
1804 2181 1841 2215 in
1858 2181 1998 2227 episco-

481 2254 565 2287 pum
582 2241 853 2283 Toriiacenseim
867 2247 1027 2286 tempore
1041 2239 1127 2274 Sixti
1142 2240 1256 2286 Papae
1269 2239 1298 2272 V
1303 2266 1312 2283 ⁷
1324 2239 1464 2286 praevia
1473 2239 1746 2273 consecrationis
1759 2239 1996 2282 solemnitate,

520 2347 525 2363 ¹
546 2347 619 2373 Finis
640 2347 794 2374 chronicae.
819 2348 894 2383 Quae
910 2353 1066 2383 sequuntur
1076 2368 1083 2379 ‚
1105 2352 1210 2382 tempo·
1261 2349 1327 2374 titus
1338 2352 1379 2373 est
1391 2347 1526 2374 Henricus
1538 2346 1617 2379 VIII,
1628 2356 1675 2373 rex
1685 2347 1836 2383 Anglorum
1847 2368 1855 2380 ‚
1867 2348 1914 2383 qui
1927 2347 1998 2383 epis-

483 2402 543 2419 rum
564 2402 691 2419 successu
719 2393 809 2419 addita
833 2399 896 2419 sunt
905 2415 911 2425 ‚
933 2399 960 2420 et
985 2394 1066 2420 variis
1086 2394 1210 2419 manibus
1261 2402 1359 2429 copum
1377 2393 1527 2419 nominavit
1548 2393 1684 2419 celebrem
1702 2393 1789 2419 Wilh.
1817 2393 1935 2429 Wolsey‚·
1954 2392 1998 2419 hic

482 2444 600 2465 exarata.
1262 2444 1357 2474 postea
1365 2439 1445 2465 cessit
1454 2439 1634 2474 episcopatui,
1645 2438 1692 2465 sed
1700 2443 1805 2474 partem
1811 2447 1864 2465 non
1872 2437 1996 2474 exiguam

521 2484 533 2501 2
553 2484 608 2511 Sub
622 2485 779 2520 episcopatu
792 2485 862 2512 Lud.
877 2485 1018 2519 Guillard,
1031 2486 1154 2512 Tornaco
1164 2495 1214 2521 po·
1264 2484 1402 2511 redituum
1416 2484 1468 2510 sihi
1482 2484 1607 2511 retinuit.
