2118 3184
793 380 1086 415 APPENDICES.
1634 378 1701 413 981

836 515 978 549 CCXCV
985 516 993 549 Ι
1001 516 1008 548 Ι
1018 543 1023 548 .

180 605 263 639 Acte
276 606 363 639 d'un
379 605 527 652 echan-qe
542 606 583 639 cle
597 611 706 639 terres
723 611 820 639 entre
833 604 991 648 l'ablmye
1005 610 1036 637 οι
1050 603 1221 638 Ilenrz'cle
1235 604 1275 638 H
1275 604 1451 651 affleyleem
1466 611 1497 638 et
1510 616 1560 637 ses
1571 602 1696 647 fiere-5.

742 683 789 687 —
809 664 963 695 Arraums
982 673 1141 695 mvrnsrs.

832 851 847 871 :t
863 847 968 872 Nineve.
984 849 1055 872 1511.

217 930 247 957 ln
263 930 372 956 nomine
386 929 493 955 Domini
506 939 595 956 amen.
611 930 704 956 Pateat.
717 939 747 955 ac
761 934 855 955 notum
869 929 904 955 sit
918 929 1044 955 omnibus
1059 933 1086 954 et
1101 928 1216 964 singulis
1226 949 1232 959 ‚
1248 933 1302 954 tam
1317 929 1434 963 posteris
1445 937 1526 964 quam
1543 928 1697 954 modernis.

179 987 228 1013 per
239 977 292 1003 hoc
304 985 433 1011 praesens
445 975 586 1011 publicum
599 977 823 1007 instrumentum,
838 975 912 1011 quod
924 984 996 1000 anno
1011 975 1160 1001 nativitatis
1172 974 1295 1008 ejusdem
1310 974 1447 1006 Mcccxl,
1463 974 1610 1001 indictione
1620 984 1701 1003 nona‚

180 1025 279 1050 mensis
291 1023 358 1049 Jutii
372 1023 499 1049 intrantis
512 1023 556 1049 die
570 1023 674 1049 decima
684 1043 691 1054 ‚
712 1022 888 1058 pontificatus
907 1022 1068 1047 sanctissimi
1088 1022 1174 1057 patris
1189 1031 1219 1047 ac
1236 1022 1351 1052 dominiq
1368 1021 1470 1048 domini
1485 1022 1630 1048 Clementis
1640 1042 1647 1053 ‚
1663 1021 1704 1047 di-

182 1071 243 1096 vina
258 1072 432 1106 providentia
448 1080 533 1106 papae
547 1071 635 1105 quinti
652 1079 722 1096 anno
737 1074 814 1096 sexto
825 1090 832 1101 ,
847 1070 873 1095 in
887 1070 1042 1104 praesentia
1058 1069 1109 1095 mei
1124 1069 1224 1094 notarii
1238 1068 1340 1104 publici
1354 1068 1537 1104 infrascripti,
1552 1074 1579 1095 et
1592 1069 1702 1095 testium

177 1117 396 1153 subscriptorum
415 1117 448 1143 ad
467 1117 519 1144 hoc
534 1122 692 1143 vocatorum
711 1121 738 1142 et
755 1121 915 1152 rogatorum
929 1116 1111 1146 constitutus,
1128 1115 1248 1141 Jacobus
1262 1115 1352 1141 dictus
1366 1115 1400 1142 de
1419 1116 1556 1148 Bochoate,
1571 1115 1702 1150 quasdam

176 1165 372 1191 conventiones
385 1170 412 1191 et
425 1169 584 1190 contractus
595 1164 748 1190 celebratos
759 1168 786 1189 et.
796 1163 905 1189 habitos
917 1163 988 1189 inter
1002 1162 1186 1189 venerabilem
1202 1167 1307 1197 patrem
1321 1163 1347 1188 in
1363 1162 1470 1188 Christo
1479 1183 1485 1192 ,
1502 1162 1641 1188 dominum
1657 1162 1706 1188 Jo-

178 1211 295 1237 hannem
307 1232 314 1243 ‚
333 1211 426 1237 divina
446 1211 623 1246 permissione
641 1210 767 1236 abbatem
788 1209 946 1235 monasterii
967 1209 1136 1240 Ninivensis,
1159 1209 1263 1235 ordinis
1281 1209 1575 1242 Praemonstratensis,
1598 1218 1624 1235 es
1650 1218 1705 1235 una

180 1262 275 1292 parte,
295 1263 322 1284 et
343 1257 491 1284 Henricum
511 1257 546 1282 de
564 1256 730 1292 llaffleghem
742 1277 749 1288 ,
771 1255 932 1291 Aegfflium,
956 1255 1109 1281 Johannem
1121 1276 1128 1288 ,
1151 1255 1317 1281 Willelmum
1329 1276 1336 1285 ,
1358 1256 1469 1282 Petrum
1483 1276 1490 1287 ‚
1510 1255 1662 1281 Arnoldum
1677 1261 1705 1281 et

179 1304 310 1330 Jacobum
322 1325 328 1335 2
344 1304 404 1338 ejus
418 1302 534 1335 fratres,
549 1312 581 1329 ex
595 1303 681 1329 altera
693 1324 699 1335 ‚
715 1312 800 1337 super
813 1302 1015 1337 permutatione
1028 1301 1210 1337 quorumdam
1225 1302 1361 1328 bonorum
1375 1303 1401 1327 in
1415 1302 1545 1340 parocbia
1558 1302 1593 1328 de
1608 1302 1704 1328 Fon-dis

174 1351 325 1384 jacentium
336 1371 343 1381 ,
353 1350 495 1376 addictum
503 1349 644 1375 dominum
658 1349 784 1375 abbatem
799 1349 985 1381 Ninivensem,
998 1349 1104 1374 ratione
1116 1349 1272 1374 monasterii
1282 1350 1324 1374 sui
1336 1349 1473 1375 Ninivensi
1487 1349 1684 1384 pertinentium
1695 1360 1701 1383 ς

179 1406 284 1424 necnon
302 1406 386 1432 super
401 1397 603 1432 permutatione
617 1396 798 1431 quarumdam
811 1396 979 1421 decimarum
993 1396 1020 1421 in
1038 1395 1175 1430 parochiis
1188 1395 1222 1421 de
1236 1395 1396 1431 Okenghem
1408 1401 1435 1421 et
1449 1396 1483 1422 de
1498 1396 1705 1431 Yderghemja—

179 1445 299 1471 centium
313 1444 347 1470 ad
361 1445 434 1479 ipsos
449 1443 548 1469 fratres
561 1443 757 1478 pertinentium
770 1463 776 1475 ,
787 1452 856 1477 quas
867 1441 977 1477 quidem
991 1438 1110 1468 decimas
1124 1441 1214 1468 dictus
1229 1441 1363 1468 Henricus
1375 1442 1408 1468 de
1423 1442 1590 1478 Haffleghem
1605 1443 1708 1477 princi-

179 1487 306 1527 paliter'a
320 1491 449 1527 religioso
465 1492 523 1516 viro
538 1490 695 1517 venerando
710 1495 787 1525 patre
800 1490 826 1515 in
842 1489 965 1521 Christo,
985 1488 1077 1514 divina
1099 1489 1278 1524 permissione
1299 1489 1410 1514 domino
1429 1488 1528 1515 abbate
1550 1489 1705 1515 monasterii

180 1539 208 1565 S.
219 1538 331 1565 Adriani
344 1537 620 1569 Geraldimontensis‚
632 1537 743 1563 tenebat
755 1537 782 1562 in
798 1536 907 1562 feodum
918 1556 924 1563 .
935 1535 1071 1561 recitavit.
1082 1535 1143 1570 Quo
1153 1535 1235 1567 sacto,
1251 1535 1341 1560 dictus
1350 1535 1476 1561 dominns
1486 1535 1571 1561 abbas
1584 1535 1708 1561 Geraldi-

179 1585 327 1611 montensis
341 1594 390 1620 per
403 1584 506 1610 dictum
521 1583 655 1609 Jacobum
669 1583 703 1610 de
718 1583 853 1616 Bochoul,
873 1582 917 1608 cui
938 1583 1011 1608 vices
1025 1591 1088 1607 suas
1104 1591 1195 1608 coram
1216 1581 1374 1608 hominibus
1391 1582 1447 1607 suis
1466 1581 1620 1608 feodalibus
1633 1592 1707 1608 com—

180 1633 308 1658 miserato
322 1633 348 1657 in
361 1631 412 1657 hac
426 1636 505 1666 parte
519 1631 642 1657 homines
656 1640 721 1657 suos
736 1630 866 1661 feodales,
883 1629 930 1664 qui
941 1629 975 1654 de
984 1629 1183 1655 consuetudine
1191 1629 1296 1664 patriae
1310 1638 1394 1663 super
1405 1629 1479 1654 dicto
1491 1628 1571 1654 feodo
1580 1629 1706 1663 judicare

179 1683 310 1705 tenentur
323 1683 350 1704 et
364 1678 467 1704 habent
478 1699 484 1709 ‚
499 1678 603 1703 moneri
618 1677 756 1702 mandavit
768 1682 796 1702 et
810 1675 874 1702 fecit
889 1675 1028 1710 quomodo
1041 1680 1069 1701 et
1083 1684 1132 1710 per
1140 1685 1221 1710 quam
1236 1676 1306 1700 viam
1322 1676 1380 1710 ipse
1392 1675 1496 1701 dictum
1509 1675 1649 1701 domiuum
1662 1676 1707 1701 ab·

180 1726 270 1752 batem
284 1725 456 1751 Ninivensem
471 1729 586 1759 propter
599 1724 712 1749 liberam
727 1723 939 1758 resignationem
952 1726 979 1747 et
991 1721 1271 1748 exhaereditationem
1281 1721 1415 1747 dictarum
1428 1722 1594 1748 decimarum
1607 1731 1622 1747 a
1632 1722 1706 1748 dicto

180 1772 298 1798 Henrico
313 1771 346 1797 de
361 1770 526 1806 Haffleghem
540 1775 568 1796 et
585 1770 644 1804 ejus
663 1770 796 1796 fratribus
814 1768 912 1794 factas.
929 1773 1021 1803 posset
1035 1773 1062 1794 et
1073 1768 1190 1794 deberet
1207 1767 1310 1793 dictum
1331 1768 1470 1794 dominum
1488 1769 1615 1794 abbatem
1633 1769 1707 1795 Nini-

180 1827 289 1845 vensem
304 1817 454 1844 secundum
471 1817 576 1852 patriae
591 1816 819 1842 consuetudinem
836 1816 862 1841 in
876 1815 955 1841 dictis
974 1815 1053 1841 bonis
1067 1814 1221 1840 feodalibus
1238 1814 1368 1840 investire
1387 1819 1414 1839 et
1432 1814 1630 1841 adhaeredare.
1653 1816 1704 1850 Qui

180 1866 291 1901 quidem
309 1865 432 1890 homines
447 1863 568 1890 feodales
587 1864 620 1889 ad
641 1864 871 1895 submonitionem
886 1863 952 1889 dicti
967 1863 1075 1892 Jacobi,
1096 1867 1154 1887 tum
1174 1862 1247 1887 vices
1260 1861 1325 1886 dicti
1339 1861 1441 1887 domini
1457 1862 1564 1888 abbatis
1584 1862 1707 1889 Geraldi-

180 1913 329 1938 montensis
338 1932 344 1944 ‚
354 1916 385 1937 ut
396 1902 499 1937 dicium
511 1916 553 1937 est
562 1931 568 1941 ,
583 1911 713 1947 gerentis,
728 1915 755 1936 et
771 1910 822 1936 sibi
834 1919 917 1945 super
933 1910 983 1936 hoc
997 1918 1140 1935 concessas
1151 1908 1308 1943 specialiter
1321 1908 1354 1933 ab
1367 1908 1461 1934 eodem
1471 1929 1478 1941 ,
1490 1909 1685 1942 judicaverunt
1699 1931 1705 1937 .

179 1959 253 1995 quod
267 1959 357 1984 dictus
371 1957 506 1984 Henricus
518 1958 673 1993 homagium
684 1977 691 1988 ‚
707 1956 857 1982 dominium
869 1977 875 1988 9
892 1957 1091 1991 proprietatem
1104 1960 1131 1981 et
1139 1963 1218 1980 omne
1228 1954 1276 1988 jus
1288 1955 1362 1989 quod
1376 1954 1492 1980 haberet
1504 1956 1530 1980 in
1545 1955 1624 1981 dictis
1636 1956 1706 1982 deci-

183 2007 247 2038 mis,
263 2006 289 2031 in
305 2014 401 2031 manus
413 2004 478 2030 dicti
492 2004 586 2030 Jacobi
601 2004 634 2029 ad
648 2012 718 2039 opus
732 2003 797 2029 dicti
811 2002 913 2028 domini
928 2003 1036 2028 abbatis
1046 2002 1197 2027 Ninivensis
1208 2006 1380 2035 reportaret,
1397 2006 1424 2027 et
1437 2001 1562 2027 similiter
1576 2002 1636 2036 ejus
1651 2001 1706 2027 sra-

180 2059 246 2079 tres.
257 2053 317 2088 Quo
329 2051 412 2083 facto,
424 2052 488 2077 dicti
498 2051 622 2077 homines
633 2050 752 2076 feodales
763 2050 1095 2083 ulteriusjudicaverunt,
1105 2048 1179 2083 quod
1188 2048 1279 2074 dictus
1288 2048 1421 2074 Hem-icus
1429 2057 1484 2073 una
1497 2057 1558 2074 cum
1573 2048 1706 2074 fratribus

181 2101 238 2126 suis
246 2099 392 2135 praedictis
401 2119 409 2131 ,
418 2098 498 2124 dictis
511 2098 589 2124 bonis
598 2098 759 2123 renuntiare
771 2097 885 2123 deberet
894 2101 921 2122 et
929 2105 960 2122 ea
969 2096 1084 2131 werpire
1093 2095 1190 2130 primo⁷
1203 2094 1323 2120 secundo
1331 2100 1357 2119 et
1368 2095 1449 2120 tertio
1460 2094 1493 2120 ad
1504 2104 1573 2129 opus
1581 2094 1646 2121 dicti
1658 2095 1707 2121 do-

181 2147 246 2173 mini
258 2146 364 2172 abbatis
376 2145 544 2175 Ninivensis,
557 2149 584 2170 et
596 2143 720 2170 similiter
733 2142 875 2169 domicella
890 2142 1034 2169 Gertrudis
1045 2163 1051 2174 ‚
1067 2151 1162 2168 eorum
1176 2146 1263 2167 mater
1272 2162 1278 2173 ⁷
1294 2150 1374 2166 usum
1387 2140 1506 2166 fructum
1519 2150 1600 2176 quem
1610 2142 1636 2167 in
1652 2151 1707 2167 me-

182 2194 284 2220 dietate
297 2192 433 2218 dictarum
447 2191 614 2217 decimarum
629 2190 732 2216 habere
748 2190 908 2222 dicebatur,
925 2190 1011 2215 libere
1028 2190 1181 2225 resignaret
1200 2193 1227 2214 et
1245 2189 1366 2223 quitaret
1382 2188 1414 2214 ad
1434 2198 1503 2223 opus
1523 2188 1587 2215 dicti
1605 2188 1706 2215 domini

182 2239 290 2266 abbatis
304 2238 456 2264 Ninivensis
467 2257 474 2269 ,
488 2242 515 2265 et
526 2237 583 2271 juri
597 2246 647 2263 suo
658 2257 664 2269 ‚
681 2236 789 2271 siquod
803 2236 830 2261 in
845 2236 945 2262 eisdem
964 2236 1042 2261 bonis
1061 2235 1191 2267 baberet,
1208 2235 1389 2260 renuntiaret.
1409 2234 1514 2269 Quibus
1534 2235 1572 2261 sic
1586 2235 1652 2261 actis
1672 2236 1706 2261 ab

182 2286 288 2317 eadem,
297 2284 485 2320 perjudicium
495 2283 631 2309 dictorum
639 2282 1022 2314 hominumseodalium‚dicta
1031 2281 1176 2308 domicella
1184 2280 1436 2314 Gertrudisjuravit
1445 2281 1509 2313 fide,
1519 2282 1707 2315 ctjuramento

180 2341 265 2368 super
272 2331 324 2357 hoc
332 2330 514 2365 corporaliter
524 2330 662 2364 praestitis
672 2330 706 2355 ab
715 2329 809 2355 eadem
821 2328 885 2354 mihi
898 2329 1005 2354 notario
1017 2327 1193 2363 infrascripto
1206 2328 1349 2363 stipulanti
1364 2332 1392 2354 et
1401 2329 1543 2363 recipienti
1552 2329 1670 2361 nomine,
1680 2334 1707 2355 et

181 2379 215 2405 ad
230 2387 300 2414 opus
312 2377 376 2404 dicti
390 2377 493 2403 domini
505 2376 611 2402 abbatis
625 2376 777 2402 Ninivensis
791 2380 818 2401 ct
832 2376 952 2401 omnium
967 2384 1085 2411 quorum
1100 2375 1233 2401 interesse
1249 2379 1338 2409 potest
1348 2395 1355 2406 2
1371 2374 1445 2410 quod
1462 2375 1489 2400 in
1503 2374 1583 2401 dictis
1596 2375 1707 2402 decimis

181 2425 332 2459 nihiljuris
345 2424 378 2450 de
392 2429 502 2450 caetero
516 2423 694 2455 reclamaret,
708 2431 908 2458 recognoscens
922 2431 950 2449 se
964 2422 1022 2448 sore
1034 2431 1082 2457 per
1095 2421 1147 2448 alia
1161 2421 1232 2448 bona
1246 2426 1434 2456 competenter
1445 2422 1600 2448 restitutam
1614 2427 1642 2448 et
1654 2431 1709 2448 res-

180 2476 327 2498 tauratam.
346 2471 452 2506 Quibus
469 2470 507 2496 sic
521 2470 587 2496 actis
601 2469 722 2505 legitime
734 2478 784 2505 per
798 2468 933 2503 judicium
948 2469 1088 2496 hominum
1104 2468 1251 2495 feodalium
1265 2468 1329 2495 dicti
1344 2468 1445 2495 domini
1460 2469 1567 2495 abbatis
1585 2468 1708 2496 Geraldi-
