2137 3131
413 395 478 429 1-20
749 391 924 427 CORPUS
950 390 1281 425 CHRONICORUM
1310 389 1573 425 FLANDRIAE.

463 504 561 536 Anno
577 501 697 542 CXIX,
717 499 889 532 Adrianus
906 499 971 532 fuit
989 499 1193 544 imperator,
1215 499 1276 544 qui
1291 498 1482 531 Jerusalem
1498 499 1580 531 fecit.
1597 499 1750 544 reparari
1768 506 1802 532 et
1817 500 1926 532 muris

412 559 621 595 circumdari
637 565 668 590 et
690 557 799 590 multa
820 557 909 590 mala
923 556 1160 590 fecitJudaeis
1177 569 1240 602 pro
1261 563 1374 589 morte
1396 557 1534 590 Domini
1555 557 1663 590 nostri
1683 557 1762 590 Jesu
1783 556 1923 591 Christi.

463 620 560 652 Anno
586 615 771 658 (LXXXIV,
794 614 989 649 Alexander
1008 614 1074 648 fuit
1098 627 1206 659 papa7
1228 615 1289 660 qui
1310 615 1433 648 missae
1452 614 1590 648 addidit
1608 614 1822 649 dominicam
1847 628 1927 649 ora—

412 678 541 710 tionem
566 681 600 706 et
619 673 771 706 instituit
789 673 863 706 fieri
885 685 1015 719 aquam
1038 671 1283 713 benedictam3
1308 680 1342 706 et
1365 673 1433 706 fuit
1454 680 1599 718 martyr.

461 736 559 767 Anno
575 732 743 775 CXXXV.
761 739 902 766 sanctus
922 732 1038 765 Sixtns
1058 731 1125 765 fuit
1144 744 1254 776 papa„
1272 731 1333 776 qui
1348 732 1500 765 instituit
1516 731 1614 778 quod
1631 732 1747 765 nullus
1767 739 1927 779 tangeret

411 805 462 825 res
480 791 745 833 ecclesiasticas„
762 791 827 824 nisi
843 797 998 825 sacratus
1016 797 1077 824 aut
1092 790 1257 832 clericus7
1279 796 1314 823 et
1327 790 1479 824 instituit
1494 791 1529 823 in
1547 791 1649 824 missa
1669 791 1786 824 dicere
1805 804 1810 823 z
1829 804 1927 824 sanc—

408 857 481 892 luss,
502 856 662 892 sanetus,
684 855 840 883 sanctus.

458 909 559 941 Anno
574 907 750 941 CXXXIX
762 934 770 950 a
789 914 951 941 mortuus
969 913 1021 940 est
1040 906 1215 940 Adrianus
1234 906 1427 952 imperator
1439 934 1447 950 ,
1468 908 1524 940 cui
1544 907 1743 941 Antoninus
1762 908 1927 941 successit

408 966 698 1014 benignissinms,
721 966 782 1011 qui
802 965 950 999 absolut
968 965 1087 999 omnia
1105 964 1225 999 debita
1243 972 1278 998 et
1296 966 1379 999 fecit
1398 966 1561 999 comburi
1580 978 1702 999 omnes
1720 966 1842 999 tallias.

457 1026 557 1058 Anno
574 1024 722 1068 CXLIV.
741 1025 977 1070 Telesphorus
992 1025 1060 1058 fuit·
1075 1036 1182 1070 papa.
1203 1025 1264 1070 qui
1279 1024 1431 1057 instituit
1445 1025 1481 1057 in
1496 1024 1686 1059 dienatalis
1703 1026 1841 1059 Domini
1858 1032 1927 1058 tres

408 1085 527 1117 missas
550 1084 666 1117 dicere
685 1084 878 1127 solemnes3
904 1096 1012 1117 unam
1032 1083 1067 1116 in
1086 1090 1189 1117 nocte
1209 1090 1289 1117 ante
1310 1083 1430 1116 laudes
1450 1084 1658 1127 matutinas7
1681 1090 1715 1117 et
1733 1083 1926 1117 secundam

408 1144 443 1176 in
464 1143 549 1176 lucis
564 1155 690 1176 aurora
701 1169 709 1185 7
726 1148 761 1175 et
775 1143 915 1175 tertiam
931 1142 966 1175 in
981 1141 1058 1185 die.
1081 1148 1115 1175 et.
1128 1141 1227 1188 quod
1246 1141 1523 1189 Quadragesima
1539 1141 1636 1174 fleret
1655 1149 1735 1175 ante
1750 1142 1883 1175 Pascha
1898 1142 1922 1174 ¹.

456 1203 558 1235 Anno
572 1201 625 1235 CL
635 1228 643 1244 Ἴ
662 1200 873 1234 Plutarchus
888 1200 1122 1246 philosophus
1133 1200 1215 1233 fecit
1223 1213 1336 1233 unum
1347 1200 1477 1233 librum
1488 1212 1594 1246 quem
1610 1199 1709 1234 dedit
1722 1201 1927 1246 imperatori

408 1260 572 1305 Trajano,
590 1267 624 1293 et
642 1272 705 1305 per
722 1259 921 1293 doctrinam
940 1259 976 1292 in
996 1259 1085 1292 libro
1104 1265 1306 1292 contentam
1326 1259 1519 1304 imperator
1532 1259 1677 1293 effectus
1695 1266 1747 1293 est
1764 1260 1928 1294 christia-

409 1330 474 1352 nus
487 1345 495 1361 7
518 1318 611 1352 mitis
630 1325 665 1351 et
683 1318 869 1366 gratiosus.

456 1378 557 1410 Anno
573 1377 670 1419 CLV,
688 1383 829 1410 sanctus
843 1377 1019 1425 Hyginus7
1038 1390 1129 1423 papa
1145 1384 1179 1410 et
1194 1383 1342 1423 martyr,
1360 1376 1482 1410 statuit
1501 1383 1535 1409 et
1553 1376 1719 1410 stabilivit
1733 1377 1769 1410 in
1784 1378 1927 1411 ecclesia

407 1436 549 1470 clericos
569 1448 632 1482 per
649 1442 759 1469 status
772 1463 780 1479 7
802 1448 865 1482 per
883 1435 1014 1484 gradus
1033 1443 1068 1469 et.
1086 1436 1288 1483 dignitates.

458 1495 557 1528 Anno
584 1494 704 1527 CLXX
718 1521 726 1537 7
755 1494 911 1528 Soterius
934 1506 1024 1540 papa
1047 1494 1169 1528 statuit
1188 1493 1286 1539 quod
1309 1493 1476 1527 moniales
1499 1505 1570 1526 non
1592 1499 1779 1541 tangerent
1804 1494 1923 1527 altare.

456 1553 556 1586 Anno
587 1552 760 1596 CLXXX„
790 1553 857 1586 fuit
883 1560 1023 1587 sanctus
1049 1553 1271 1586 Eleutherius
1301 1564 1390 1597 papa
1418 1558 1453 1585 et
1484 1558 1630 1597 martyr.
1659 1552 1740 1593 Quo
1766 1559 1926 1598 tempore

407 1612 552 1653 Lucius7
574 1624 633 1645 rex
654 1612 875 1654 Britanniae,
897 1611 1029 1656 recepit
1048 1611 1091 1644 ab
1111 1610 1236 1644 eodem
1258 1610 1371 1657 legem
1397 1610 1636 1643 christianam.

454 1671 555 1704 Anno
578 1670 776 1713 CLXXXV,
805 1671 872 1703 fuit
900 1670 1088 1703 concilium
1120 1668 1216 1715 apud
1243 1668 1445 1702 Caesaream
1472 1668 1649 1701 civitatem
1675 1669 1766 1702 circa
1795 1670 1925 1703 festum

407 1729 560 1762 Paschae
573 1756 581 1772 7
603 1735 637 1761 et.
655 1729 703 1762 ibi
722 1728 790 1762 fuit
808 1727 1012 1762 ordinatum
1026 1727 1187 1761 divinum
1204 1726 1359 1760 officium
1379 1726 1469 1759 sicut
1488 1725 1596 1759 modo
1616 1726 1825 1760 celebratur.

455 1788 556 1821 Anno
576 1787 661 1821 CCII
676 1815 684 1831 7
706 1788 843 1830 Victor„
868 1799 959 1832 papa
981 1793 1017 1820 et
1034 1793 1189 1832 martyr7
1213 1785 1335 1819 statuit
1354 1785 1391 1818 in
1413 1785 1618 1818 necessitate
1641 1785 1792 1818 infantes
1817 1786 1929 1832 bapti-

406 1847 474 1880 zari
494 1847 628 1892 ubique
650 1853 685 1879 et
708 1846 805 1879 omni
825 1858 916 1891 aqua
929 1872 937 1886 ἢ
959 1845 1065 1878 etiam
1087 1851 1183 1878 extra
1203 1842 1377 1877 ecclesias.

453 1906 554 1939 Anno
575 1905 705 1947 CCXV,
732 1904 975 1950 Zephyrinus,
997 1916 1088 1949 papa
1107 1910 1141 1937 et
1160 1909 1314 1948 martyr7
1336 1902 1458 1935 statuit
1484 1900 1583 1947 quod
1610 1902 1806 1947 presbyteri
1829 1901 1928 1935 ordi-

404 1971 574 1997 narentur
593 1963 794 1997 videntibus
817 1962 1001 2005 omnibus7
1028 1968 1063 1995 et.
1082 1961 1180 2008 quod
1202 1974 1222 1995 a
1240 1959 1481 1995 sacerdotibus
1501 1960 1625 1993 missae
1644 1972 1784 2005 semper
1801 1959 1928 1994 stando

407 2022 682 2056 celebrarentur.

455 2081 555 2114 Anno
575 2080 745 2114 CCXXIII
761 2107 769 2123 7
797 2079 967 2122 Calixtus7
990 2090 1080 2125 papa
1104 2084 1139 2111 et
1157 2085 1312 2124 martyr,
1337 2077 1458 2111 statuit
1476 2076 1575 2123 quod
1597 2083 1722 2123 quater
1746 2077 1783 2110 in
1805 2089 1899 2110 anno
1917 2104 1924 2120 a

404 2139 439 2172 in
456 2140 615 2172 terminis
638 2139 768 2173 vocatis
790 2144 944 2184 quatuor
964 2144 1145 2183 tempora7
1172 2136 1293 2169 fideles
1314 2148 1437 2169 omnes
1455 2135 1676 2181 jejunarent,
1698 2147 1762 2169 nec
1784 2135 1928 2183 frange-

408 2204 485 2231 rent.
502 2197 596 2231 istud
609 2198 806 2243 jejunium3
824 2197 975 2230 maxime
993 2209 1011 2230 a
1031 2195 1167 2230 cunctis
1186 2202 1336 2229 aetatem
1351 2195 1565 2229 habentibus
1580 2201 1614 2228 et
1632 2194 1697 2228 nisi
1712 2206 1774 2239 per
1788 2206 1927 2228 causan]

406 2256 648 2290 rationabilem
667 2256 737 2289 sint
756 2256 924 2290 excusati.

457 2314 557 2347 Anno
580 2314 765 2357 ccxxvi,
791 2314 860 2347 fuit
883 2312 1078 2347 Alexander
1101 2314 1314 2359 imperator,
1343 2324 1415 2358 quo
1440 2318 1601 2357 tempore
1628 2311 1800 2359 Origenes
1822 2311 1866 2344 ab
1885 2322 1926 2343 eo

404 2373 472 2406 fuit
496 2373 800 2418 quamplurimum
820 2372 1028 2406 honoratus.
1053 2372 1155 2405 Anno
1179 2371 1237 2405 illo
1264 2377 1339 2404 erat
1362 2382 1453 2416 papa
1476 2370 1640 2404 Urbanus
1661 2369 1724 2416 qui
1746 2369 1814 2402 fuit
1830 2380 1928 2402 mar-

444 2459 449 2475 ¹
475 2458 558 2483 §Iulia
572 2458 597 2483 in
614 2457 655 2482 his
673 2462 700 2482 et
716 2457 850 2483 similibus
867 2457 1012 2483 historicae
1028 2457 1137 2483 veritati
1188 2457 1311 2483 Martene
1326 2466 1332 2482 :
1349 2455 1387 2481 De
1401 2455 1520 2490 antiquis
1535 2455 1657 2481 ecclesiae
1672 2453 1778 2479 ritibus.

404 2504 563 2538 contrariis,
579 2503 720 2530 emendata
733 2503 855 2530 invenies
866 2504 891 2529 in
902 2512 987 2538 opere
1003 2503 1138 2529 Edmundi
