2118 3184
759 376 1047 413 APPENDICES.
1601 381 1670 417 839

841 494 981 529 CXXII.

150 578 280 614 L’ahhe'
297 580 415 614 Baoul
432 579 518 628 rciyle
540 581 586 615 les
603 583 868 616 annium-salros
888 582 929 616 de
951 582 1128 629 l’abbaye,
1153 583 1298 630 indique
1316 597 1352 619 ce
1374 588 1440 631 qui
1456 598 1537 620 sera
1558 586 1676 620 donne

567 652 666 686 pom·
683 639 834 673 chacun.
852 660 900 665 —-
916 642 1068 675 Arruns
1087 653 1244 676 mvenszs.

874 794 935 817 1:21⁴.)

187 866 217 892 In
232 866 341 893 nomine
351 872 461 893 sanctae
472 872 499 893 et
514 865 672 893 individuae
687 867 841 893 Trinitatis.
860 866 916 903 Ego
929 867 1064 893 Radull'us
1076 888 1082 900 ‚
1099 867 1148 894 Dei
1161 869 1249 904 gratia
1261 869 1413 897 Ninivensis
1426 870 1555 897 ccclesiae
1567 871 1651 897 abbas
1663 892 1669 903 ‚

148 913 276 940 omnihus
294 913 346 940 hoc
359 914 492 949 scriptum
507 913 630 940 lecturis.
648 914 746 939 Notum
762 913 845 947 facio,
859 913 933 949 quod
947 919 1063 950 propter
1077 915 1251 942 nutriendam
1265 926 1359 952 pacem
1372 922 1399 943 et
1414 918 1587 944 concordiam
1599 918 1672 945 inter

149 961 248 987 tratres
257 982 264 992 ,
279 962 480 987 anniversarios
490 961 548 988 dies
561 961 755 987 defunctorum
769 961 816 996 qui
826 970 876 996 per
890 962 1100 994 intercessores,
1115 962 1157 988 vel
1172 972 1221 998 per
1231 973 1273 989 mc
1286 969 1351 990 suut
1362 965 1499 997 annotati,
1515 970 1545 991 ut
1555 966 1670 992 officium

149 1017 200 1043 pro
208 1007 346 1034 defunctis
359 1008 486 1035 devotius
498 1009 524 1034 in
539 1008 638 1039 choro,
653 1013 681 1035 et
694 1009 825 1044 pietantia
839 1008 973 1034 fratribus
990 1008 1104 1035 uberius
1115 1010 1195 1036 fieret
1206 1012 1232 1036 in
1247 1011 1395 1038 refectorio
1404 1033 1411 1044 ‚
1426 1013 1452 1038 in
1461 1022 1547 1039 unum
1559 1013 1670 1050 collegi,

147 1055 182 1081 de
195 1056 333 1082 communi
346 1065 481 1082 consensu
497 1056 614 1082 fratrum
628 1056 655 1082 in
670 1055 783 1082 consilio
796 1055 898 1082 domini
915 1056 942 1082 J.
957 1056 992 1082 de
1006 1057 1091 1083 Pareo
1101 1078 1108 1089 ,
1127 1058 1228 1092 prioris
1241 1059 1364 1092 abbatis,
1380 1065 1407 1086 et
1424 1070 1475 1096 pro
1490 1061 1532 1087 his
1545 1062 1672 1088 omnibus

148 1103 283 1139 assignavi
292 1104 377 1139 priori
387 1109 414 1130 et
425 1104 573 1131 conventui
582 1109 686 1139 septem
698 1103 783 1129 libras
794 1108 905 1138 praeter
915 1104 1039 1139 quinque
1050 1103 1151 1131 solidos
1162 1106 1333 1141 recipiendas
1345 1107 1372 1133 in
1383 1116 1466 1134 censu
1479 1108 1553 1143 apud
1565 1108 1670 1143 Itoslarl.

146 1149 254 1176 infesto
268 1150 341 1177 beati
352 1151 483 1186 Stephani
493 1172 500 1183 ,
514 1157 546 1178 ut
559 1159 621 1177 cum
634 1151 814 1177 anniversarii
828 1150 886 1176 dies
899 1151 1040 1177 subnotati
1052 1151 1103 1177 sibi
1114 1153 1314 1185 successerint,
1326 1153 1459 1180 fratribus
1471 1155 1603 1190 pietantia
1616 1157 1671 1191 pis-

145 1198 218 1224 cium
234 1203 262 1224 et
274 1199 330 1224 vini
343 1199 454 1234 copiose
467 1198 567 1225 debeat
579 1198 642 1225 inde
658 1198 813 1233 procurari.
833 1197 950 1233 Insuper
966 1198 1048 1224 etiam
1063 1199 1151 1233 adjeci
1164 1200 1327 1234 particulam
1340 1201 1460 1228 decimae
1471 1223 1477 1234 ‚
1492 1212 1574 1238 quam
1586 1202 1670 1229 habui

147 1244 221 1280 apud
233 1245 411 1272 Holebeccam
422 1266 428 1277 ,
441 1254 611 1272 communem
624 1254 686 1271 cum
701 1244 804 1270 decima
817 1254 888 1280 quae
898 1245 1041 1270 minutioni
1054 1244 1170 1272 fratrum
1184 1251 1225 1272 est
1236 1248 1383 1283 assignata.
1398 1248 1431 1274 Et
1444 1258 1478 1275 ne
1490 1248 1562 1276 sorte
1572 1271 1578 1282 ,
1594 1251 1669 1285 quod

145 1292 233 1324 absit,
257 1291 356 1327 aliquis
378 1301 567 1318 successorum
588 1300 712 1318 meorum
737 1296 840 1317 temere
865 1296 981 1317 attentet
1002 1292 1028 1317 in
1050 1297 1191 1327 posterum
1202 1313 1210 1325 ‚
1231 1294 1258 1319 in
1279 1294 1434 1329 periculum
1451 1296 1557 1323 animae
1584 1306 1650 1324 suae
1662 1319 1667 1324 .

146 1338 279 1365 fratribus
293 1338 364 1365 hanc
377 1339 588 1375 assignationem
599 1338 765 1365 subtrahere
777 1337 819 1364 vel
833 1338 996 1365 imminuere
1005 1359 1012 1371 ‚
1027 1339 1100 1365 bona
1113 1349 1184 1375 quae
1197 1349 1248 1375 per
1260 1349 1307 1367 eos
1320 1350 1440 1377 quorum
1453 1343 1668 1371 anniversarium

144 1386 215 1412 diem
226 1385 397 1413 celebramus
405 1407 412 1415 ,
425 1386 503 1411 nobis
513 1390 577 1412 sunt
585 1384 694 1417 collata⁷
707 1390 735 1411 et
743 1384 777 1410 ad
787 1384 990 1411 observandum
1005 1386 1223 1413 anniversarium
1235 1387 1382 1423 assignata,
1396 1388 1519 1416 breviter
1532 1390 1613 1417 libuit
1624 1402 1669 1418 an-

145 1434 247 1460 notari.
259 1433 312 1460 Pro
324 1433 433 1460 domino
447 1433 478 1459 E.
495 1433 642 1469 Radulpho
654 1432 679 1459 xl
693 1432 807 1458 bonaria
821 1433 940 1458 nemoris
950 1432 1024 1468 apud
1034 1433 1153 1459 Bochout
1163 1445 1171 1465 ‚·
1180 1443 1230 1469 pro
1239 1434 1350 1461 domino
1364 1435 1523 1472 Ingelberto
1534 1437 1568 1464 de
1579 1438 1669 1464 Aden-

145 1481 226 1518 ghem
235 1486 356 1516 quatuor
365 1481 478 1507 bonaria
490 1485 580 1507 terrae
589 1480 663 1516 apud
674 1479 803 1510 Har-them
814 1489 865 1515 pro
875 1479 985 1506 domino
995 1480 1062 1506 Gen.
1074 1485 1102 1506 et
1111 1480 1244 1515 Arnoldo,
1254 1482 1411 1516 abbatibus,
1421 1485 1544 1519 quintam
1555 1486 1667 1521 garbam

145 1529 219 1565 apud
237 1528 370 1555 Strithem
383 1539 390 1562 ;
407 1537 458 1563 pro
470 1527 590 1554 Henrico
607 1527 779 1563 lVerreqan-en
790 1547 797 1559 ‚
812 1527 927 1561 juniore
938 1547 945 1559 ‚
964 1537 981 1553 x
998 1537 1119 1562 marcas3
1137 1538 1188 1564 pro
1202 1529 1319 1565 Hugone
1334 1529 1446 1566 Losqart
1461 1537 1488 1557 et
1503 1531 1550 1558 Ida
1561 1553 1567 1565 ,
1585 1542 1669 1559 uxore

143 1585 193 1603 sna
204 1597 211 1609 ‚
227 1585 243 1602 x
262 1575 363 1610 libras3
382 1584 433 1611 pro
449 1575 561 1601 domino
576 1574 698 1601 Gerardo
713 1574 747 1600 de
761 1574 930 1610 Grimbergis
950 1579 978 1601 et
997 1575 1099 1608 Alicia,
1117 1585 1202 1602 uxore
1224 1586 1288 1609 sua,
1309 1587 1358 1603 nx
1372 1577 1471 1614 libras3
1487 1589 1538 1614 pro
1557 1580 1667 1607 domino

146 1622 260 1650 Arnoldi
273 1623 308 1649 de
326 1622 496 1659 Grimbergis
509 1632 560 1648 xxv
578 1622 680 1657 libras;
701 1631 752 1658 pro
766 1621 876 1648 domina
893 1622 1000 1659 virgine
1016 1623 1050 1649 de
1064 1623 1178 1650 Hersela
1196 1624 1214 1658 ij
1236 1624 1350 1651 bonaria
1365 1630 1472 1661 terrae;
1490 1636 1540 1662 pro
1558 1627 1667 1655 domina

143 1671 302 1707 Margareta
311 1671 345 1697 de
358 1670 478 1703 Altodio,
491 1671 508 1704 ij
523 1670 637 1696 bonaria
650 1675 758 1705 terrae3
777 1679 828 1705 pro
848 1669 957 1696 domina
972 1670 1110 1698 Elisabeth
1120 1693 1127 1704 ‚
1147 1673 1300 1706 comitissa,
1316 1683 1331 1699 x
1345 1683 1466 1710 marcas3
1485 1685 1536 1710 pro
1557 1676 1666 1703 domino

145 1717 253 1750 Radul,
269 1718 393 1750 notario,
409 1722 436 1743 et
450 1718 535 1744 Maria
548 1717 582 1744 de
593 1717 755 1753 Popperode
765 1737 772 1749 ‚
788 1716 845 1743 filia
855 1717 928 1751 ejus,
950 1718 967 1752 ij
984 1718 1097 1745 bonaria
1112 1723 1214 1746 terrae.
1228 1720 1264 1745 Ut
1277 1725 1368 1746 autem
1381 1720 1448 1748 haec
1463 1727 1521 1748 rata
1534 1728 1561 1749 et
1574 1724 1665 1750 incon-

144 1765 221 1793 vulsa
236 1770 430 1801 permaneant,
447 1765 581 1801 scriptum
594 1764 646 1791 hoc
664 1764 769 1800 placuit
782 1764 871 1802 sigillo
882 1769 977 1792 nostro
992 1765 1118 1792 roborari
1134 1771 1162 1792 et
1174 1767 1346 1794 auctorisari.
1361 1768 1459 1795 Actum
1473 1779 1545 1796 anno
1559 1770 1667 1797 Domini

143 1813 285 1841 MCCXIX.

833 2018 990 2054 CXXIII.

191 2108 274 2143 Acte
291 2107 380 2141 d’un
406 2106 554 2154 e'chanqe
579 2107 619 2141 de
635 2113 745 2141 terres
761 2113 858 2141 entre
885 2107 905 2140 Γ
906 2108 1040 2154 abbaye
1066 2108 1107 2142 de
1129 2107 1267 2143 Nineve
1292 2115 1325 2143 et
1346 2109 1374 2144 le
1396 2110 1554 2158 chapz'tre
1569 2113 1611 2147 de

691 2165 882 2201 Meerheke.
905 2187 952 2192 —
970 2166 1111 2201 Nmovr.

414 2218 430 2228 o

773 2336 790 2357 A
806 2334 946 2364 Mem-beke,
961 2336 1033 2359 1220.

181 2405 238 2441 Ego
249 2405 411 2441 Radulphus
420 2426 427 2437 ‚
441 2405 525 2432 abbas
535 2406 569 2432 de
580 2405 675 2432 Ninive
683 2406 862 2442 ejusdemque
873 2406 924 2433 loci
935 2413 1086 2434 conventus
1096 2429 1103 2441 ,
1115 2413 1143 2435 et
1154 2400 1353 2437 Merbeccensis
1360 2411 1490 2438 ecclesiae
1498 2414 1662 2448 capitulum.

142 2452 270 2479 omnibus
283 2452 334 2479 hoc
349 2452 481 2488 scriptum
496 2453 672 2488 inspecturis.
689 2453 788 2479 Notum
805 2453 919 2480 facimus
930 2474 937 2486 ‚
953 2454 1028 2490 quod
1042 2454 1076 2481 de
1089 2456 1226 2482 communi
1240 2465 1375 2484 consensu
1389 2459 1536 2494 utriusque
1549 2461 1662 2496 capituli

142 2499 288 2536 quamdam
301 2499 541 2526 commutationem
562 2499 691 2533 fecimus,
711 2500 737 2526 in
758 2499 832 2527 hunc
848 2501 956 2528 modum
972 2511 979 2527 ε
994 2501 1122 2528 dominus
1140 2502 1319 2539 ffidulphus,
1336 2504 1420 2531 abbas
1433 2505 1467 2532 de
1484 2506 1591 2542 Ninive,
1611 2509 1662 2534 tria
