2118 3184
434 396 696 432 CHRONICON
728 396 942 431 BALDUINI
971 396 1274 431 Nixovissxsis.
1336 371 1347 383 l
1547 396 1616 431 7323

95 511 252 539 ventrem
274 505 451 552 integrum
466 506 510 538 ab
530 505 605 550 ipso
625 511 784 551 pectore„
808 505 954 538 inferius
969 517 1081 551 usque
1100 504 1145 539 ad
1160 504 1369 538 umbilicum
1389 510 1614 545 concretumf

95 564 140 598 ab
157 564 325 598 umbilico
340 576 422 598 vero
441 571 475 597 et
495 564 585 597 infra
604 564 764 597 similiter
785 563 1006 610 duplicatum
1023 571 1056 597 ct
1076 570 1275 610 separatum
1288 591 1295 604 ,
1315 563 1446 597 scilicet
1461 569 1616 609 quatuor

96 635 199 658 crura
217 635 298 657 cum
314 622 460 656 totidem
477 621 647 668 pedibus.
668 621 741 655 duo
760 622 926 668 pudenda
947 623 1130 656 muliebria
1147 623 1355 661 habentem,
1375 629 1409 655 et
1424 622 1486 655 iste
1502 622 1616 655 foetus

96 682 141 716 ab
164 681 352 716 obstetrice
379 681 574 726 baptizatus
598 693 678 714 mox
701 679 892 715 defunctus
915 688 978 715 est.
1010 681 1121 715 Mater
1147 689 1263 715 tamen
1292 680 1484 727 supervixit
1513 686 1547 713 et
1573 679 1617 714 de

97 741 172 787 ipso
191 746 295 786 partu
315 739 505 773 convaluit.
854 735 856 737 ’
1142 784 1146 787 7

145 799 247 832 Anno
267 798 406 831 Domini
428 796 675 837 MCCCLXHI„
700 798 734 831 in
755 798 907 831 crastino
932 798 1132 833 Gertrudis.
1158 798 1325 833 dominus
1349 798 1523 846 Sygcrus.
1549 797 1618 831 (lo—

97 857 215 890 minus
235 855 280 889 de
299 855 524 903 Eedz'ugslien,
545 856 708 902 princeps
728 856 887 899 illustris„
911 857 962 890 vir
982 858 1175 900 formosus7
1198 858 1304 891 armis
1326 863 1508 899 strcnuus7
1533 868 1617 902 cap-

97 921 154 949 tus
170 921 223 949 est
244 915 288 949 ab
309 915 452 949 Alberto
470 914 581 957 duce2
603 915 711 948 fratre
733 916 907 949 Guillelmi
921 943 928 949 .
955 917 1092 950 comitis
1112 917 1316 950 Hannoniae
1334 923 1369 949 et
1389 915 1593 949 Hollandiae
1606 943 1614 957 7

96 973 159 1020 qui
183 985 301 1008 comes
322 973 389 1007 fuit
412 980 445 1007 et
464 973 576 1019 jacuit
603 973 637 1006 in
660 973 739 1007 villa
762 972 806 1007 dc
831 973 896 1007 Aet
922 981 1089 1021 tanquam
1115 974 1345 1008 furibundus.
1378 974 1478 1008 Tunc
1501 973 1617 1008 dictus

97 1032 265 1067 dominus
289 1032 444 1080 Sygerus
465 1033 501 1066 in
525 1032 674 1066 Kez'noet
694 1039 848 1066 castrum
869 1032 1016 1068 ductus.
1042 1040 1121 1079 post
1145 1033 1304 1067 triduum
1331 1032 1448 1081 gladio
1478 1032 1617 1078 capitali

98 1091 322 1125 truncatione
339 1090 588 1125 damnabiliter
606 1089 800 1124 suffocatus
818 1097 869 1124 est
886 1091 909 1124 ¹.

318 1209 574 1256 Recapz'tulalc'o
599 1211 761 1242 omnium
786 1209 954 1243 abbatam
980 1209 1137 1243 ecclesiae
1164 1208 1381 1242 le'nz'vense's.

147 1303 250 1336 Anno
265 1300 405 1334 Domini
417 1299 643 1334 MCXXXVII
655 1326 663 1342 7
682 1299 818 1346 primus
832 1299 996 1333 ecclesiae
1012 1299 1208 1333 Ninivensis
1223 1299 1366 1348 eligitur
1380 1301 1488 1334 abbas
1507 1301 1619 1335 domi-

97 1372 164 1394 nus
178 1360 376 1401 Gilbertus,
396 1359 561 1392 ecclesiae
577 1357 820 1392 Laudunensis
838 1357 1030 1391 canonicus
1042 1384 1051 1399 ,
1071 1358 1108 1391 in
1126 1358 1354 1392 conversione
1373 1360 1483 1393 sancti
1504 1360 1615 1394 Pauli.

97 1418 169 1460 Qui
188 1417 418 1465 postmodum
431 1445 439 1461 ,Ι
461 1424 502 1451 ut
519 1417 741 1464 praedictum
760 1423 829 1460 est,
850 1429 868 1450 a
893 1417 1062 1450 fratribus
1086 1417 1214 1451 nostris
1231 1417 1269 1450 in
1286 1418 1441 1465 generali
1464 1419 1619 1464 capitulo

98 1477 373 1512 praemonstrati
388 1477 516 1510 nimiae
530 1475 790 1510 indiscretionis
803 1482 1000 1519 accusatus,
1013 1474 1145 1509 ibidem
1155 1475 1348 1522 deponitur
1357 1504 1365 1520 7
1378 1489 1471 1511 anno
1483 1477 1621 1525 regimi-

99 1537 152 1570 nis
169 1536 223 1570 sui
242 1536 383 1582 quinto.

147 1595 231 1630 Post
243 1607 351 1642 quem
365 1594 507 1642 eligitur
521 1594 751 1636 Gillebertus,
769 1593 960 1627 canonicus
974 1593 1155 1627 Parcensis
1167 1620 1175 1636 ,
1197 1592 1387 1639 prudentia
1402 1600 1437 1628 et
1451 1594 1618 1642 religione

98 1655 226 1689 clarus.
243 1653 313 1695 Qui
333 1660 412 1700 post
425 1652 516 1688 duos
532 1665 685 1696 menses7
703 1653 811 1698 hujus
825 1652 928 1686 officii
949 1659 983 1685 et
1002 1652 1130 1685 nimiae
1150 1653 1366 1698 paupertatis
1381 1652 1540 1698 pondere
1554 1660 1621 1687 ter-

98 1715 204 1757 ritus.¹
226 1712 444 1747 clandestina
463 1713 547 1760 fuga
566 1712 705 1758 elapsus
724 1719 788 1746 cst.

147 1772 232 1807 Post
241 1772 306 1806 hos
315 1772 469 1820 eligitur,
482 1784 576 1806 anno
586 1771 744 1806 MCXLII
755 1798 764 1814 7
777 1770 944 1805 dominus
953 1769 1147 1812 Gerardus7
1161 1769 1405 1804 Laudunensis
1414 1771 1618 1804 canonicus.

148 1889 236 1924 Huic
249 1889 283 1922 in
296 1888 601 1924 administratione
615 1901 720 1924 curae
730 1889 913 1935 pastoralis
926 1888 1110 1931 successit,
1123 1900 1216 1922 anno
1226 1887 1461 1922 MCLXXXV.
1475 1888 1620 1921 celebris

99 1949 308 1991 memoriae,
329 1947 496 1982 dominus
515 1948 711 1991 Arnoldus‚
733 1949 795 1994 qui
816 1948 932 1994 primo
951 1947 1189 1981 conversionis
1210 1959 1293 1981 suae
1311 1959 1404 1980 anno
1423 1947 1619 1992 prioratum

99 2007 315 2053 promeruit,
335 2019 443 2053 quem
465 2019 528 2053 per
542 2007 598 2040 xlv
613 2019 724 2043 annos
743 2007 974 2053 probabiliter
991 2006 1213 2053 gubernans7
1232 2006 1269 2039 in
1284 2005 1447 2039 abbatem
1463 2006 1617 2052 eligitur.

99 2065 261 2106 Quicum
276 2065 436 2112 quinque
446 2066 546 2099 annis
560 2065 724 2099 ecclesiae
740 2071 878 2098 nostrae
893 2064 1116 2098 laudabiliter
1126 2064 1346 2110 praefuisset7
1365 2063 1502 2109 expleto
1513 2063 1621 2109 quin—

99 2123 257 2170 quennio
269 2151 277 2167 7
304 2123 401 2170 apud
421 2123 626 2158 Rez'm'rsart
647 2125 744 2172 gravi
770 2124 974 2157 infirmitate
1002 2129 1186 2169 correptus
1197 2150 1205 2166 7
1232 2123 1268 2156 in
1291 2121 1476 2157 redeundo
1502 2134 1621 2156 versus

100 2182 283 2216 ecclesiam
305 2194 404 2216 suam
427 2194 509 2215 cum
528 2181 625 2228 apud
642 2181 796 2216 Hacroc's
816 2182 982 2224 venisset,
1004 2181 1202 2227 exspiravit.

149 2239 211 2274 Cui
222 2241 388 2274 successit
402 2240 437 2273 in
448 2240 619 2287 regimine
630 2241 792 2286 pastorali
800 2267 808 2283 7
823 2252 917 2274 anno
927 2239 1063 2283 MCXC,
1075 2238 1295 2273 venerandae
1305 2239 1494 2273 memoriae
1504 2238 1622 2273 domi-

101 2311 168 2333 nus
179 2298 361 2332 Mathaeus
371 2325 380 2342 ‚
398 2299 527 2332 montis
541 2297 578 2332 S.
595 2298 734 2332 Martini
747 2298 937 2332 canonicus
948 2325 956 2341 -,
969 2297 1013 2332 de
1023 2298 1183 2344 Scornay
1193 2296 1366 2331 oriundus
1377 2324 1385 2340 7
1403 2297 1454 2331 vir
1463 2309 1622 2331 summae

101 2357 279 2405 religionis
288 2358 368 2390 etin
379 2357 476 2390 omni
487 2357 630 2391 scientia
643 2357 893 2390 subtilissimus
907 2363 942 2390 et
951 2355 1173 2403 praedicator
1183 2356 1407 2402 praecipuus,
1419 2356 1481 2402 qui
1495 2356 1622 2402 quinto

101 2415 282 2464 regiminis
297 2415 350 2448 sui
363 2427 470 2457 anno„
484 2427 650 2448 curarum
665 2415 983 2461 etoccupationum
996 2415 1182 2461 impatiens
1192 2441 1201 2458 7
1217 2426 1307 2448 onus
1322 2414 1503 2460 pastoralis
1517 2426 1622 2448 curae

141 2502 148 2519 ¹
172 2502 242 2529 Haec
257 2512 270 2528 a
289 2502 435 2528 recentiori
448 2502 582 2537 scriptore
593 2501 694 2528 addita.
