2137 3131
445 407 514 443 784
1051 393 1340 430 APPENDICES.

1128 531 1266 565 XLVII.

447 640 586 681 Bertlw,
607 638 743 672 abbesse
757 636 797 670 cle
820 634 951 670 Nivelle
961 660 970 676 ,
987 632 1150 680 glastum!
1168 630 1191 664 ἀ
1211 631 1370 676 l’ahhaye
1388 629 1421 662 la
1435 631 1631 675 possession
1648 629 1707 663 des
1726 629 1823 663 biens
1839 628 1959 675 qu'elle

585 709 607 729 a
624 697 745 740 aequis
766 706 810 728 ou
828 692 947 739 qu’elle
961 703 1104 738 pourra
1123 689 1291 735 αοᾳιιόνίν
1308 686 1331 721 ἀ
1352 686 1546 721 Meerheke.
1563 708 1611 712 —
1622 687 1806 721 Maraeu.

1166 884 1239 908 1185.

480 966 508 991 ln
524 963 632 990 nominc
646 962 733 987 Patris
746 966 773 987 et
783 960 842 986 Filii
857 965 884 986 et
897 959 1017 994 Spiritus
1027 958 1130 985 Sancti.
1143 957 1200 993 Ego
1216 957 1294 983 Beria
1308 977 1315 990 ‚
1331 957 1423 983 divina
1436 956 1582 983 ordinante
1593 956 1766 991 providentia
1777 977 1784 989 ‚
1800 956 1961 983 Nivellensis

442 1013 591 1043 abbatissa,
609 1016 662 1036 tam
677 1008 778 1035 futuris
792 1017 873 1043 quam
887 1006 1090 1042 praesentibus.
1111 1004 1177 1031 Cum
1195 1004 1323 1030 omnibus
1340 1005 1367 1030 in
1387 1012 1531 1030 commune
1549 1003 1712 1030 benefacere
1725 1003 1875 1030 debeamus
1892 1014 1960 1040 pan-

441 1060 563 1096 peribus.
574 1064 661 1084 tamen
670 1056 769 1082 Christi
778 1060 804 1081 et
815 1054 969 1080 domesticis
978 1052 1041 1079 fidei
1051 1062 1116 1088 prae
1126 1052 1241 1078 caeteris
1251 1051 1382 1077 familiare
1392 1051 1556 1077 beneficium
1566 1050 1669 1077 debere
1677 1055 1813 1084 tenemur,
1823 1056 1958 1078 uteorum

442 1106 569 1142 precibus
580 1110 607 1131 et
622 1104 724 1130 meritis
736 1103 761 1128 in
771 1107 883 1128 aeterna
892 1098 1244 1135 recipiamurtabernacula
1261 1108 1267 1124 :
1283 1098 1413 1124 ecclesiae
1426 1098 1512 1134 igitur
1525 1097 1679 1130 Ninivmsi,
1695 1099 1739 1124 cui
1754 1097 1876 1124 fraterna
1890 1099 1961 1125 cari-

442 1159 497 1180 tate
511 1152 675 1188 obligamur⁷
691 1150 742 1176 boc
755 1148 881 1175 beneficii
895 1153 1004 1183 pactum
1017 1147 1210 1173 confirmamus
1225 1151 1255 1172 ut
1269 1144 1403 1181 quidquid
1417 1154 1468 1180 per
1481 1143 1677 1180 praecedentes
1689 1144 1841 1172 abbatissas
1853 1146 1897 1172 vel
1911 1155 1961 1182 per

443 1201 579 1237 quoslibet
593 1199 660 1225 alios
674 1198 768 1224 fideles
785 1196 949 1232 acquisitum
965 1195 991 1221 in
1008 1195 1226 1230 praesentiarum
1240 1198 1315 1220 tenet
1333 1193 1359 1219 in
1375 1193 1456 1219 terris
1475 1197 1502 1219 et
1517 1192 1603 1227 pratis
1613 1213 1619 1219 .
1636 1192 1663 1218 in
1678 1192 1761 1228 sylvis
1778 1199 1805 1219 et
1818 1194 1914 1230 aquis,
1929 1195 1958 1220 in

443 1248 570 1284 parochia
581 1247 615 1273 de
628 1246 769 1272 Merbecca
782 1243 825 1270 vel
838 1243 864 1269 in
881 1242 939 1269 aliis
954 1242 1091 1278 parochiis
1105 1241 1262 1277 specialiter
1276 1240 1310 1266 ad
1325 1249 1444 1266 mensam
1459 1244 1579 1266 nostram
1594 1239 1812 1274 pertinentibus,
1828 1241 1871 1267 vel
1883 1241 1962 1268 dein—

443 1306 506 1332 ceps
520 1295 687 1330 acquisitura
704 1298 745 1319 est
757 1313 763 1325 e
781 1291 862 1318 salvis
879 1291 965 1317 nostri
976 1290 1049 1324 juris
1064 1289 1215 1321 reditibus,
1235 1288 1332 1314 stabile
1346 1293 1373 1314 et
1387 1287 1577 1314 inconvulsum
1594 1287 1726 1314 detineat.
1740 1288 1797 1315 Hoc
1811 1294 1902 1315 autem
1912 1289 1960 1324 jus

444 1350 471 1370 et
485 1343 647 1369 heneficium
663 1346 715 1367 tarn
731 1339 858 1365 absolute
871 1343 898 1364 et
916 1338 1002 1364 libere
1018 1337 1158 1372 praelatae
1172 1335 1302 1362 ecclesiae
1320 1336 1346 1361 in
1364 1335 1564 1370 eleemosynam
1577 1335 1765 1368 concedimus,
1782 1341 1813 1362 ut
1827 1336 1961 1372 quidquid

447 1392 504 1426 ipsa
519 1391 544 1416 in
562 1388 692 1425 praefatis
707 1386 843 1423 parochiis
857 1386 915 1412 sine
927 1384 1041 1421 querela
1054 1384 1166 1419 adipisci
1179 1383 1281 1419 poterit
1294 1388 1389 1409 nostro
1407 1392 1518 1409 assensu
1527 1404 1533 1415 7
1548 1383 1575 1408 id
1588 1383 1649 1408 fieri
1662 1382 1797 1409 fateamur
1810 1389 1838 1410 et
1852 1394 1910 1410 eam
1925 1384 1960 1410 ab

443 1438 550 1473 injustis
563 1435 750 1462 exactionibus
764 1439 791 1460 et
806 1433 968 1468 placitorum
983 1432 1172 1458 occasionibus
1186 1430 1349 1456 omnimodis
1363 1429 1539 1456 absolvimus.
1556 1430 1644 1464 Hujus
1664 1439 1730 1456 vero
1745 1430 1886 1458 eharitatis
1898 1441 1963 1458 nos-

443 1491 502 1511 trae
516 1485 623 1520 largitio
638 1488 668 1509 ut
683 1487 741 1508 rata
757 1482 886 1516 deinceps
900 1484 1074 1516 perseveret,
1090 1478 1173 1515 sigilli
1186 1478 1273 1504 nostri
1287 1478 1459 1513 appositione
1473 1482 1500 1504 et
1513 1477 1635 1504 fidelium
1649 1479 1805 1505 testimonio
1819 1479 1962 1506 confirma-

443 1542 513 1558 mus.
523 1532 551 1558 S.
563 1531 653 1557 Iwaini
663 1551 668 1556 .
680 1529 830 1556 sacerdotis
837 1528 871 1554 de
879 1527 1005 1561 Nivellis3
1021 1526 1049 1553 S.
1063 1526 1224 1557 salomouis,
1238 1525 1373 1551 cellerarii
1387 1524 1433 1559 3S.
1444 1524 1575 1557 walteri,
1590 1525 1740 1551 sacerdotis
1750 1525 1785 1552 de
1796 1526 1954 1562 Merbecca5

445 1580 473 1606 S.
490 1578 652 1610 Milisendis3
670 1577 698 1604 S.
714 1576 847 1609 Walteri,
863 1574 955 1601 clerici
969 1574 1086 1600 abbatis.
1104 1574 1199 1599 Actum
1215 1581 1286 1598 anno
1301 1571 1497 1598 MCLXXXIII.

1138 1638 1257 1670 Original.
1274 1644 1343 1661 sceau
1356 1637 1445 1661 deti—uit
1454 1655 1460 1660 .
1474 1644 1520 1661 aux
1535 1636 1641 1661 archites
1651 1637 1679 1660 de
1693 1637 1714 1661 la
1727 1637 1826 1662 Flandre
1837 1639 1960 1665 orientale.

1122 1914 1277 1949 XLVIII.

453 2006 593 2040 θένων-(ί
608 2007 649 2040 de
671 2006 875 2052 Grimbeqye
896 2003 1031 2038 cle'clare
1049 2015 1115 2049 que
1139 2002 1280 2037 Goswz'n
1302 2001 1343 2035 de.
1363 2001 1481 2036 Suven
1501 2013 1524 2034 α
1549 2012 1707 2034 reconna
1727 2000 1773 2034 les
1790 1999 1901 2034 droz'ts
1921 1999 1962 2033 de

500 2065 655 2111 l'cthhagse
672 2077 738 2098 sur
755 2063 870 2097 l'czlleu
887 2063 928 2096 de
942 2060 1205 2108 S‘-Aycl1adre,
1225 2066 1257 2094 et
1269 2060 1384 2094 donne
1402 2072 1455 2093 un
1472 2058 1626 2093 vidimus
1643 2058 1684 2092 cle
1700 2058 1797 2092 l’aote
1813 2059 1966 2092 souscm‘t

491 2136 563 2169 par
584 2123 723 2158 Goswin.
741 2121 766 2156 ὰ
779 2135 814 2156 ee
827 2124 928 2168 stgjet.
945 2142 994 2147 —
1011 2120 1174 2155 CATTHEM.

1166 2305 1240 2329 1184.

488 2379 625 2405 Gerardus
639 2379 673 2405 de
685 2379 854 2415 Grimbergis
864 2399 870 2406 .
891 2378 1018 2404 omnibus
1036 2377 1164 2403 fidelibus
1178 2381 1232 2402 tam
1247 2375 1348 2401 suturis
1361 2384 1443 2410 quam
1457 2373 1658 2410 praesentibus.
1674 2373 1772 2399 Notum
1789 2373 1825 2399 sit
1839 2372 1965 2399 omnibus

452 2426 525 2461 quod
539 2427 681 2453 Goswinus
696 2426 730 2453 de
745 2426 836 2453 Suven
849 2447 855 2458 ‚
870 2425 943 2451 filius
957 2425 1070 2452 Gerardi
1080 2445 1087 2456 ‚
1101 2423 1261 2460 recognovit
1273 2428 1299 2448 et
1311 2422 1453 2449 consessus
1465 2427 1507 2448 est
1520 2431 1611 2447 coram
1623 2429 1665 2447 me
1677 2425 1705 2446 et
1718 2419 1874 2446 hominibus
1887 2420 1964 2452 meis,

450 2473 524 2508 quod
547 2473 580 2499 de
602 2473 675 2499 omni
689 2473 874 2499 controversia
889 2481 959 2508 quae
973 2472 1063 2498 suerat
1078 2472 1150 2497 inter
1163 2471 1253 2506 ipsum
1267 2475 1294 2496 et
1311 2469 1483 2495 Ninivensem
1497 2467 1638 2494 ecclesiam
1651 2467 1738 2493 omnis
1751 2466 1865 2502 querela
1877 2466 1965 2502 sopita

449 2524 475 2545 et
491 2519 522 2545 ad
537 2519 685 2554 plenariam
701 2528 793 2555 pacem
808 2519 918 2546 redacta
932 2519 966 2545 sit
976 2539 983 2549 ,
996 2518 1065 2545 etde
1078 2517 1155 2545 nullo
1165 2518 1230 2552 jure
1244 2525 1295 2543 suo
1308 2516 1335 2542 in
1349 2515 1451 2542 allodio
1465 2515 1492 2542 S.
1509 2514 1645 2550 Aychadri
1658 2513 1774 2549 amplius
1787 2512 1908 2540 eamdem
1921 2522 1966 2540 ec-
