2118 3184
588 395 813 430 cunoNtm
852 396 1016 430 Attium!
1048 397 1085 431 Ll
1119 396 1281 430 uvis‘ffi.
1630 400 1692 432 11⁴.)

176 516 264 551 papa
280 505 467 552 vigesimus
485 504 663 537 secundus
681 504 857 537 commisit
877 503 1016 537 cuidam
1033 503 1199 538 cardinali
1218 505 1397 551 negotium
1415 505 1688 539 terminandum.

174 563 243 603 Qui
263 562 392 596 auditis
411 562 523 596 causis
542 569 776 608 utrarumque
802 563 954 608 partium
971 590 979 599 ,
1003 563 1132 595 invonit
1158 563 1428 608 appellationem
1453 562 1537 596 dicti
1558 564 1693 597 abbatis

176 620 309 668 Aegidii
331 621 459 654 bonam
476 627 508 653 et
526 632 642 653 verani
656 647 663 653 .
685 627 715 653 et
734 620 823 654 facta
843 621 1027 653 relatione.
1050 620 1131 653 fecit
1150 620 1375 654 concordiam
1393 622 1484 654 inter
1503 628 1619 667 parles
1635 623 1691 655 tali

174 678 280 712 modo
299 692 305 712 :
328 678 487 712 videlieet
506 678 604 724 quod
619 679 726 712 abbas
748 678 912 725 Aegidius
931 691 1077 725 parcens
1095 680 1265 712 senectuti
1287 686 1411 725 sponte
1426 680 1540 713 cessit.
1559 681 1596 714 Et
1616 694 1693 727 pro-

174 738 286 771 visum
310 737 375 770 fait
401 736 516 770 eidem
536 736 580 770 de
602 738 764 770 trecentis
791 738 886 770 libris
906 737 1168 770 tui-‹mensibus.
1198 738 1236 771 Et
1263 737 1378 771 (lictus
1401 739 1504 772 eliam
1526 739 1693 773 Theodo-

175 797 286 838 ricus,
314 796 341 829 si
368 795 455 842 quid
476 796 566 841 juris
592 796 742 829 babebat
770 796 967 843 resignavit.
996 795 1064 830 sed
1089 796 1204 830 dictus
1233 796 1400 830 domiuus
1423 810 1512 843 papa
1543 799 1620 832 feeit
1649 799 1693 832 ‹le

175 867 266 889 novo
285 855 520 901 provisionem
541 854 648 889 modo
670 855 873 901 supradicto
891 855 935 888 de
958 855 1053 889 dieto
1072 855 1199 889 abbate
1221 855 1457 889 Theoderico.
1480 858 1560 897 Quo
1580 858 1690 891 facto.

175 914 247 959 ipse
266 912 509 947 The-odoricus
527 914 634 947 abbas
660 914 819 959 promisit
843 926 1000 947 camerae
1024 913 1159 947 domini
1181 926 1290 960 papae
1314 921 1348 948 et
1373 914 1610 948 cardinalibus
1631 929 1694 962 pro

174 971 315 1005 servitio
329 972 586 1017 quatuormille
597 972 748 1005 florenos
760 979 792 1006 et
809 973 1042 1020 quingentos,
1061 980 1097 1006 et
1118 973 1199 1007 fecit
1219 986 1363 1021 magnas
1382 986 1549 1020 expensas
1567 981 1598 1008 et
1620 987 1695 1008 cus-

175 1036 232 1064 tus
251 1030 286 1062 in
310 1030 420 1063 curia.
443 1029 601 1063 Tandem
623 1031 655 1063 in
681 1032 934 1064 monasterium
953 1043 1110 1064 reversus
1133 1038 1196 1064 est.
1229 1032 1266 1064 Et
1295 1032 1448 1065 introbit
1470 1033 1503 1065 in
1523 1040 1694 1066 monaste-

173 1147 395 1181 solemnitate
408 1174 415 1180 .
434 1147 523 1181 sicut
542 1147 655 1181 fuerat
671 1160 689 1181 a
706 1148 897 1194 principim
919 1154 953 1181 et
972 1148 1101 1193 recepit
1121 1147 1165 1181 (le
1185 1160 1276 1181 novo
1296 1148 1512 1183 obedientias
1531 1164 1550 1184 a
1569 1163 1694 1184 mona-

175 1205 263 1239 chis.
288 1205 370 1238 Post
387 1205 607 1251 aliquantum
627 1206 796 1251 temporis
810 1212 981 1238 venerunt
1000 1205 1073 1238 duo
1088 1205 1213 1238 notarii
1233 1218 1252 1238 a
1271 1206 1368 1238 curia
1387 1206 1431 1239 ad
1452 1208 1692 1253 recipiendum

175 1263 409 1311 obligationes
427 1274 491 1308 pro
509 1263 764 1296 mercatoribus
783 1263 968 1303 usurariis,
990 1274 1078 1308 quas
1093 1263 1167 1295 fieri
1184 1263 1403 1308 promiserat.
1426 1264 1467 1297 Et
1481 1273 1690 1300 convenius.

176 1321 399 1367 simplicitate
412 1319 540 1354 ductus
550 1326 585 1353 et
597 1320 730 1366 absque
748 1320 894 1353 consilio
905 1347 913 1357 q
933 1320 1195 1353 circun‘iventus
1209 1332 1227 1353 a
1243 1320 1338 1353 dicto
1356 1321 1482 1354 abbate
1497 1329 1531 1355 et
1545 1323 1589 1356 ab
1608 1324 1672 1357 illis
1685 1352 1691 1357 .

175 1380 237 1427 qui
256 1379 423 1413 fovebant
436 1384 573 1424 partem
586 1378 679 1424 ejus,
696 1378 788 1424 proh
805 1377 926 1412 dolor!
948 1390 984 1411 se
1001 1379 1170 1426 obligavit
1187 1379 1396 1413 nominatim
1416 1392 1529 1426 usque
1544 1381 1588 1414 ad
1603 1395 1697 1416 sum-

176 1450 270 1472 mam
290 1438 399 1471 trium
417 1437 567 1471 millium
593 1443 628 1470 et
650 1444 889 1471 trecentorum
909 1437 1127 1471 florenorum
1145 1437 1190 1471 de
1209 1438 1398 1481 Florentia7
1421 1438 1465 1472 de
1487 1440 1692 1486 principali.

175 1503 211 1531 et
227 1496 423 1545 obligatum
442 1496 510 1530 fuit
527 1496 632 1530 etiam
649 1495 800 1543 duplum
819 1509 989 1531 summae.
1013 1497 1055 1530 Et
1068 1496 1167 1543 quod
1185 1496 1379 1531 dolendum
1400 1504 1472 1542 est.7
1490 1498 1534 1532 de
1555 1500 1695 1533 servitio

176 1555 349 1602 promisso
370 1566 528 1588 camerae
549 1560 584 1588 et
602 1553 860 1597 cardinalibus7
884 1567 924 1589 ac
941 1554 986 1588 (le
1003 1555 1278 1602 obligationibus
1302 1555 1400 1589 factis
1421 1557 1692 1591 mercatoribus.

178 1615 214 1648 in
231 1619 306 1648 tota
324 1613 394 1646 vita
411 1624 474 1646 sua
492 1612 580 1646 nibil
598 1613 700 1647 solvit
716 1613 824 1647 abbas
839 1613 1075 1660 supradictus.
1094 1613 1200 1654 Quod
1216 1613 1375 1647 videntes
1393 1614 1539 1660 quidam
1559 1628 1696 1650 merca-

176 1679 270 1706 tores
288 1672 450 1705 fecerunt
464 1677 587 1705 contra
605 1683 687 1705 eum
707 1678 741 1705 et
759 1678 882 1705 eontra
897 1684 1063 1718 personas
1082 1672 1252 1719 obligatas
1271 1684 1454 1718 processus
1473 1673 1508 1707 in
1523 1675 1633 1708 curia.
1656 1675 1695 1708 Et

177 1730 246 1764 fujt
263 1730 331 1764 lata
350 1728 526 1776 quaedam
547 1729 719 1763 sententia
737 1736 859 1764 contra
881 1742 941 1764 eos
964 1737 999 1763 et
1017 1730 1194 1776 publicata
1210 1756 1219 1773 ,
1240 1742 1260 1764 a
1277 1742 1349 1776 qua
1371 1731 1438 1764 fuit
1460 1733 1692 1778 appellatum‚

177 1788 239 1823 sed
253 1788 440 1835 appellatio
459 1799 531 1821 non
551 1787 618 1821 fuit
635 1794 821 1834 prosecuta
845 1788 936 1822 infra
954 1789 1166 1831 terminum7
1189 1795 1224 1822 et
1241 1788 1289 1822 sic
1308 1789 1376 1822 fuit
1394 1788 1542 1824 deserta.
1567 1791 1609 1824 Et
1630 1798 1697 1825 ter-

179 1848 265 1882 mini
292 1847 409 1894 plures
433 1846 617 1880 solutionis
636 1846 816 1881 faciendae
834 1860 992 1881 camerae
1017 1859 1128 1893 papae
1154 1854 1189 1881 et
1207 1846 1444 1881 cardinalibus
1466 1861 1530 1894 pro
1555 1850 1697 1883 servitio

178 1906 406 1941 transierunt.
429 1905 472 1939 Et
491 1905 541 1940 sic
555 1912 630 1939 erat
649 1905 839 1952 dupliciter
856 1907 1087 1940 sententiatus
1106 1918 1172 1952 pro
1187 1906 1328 1940 servitio
1347 1906 1468 1941 debito
1487 1919 1646 1942 camerae
1664 1915 1694 1941 et

179 1977 245 2012 pro
263 1963 531 1998 mercatoribus.
553 1964 595 1997 Et
612 1964 647 1997 in
662 1964 721 1998 illo
734 1971 827 1998 statu
846 1964 994 1998 decessit
1008 1976 1101 1998 anno
1119 1964 1258 1997 Domini
1281 1964 1532 2008 MCCCXXXL
1558 1965 1696 2000 decimo

179 2030 303 2058 octavo
312 2021 370 2056 die
380 2022 508 2055 mensis
517 2022 657 2068 Aprilis,
668 2023 704 2056 in
713 2023 799 2056 feria
813 2023 950 2069 quinta.
963 2022 1042 2063 Qua
1056 2021 1101 2055 de
1113 2034 1216 2055 causa
1230 2023 1440 2056 coemeterio
1454 2035 1553 2057 sacro
1568 2024 1692 2057 caruit.

180 2080 338 2115 Praefuit
359 2086 478 2113 autem
503 2080 604 2113 annis
625 2081 764 2115 circiter
781 2087 874 2115 octo.
903 2080 1154 2115 Praedecessor
1172 2081 1277 2114 etiam
1300 2081 1375 2127 ejus
1396 2082 1504 2115 abbas
1531 2081 1697 2129 Aegidius

179 2146 261 2174 ante
284 2139 402 2185 ipsum
428 2138 618 2172 defunctus
643 2146 712 2183 est,
741 2146 776 2173 et
798 2140 925 2174 habuit
945 2140 1163 2186 sepulturam
1187 2139 1223 2172 in
1247 2140 1390 2173 ecclesia
1413 2139 1458 2173 de
1484 2139 1696 2186 Eri-egsm'es,

182 2199 217 2232 in
235 2197 346 2232 choro
364 2203 445 2231 ante
462 2197 581 2230 altare.
611 2196 700 2231 Cum
723 2210 796 2244 quo
819 2205 938 2244 postea
957 2198 1123 2232 dominus
1147 2197 1302 2243 Symon7
1331 2198 1439 2231 frater
1463 2198 1556 2243 ejus7
1583 2205 1698 2232 rector

180 2256 264 2291 dieti
276 2255 355 2298 loci7
364 2255 463 2301 juxta
473 2267 556 2288 eum
570 2255 729 2300 sepultus
737 2262 800 2289 est.
815 2256 1018 2303 Mol-tuique
1027 2262 1109 2289 sunt
1119 2254 1203 2289 dicti
1213 2254 1286 2288 duo
1301 2255 1444 2289 abbates
1458 2256 1674 2302 pauperrimi
1687 2284 1692 2290 .

181 2315 269 2350 nihil
284 2314 430 2348 omnino
449 2314 618 2348 habentes
630 2341 639 2355 ,
656 2321 691 2347 et
706 2314 847 2349 videtur
862 2315 931 2349 hoc
946 2327 1009 2361 per
1027 2314 1182 2348 divinam
1198 2313 1454 2360 providentiam
1475 2321 1510 2348 ct
1526 2315 1697 2348 ultionem

182 2374 348 2409 evenisse.

230 2431 376 2466 Vivente
401 2438 520 2465 autem
548 2431 644 2467 dicto
666 2432 793 2465 abbate
813 2431 1036 2466 'l'heodorico
1049 2459 1057 2475 ,Ι
1074 2431 1119 2465 de
1133 2431 1278 2466 consilio
1299 2431 1535 2477 plurimorum
1555 2432 1620 2465 sibi
1639 2432 1698 2466 ad-

181 2491 350 2525 stantium
372 2497 407 2524 et
426 2497 560 2536 partem
584 2491 658 2537 ejus
687 2491 880 2525 foventium
894 2518 903 2535 ³
929 2491 1128 2525 inconsulto
1155 2490 1253 2525 totali
1272 2496 1468 2533 conventu,
1491 2489 1553 2524 sed
1581 2497 1698 2524 motus
