2118 3184
738 410 1025 445 APPENDICES.
1567 405 1633 440 901

121 529 185 546 vero
203 521 274 546 servi
296 526 322 546 et
337 521 450 546 ancillae
465 525 630 546 memoratae
651 519 788 545 Ninivensi
807 518 937 544 ecclesiae
953 517 1022 543 duos
1040 517 1168 543 denarios
1181 516 1216 541 de.
1228 524 1311 542 censu
1326 515 1422 550 capitis
1437 515 1478 541 sui
1493 519 1519 540 et
1537 523 1583 540 sex
1604 514 1636 538 ad

119 568 291 603 maritagiuni
311 573 335 593 et
351 567 494 593 duodecim
515 567 547 592 ad
564 571 678 592 mortem
693 565 758 591 dare
774 570 801 592 et
816 565 923 593 solvere.
938 564 1117 591 tenebuntur.
1134 563 1231 589 Actum
1247 572 1318 588 annu
1333 561 1439 588 Domini
1456 560 1633 587 MCCXLVH.

1183 628 1314 652 Cartulaire
1323 628 1351 650 ‹lc-
1365 627 1471 652 Malines.

809 881 956 916 ccvltt.

127 981 240 1016 Othon
253 982 294 1016 de
311 982 524 1016 Contrecuer
536 982 649 1015 donne
662 979 685 1014 ὰ
698 980 855 1027 l’abbaye
865 991 962 1027 pom·
976 979 1246 1012 l'anm‘veoesaz’re
1260 978 1301 1011 de
1315 989 1377 1010 son
1396 976 1535 1023 &pons-e„
1553 979 1636 1009 troi-5

169 1044 305 1087 parties
321 1041 362 1075 de
378 1042 449 1088 pre'
469 1047 501 1074 et
523 1040 569 1074 les
589 1040 700 1074 droits
719 1039 808 1085 qu’z'l
825 1052 848 1085 y
867 1040 1035 1084 emm-fait,
1057 1036 1197 1083 eoecepte'
1209 1036 1301 1070 celui
1318 1035 1359 1068 de
1380 1034 1632 1080 liautejmtz'ce.

175 1120 220 1124 -—
238 1099 375 1133 Lorrsn.

774 1266 790 1286 Α
802 1263 893 1287 Nineve
902 1281 908 1289 ,
922 1262 995 1286 1247.

166 1344 223 1380 Ego
235 1344 311 1376 Osto,
318 1344 443 1371 dominus
450 1345 485 1371 de
491 1346 679 1372 Comei-rueret
687 1345 720 1371 de
728 1344 846 1375 Allodio‚
856 1344 982 1370 omnibus
990 1350 1119 1379 praesens
1127 1342 1258 1377 scriptum
1265 1341 1396 1367 visurisin
1406 1345 1580 1375 perpetuum.
1591 1340 1639 1366 No-

127 1396 183 1417 tum
191 1390 261 1418 facio
267 1391 341 1426 quod
348 1400 409 1417 cum
418 1391 506 1418 bonae
515 1391 802 1423 memoriaeJohanna‚
811 1391 948 1426 quondam
958 1399 1026 1416 uxor
1035 1398 1104 1421 mea,
1114 1388 1227 1424 agensin
1236 1387 1374 1419 extremis,
1382 1387 1415 1413 de
1423 1396 1496 1412 mera
1503 1386 1642 1412 voluntate

128 1446 187 1464 mea
196 1458 203 1469 7
213 1437 334 1474 legitimo
348 1447 482 1464 consensu
491 1448 551 1465 meo
564 1438 700 1464 mediante
709 1459 716 1470 ‚
729 1438 764 1464 ol)
776 1438 890 1464 salutem
899 1438 1003 1463 animae
1014 1446 1079 1463 suae
1092 1436 1125 1462 ad
1140 1434 1356 1461 anniversarium
1370 1434 1461 1460 obitus
1472 1434 1513 1459 sui
1529 1433 1599 1459 diem
1615 1434 1641 1459 in

127 1483 240 1511 ecclesia
251 1485 387 1512 Ninivensi
395 1495 457 1512 cum
466 1486 559 1512 debita
571 1486 742 1512 solemnitate
753 1490 889 1521 perpetuo
899 1484 1071 1511 recolendam
1080 1504 1087 1515 ‚
1102 1483 1190 1510 eidem
1200 1482 1330 1509 ecelesiae
1341 1482 1366 1507 in
1377 1481 1493 1507 Domino
1501 1481 1642 1507 voluntate

127 1532 154 1557 in
162 1541 258 1567 puram
267 1537 294 1558 et
303 1537 464 1568 perpetuam
473 1532 671 1568 eleemosynam
679 1532 794 1568 legasset
803 1532 984 1568 quadraginta
992 1531 1093 1557 solidos
1102 1530 1228 1556 alborum
1236 1529 1351 1565 singulis
1359 1529 1436 1554 annis
1448 1529 1481 1554 de
1490 1528 1642 1554 redditibus

129 1579 229 1616 nostris
239 1579 312 1614 apud
324 1579 491 1606 nterbeccam
506 1585 641 1615 perpetuo
652 1579 825 1614 recipiendos
836 1589 842 1613 ς
855 1588 906 1614 ego
921 1578 1068 1605 liberaliori
1079 1578 1105 1603 in
1121 1577 1236 1603 Domino
1247 1576 1361 1602 caritate
1371 1576 1442 1601 circa
1453 1575 1551 1601 dictam
1562 1575 1643 1601 eccle*

128 1627 193 1652 siam
204 1631 304 1657 motus,
318 1626 437 1652 utilitate
448 1631 475 1652 et
484 1626 626 1652 commodo
635 1626 720 1662 ipsius
733 1625 863 1652 ecclesiae
875 1625 988 1660 provida
1001 1625 1101 1660 pietate
1112 1623 1245 1659 pensatis⁷
1264 1623 1299 1648 ob
1312 1621 1427 1648 salutem
1440 1622 1545 1647 animae
1556 1621 1644 1648 dictae

128 1673 282 1700 carissimae
296 1673 388 1698 uxoris
401 1681 488 1705 meae,
505 1672 539 1698 ad
555 1672 658 1698 dictum
677 1672 891 1698 anniversarium
907 1671 998 1698 obitus
1014 1671 1074 1705 ejus
1091 1670 1162 1696 diem
1178 1670 1205 1695 in
1222 1669 1294 1695 dicta
1312 1668 1426 1694 ecclesia
1439 1668 1554 1704 singulis
1568 1669 1645 1694 annis

130 1725 265 1756 perpetuo
278 1719 471 1746 celebrandum
480 1741 487 1752 ‚
500 1720 560 1746 loco
570 1719 658 1746 dictae
667 1719 819 1746 collationis
831 1724 857 1746 et
868 1719 1058 1755 assignationis
1069 1718 1204 1744 dictorum
1217 1716 1398 1752 quadraginta
1409 1715 1569 1747 solidorum⁷
1584 1725 1646 1741 eon-

130 1767 180 1794 tuti
192 1767 281 1794 dictae
294 1767 424 1794 ecclesiae
437 1769 463 1794 in
480 1777 576 1803 puram
589 1773 616 1794 et
629 1773 789 1803 perpetuam
803 1767 1001 1802 eleemosynam
1010 1767 1062 1792 tria
1077 1764 1192 1801 pratella
1206 1765 1262 1790 sive
1275 1769 1331 1790 tres
1345 1764 1428 1798 picias
1439 1763 1509 1798 prati
1520 1763 1645 1797 jacentes

129 1815 157 1841 iu
175 1814 306 1850 parochia
321 1814 355 1840 de
371 1814 514 1850 Apellam,
533 1815 605 1840 inter
617 1814 757 1841 castellum
773 1814 807 1840 de
826 1813 983 1840 Comei-cuer
994 1818 1021 1840 et
1033 1813 1123 1840 vicum
1137 1812 1171 1838 de
1185 1811 1293 1844 Loetch,
1308 1815 1335 1836 et
1349 1810 1381 1836 ad
1395 1810 1526 1846 plenioris
1538 1810 1646 1836 roboris

131 1862 287 1888 firmitatem
300 1861 407 1888 easdem
421 1861 504 1897 picias
519 1862 590 1897 prati
603 1871 664 1888 cum
679 1862 751 1888 omui
762 1861 826 1895 jure
838 1883 845 1894 ‚
861 1861 935 1897 quod
947 1862 974 1887 in
988 1861 1027 1887 eis
1040 1860 1138 1891 habui,
1154 1858 1304 1893 nihiljuris
1318 1858 1428 1884 omnino
1443 1857 1470 1883 in
1485 1858 1524 1883 eis
1539 1857 1604 1883 mihi
1619 1863 1645 1883 et

132 1909 337 1936 successoribus
348 1910 428 1941 meis,
439 1914 552 1944 excepta
562 1908 615 1935 alta
626 1909 744 1943 justitia,
756 1909 790 1935 de
803 1913 912 1935 caetero
922 1917 1079 1938 reservans7
1092 1906 1229 1942 resignavi
1241 1905 1268 1931 in
1282 1914 1377 1931 manus
1386 1904 1550 1931 venerabilis
1562 1905 1645 1940 patris

131 1955 228 1993 Sygeri
237 1977 244 1989 ,
261 1955 367 1982 abbatis
377 1955 530 1982 Ninivensis
539 1977 546 1989 ‚
560 1955 593 1981 ad
608 1965 677 1991 opus
689 1955 778 1982 dictae
789 1954 935 1989 ecclesiae,
949 1959 977 1981 et
987 1963 1037 1990 per
1048 1953 1149 1979 librum
1159 1962 1174 1978 a
1187 1961 1229 1978 me
1242 1952 1269 1978 in
1282 1960 1378 1977 manus
1389 1950 1454 1977 dicti
1466 1951 1572 1977 abbatis
1584 1961 1647 1986 por-

132 2009 237 2031 rectum
249 2004 374 2030 investivi
390 2003 511 2030 eamdem
525 2003 665 2030 ecclesiam
678 2003 712 2029 de
729 2003 808 2029 dictis
824 2003 915 2028 tribus
929 2002 1006 2038 piciis
1021 2001 1092 2037 prati
1102 2001 1167 2035 jure
1178 1999 1362 2026 haereditario
1376 1999 1402 2024 in
1417 2003 1581 2034 perpetuum
1591 2019 1597 2031 ,
1613 1999 1647 2024 ad

132 2059 242 2078 censum
261 2055 382 2086 quatuor
395 2050 571 2077 denariorum
591 2050 787 2077 flandrensium
802 2049 866 2076 mihi
882 2055 909 2075 et
928 2048 1132 2075 successoribus
1145 2047 1212 2073 meis
1230 2046 1368 2072 annuatim
1387 2045 1421 2071 ad
1438 2045 1527 2072 natale
1541 2046 1648 2072 Domini

132 2100 160 2125 in
170 2098 215 2125 die
227 2098 312 2125 sancti
326 2097 457 2133 Stephani
471 2097 664 2124 solvendorum
674 2118 681 2130 ,
695 2107 711 2123 a
723 2097 795 2124 dicta
808 2096 922 2123 ecclesia
934 2095 1058 2122 tenendis
1069 2100 1096 2122 et
1104 2095 1190 2121 libere
1200 2093 1371 2130 possidendis
1381 2093 1408 2119 in
1420 2093 1492 2118 omni
1502 2093 1577 2126 jure.
1592 2098 1646 2118 ter-

135 2146 214 2172 minis
226 2151 253 2172 et
267 2145 393 2172 omnibus
406 2145 527 2172 aisentiis
537 2146 608 2177 suis,
622 2146 649 2171 in
663 2145 765 2181 quibus
777 2144 885 2171 easdem
901 2144 985 2179 picias
999 2143 1071 2179 prati
1083 2143 1216 2169 hactenus
1230 2142 1322 2173 tenui,
1341 2146 1369 2166 et
1383 2144 1465 2175 prout
1478 2139 1648 2175 saepedictae

134 2193 220 2229 piciae
233 2193 303 2228 prati
315 2192 349 2219 de
367 2193 479 2228 speciali
493 2192 620 2219 mandato
635 2201 694 2218 meo
708 2201 756 2227 per
775 2191 920 2227 specialem
935 2191 1097 2217 servientem
1112 2199 1201 2216 meum
1216 2188 1404 2225 Ingelbertum
1418 2187 1452 2213 de
1468 2186 1562 2223 Ilaylte
1574 2186 1646 2212 balli-

136 2251 199 2268 vum
213 2249 301 2267 meum
316 2245 344 2267 et
360 2249 410 2276 per
427 2240 552 2266 scabinos
567 2245 594 2266 et
608 2239 694 2277 legem
709 2239 788 2266 villae
802 2239 836 2265 de
850 2238 978 2274 Apeltren
995 2237 1151 2273 praedictae
1167 2236 1298 2263 ecclesiae
1316 2236 1435 2262 existunt
1452 2234 1603 2270 assignatae
1622 2239 1647 2259 et

135 2288 255 2324 legitime
266 2287 408 2314 limitatae.
424 2286 454 2312 ln
468 2287 548 2322 cujus
555 2287 627 2322 prati
641 2286 838 2322 possessionem
853 2295 901 2321 per
912 2285 1014 2312 dictum
1028 2284 1216 2321 Ingelbertum
1228 2288 1255 2309 et
1270 2283 1357 2309 dictos
1371 2281 1506 2311 scabinos,
1521 2286 1547 2307 et
1561 2281 1646 2317 legem

135 2335 225 2362 dictae
238 2334 318 2360 villae
332 2334 366 2360 de
380 2333 523 2369 Apellam,
537 2333 636 2360 dictam
651 2333 792 2359 ecclesiam
809 2332 860 2358 l'eci
873 2332 943 2358 mitti
957 2331 1036 2358 dictis
1049 2331 1166 2358 scabinis
1178 2330 1210 2356 ad
1224 2330 1398 2356 monitionem
1411 2328 1476 2354 dicti
1490 2327 1516 2354 J.
1527 2328 1648 2362 judican-

135 2383 210 2410 tibus
223 2382 297 2418 quod
311 2382 383 2409 dicta
399 2381 513 2408 ecclesia
527 2381 553 2406 in
568 2381 768 2416 possessionem
782 2379 846 2406 dicti
860 2379 932 2415 prati
943 2379 1063 2415 legitime
1077 2383 1149 2405 esset
1163 2377 1257 2410 missa,
1273 2376 1366 2403 volens
1379 2375 1452 2411 quod
1464 2375 1498 2401 de
1513 2375 1648 2400 fructibus

136 2439 168 2457 ex
181 2429 255 2456 dicto
268 2433 348 2464 prato
363 2428 588 2464 provenientibus
603 2427 725 2463 plenaria
746 2432 773 2453 et
787 2426 915 2453 solemnis
933 2426 1065 2462 pietantia
1084 2425 1199 2461 singulis
1215 2424 1292 2450 annis
1309 2424 1335 2449 in
1354 2427 1518 2458 perpetuum
1536 2423 1562 2448 in
1577 2422 1649 2448 dicto

137 2476 324 2503 anniversario
341 2475 385 2502 die
402 2476 548 2502 conventui
565 2475 655 2501 dictae
671 2474 801 2501 eeclesiae
814 2473 956 2509 splendide
971 2477 1148 2509 procuretur.
1168 2472 1205 2498 Ut
1222 2475 1313 2497 autem
1329 2470 1401 2496 dieta
1418 2469 1528 2496 collatio
1541 2474 1570 2496 et
1585 2470 1651 2496 assi-

137 2524 229 2561 gnatio
245 2523 375 2559 praedicti
389 2524 459 2558 prati
475 2524 552 2550 firma
567 2528 594 2550 et
607 2522 714 2549 stabilis
726 2523 752 2548 in
773 2531 869 2548 aevum
883 2525 1056 2557 permaneat,
1077 2526 1103 2546 et
1120 2529 1154 2546 ne
1171 2519 1244 2546 dicta
1262 2518 1375 2545 ecclesia
1388 2527 1471 2554 super
1484 2517 1557 2544 dicto
1572 2522 1651 2552 prato
