2137 3131
406 371 475 408 930
1010 359 1299 398 APPENDICES.

406 486 465 506 tero
476 481 548 506 dicto
561 479 594 504 de
611 477 731 503 Pomerio
743 473 867 501 similiter
879 471 1060 498 haereditarie
1073 469 1107 495 ad
1123 477 1244 495 annuum
1256 476 1367 494 censum
1385 466 1467 492 unius
1485 464 1590 491 denarii
1608 465 1782 501 possidebat3
1798 475 1917 501 quorum

407 528 537 554 bonorum
550 524 748 560 praedictorum
761 521 880 547 omnium
901 519 1131 553 assignamentum
1147 525 1238 542 coram
1255 524 1296 541 me
1309 520 1336 541 et
1347 523 1439 541 coram
1454 512 1572 539 scabinis
1587 513 1654 539 meis
1669 512 1704 539 de
1718 513 1898 549 Ledebergha
1909 535 1917 546 ,

406 574 519 600 inl'crius
537 571 688 598 subnotatis
706 574 731 595 et
747 577 836 594 coram
849 566 922 592 dicto
934 565 1057 590 Waltcro
1071 564 1104 589 de
1118 563 1242 589 Pomerio
1254 583 1261 593 ,
1285 561 1422 598 praesenti
1435 560 1589 586 contractui
1603 569 1654 595 pro
1671 560 1796 595 portione
1811 569 1840 586 se
1854 569 1920 587 con-

407 622 526 655 tinsgcnte
537 627 672 644 assensum
686 616 846 652 praebente.
860 618 887 639 et
901 622 991 639 coram
1006 611 1064 637 aliis
1076 611 1130 637 side
1142 610 1231 646 dignis
1242 610 1276 636 ad
1289 609 1377 635 hocin
1392 607 1576 634 testimonium
1588 607 1722 637 evocatis,
1736 607 1762 633 in
1775 607 1849 634 hunc
1864 616 1921 634 mo-

407 668 468 693 dum
480 676 494 692 a
508 666 585 691 dictis
596 664 719 699 partibus
733 667 772 688 ost
783 666 934 696 peractum.
948 658 1027 694 Quod
1040 658 1130 684 dictus
1142 657 1298 683 Bel-nardus
1311 656 1383 682 dicta
1393 655 1463 680 bona
1477 663 1548 689 quae
1558 663 1572 679 a
1585 663 1627 680 me
1638 659 1694 680 eta
1709 654 1782 681 dicto
1794 654 1920 681 Waltero

405 713 547 746 dictojurc
561 711 669 737 tencbat
680 730 687 739 ,
702 709 836 735 dictorum
850 707 1024 733 scabinorum
1035 704 1141 739 judicio
1151 724 1157 734 ,
1172 713 1186 730 a
1201 713 1242 730 me
1254 702 1337 729 semel
1352 707 1379 728 et
1393 701 1459 727 alias
1473 710 1488 726 a
1501 700 1686 732 Theoderico,
1697 701 1836 736 quondam
1845 701 1919 728 dicto

407 761 505 789 Mam,
522 757 621 783 famulo
637 765 695 782 meo
709 755 742 781 ad
757 755 807 780 hoc
821 753 975 788 specialiter
991 762 1005 778 a
1020 761 1062 778 me
1074 751 1240 782 constituto,
1257 749 1492 780 submonitorum,
1507 756 1538 773 ac
1551 748 1631 774 etiam
1647 748 1720 774 dicto
1735 748 1858 775 Waltero
1868 757 1920 784 pro

406 807 527 839 suijuris
538 805 662 840 portione
676 813 690 829 a
704 812 745 829 me
759 802 792 828 ad
805 801 959 828 instantiam
975 800 1060 835 ipsius
1077 798 1128 824 hac
1147 799 1205 824 vice
1219 806 1411 824 concessorum
1422 817 1429 826 ,
1445 797 1472 822 in
1492 805 1588 822 manus
1609 800 1733 822 nostrum
1753 796 1834 822 trium
1845 816 1852 827 ,
1869 797 1921 823 mei

405 853 505 880 scilicet
519 857 544 878 ct
557 852 691 877 dictorum
706 848 882 877 Theoderici,
899 847 993 873 famuli
1008 847 1058 873 mei
1069 867 1075 877 ,
1091 851 1119 872 et
1134 845 1267 876 Waheri,
1282 844 1432 871 effesiueali
1448 843 1609 879 werpitione
1622 843 1772 875 mediante,
1787 843 1874 870 libere
1885 844 1919 870 ad

407 909 474 936 opus
487 899 574 925 dictae
589 897 717 924 ecclesiae
729 895 894 931 reportavit.
912 899 939 921 et
951 903 1000 920 nos
1014 893 1087 920 dicta
1099 893 1170 919 bona
1183 893 1208 918 in
1224 901 1320 918 manus
1334 897 1454 923 nostras,
1472 896 1502 917 ut
1515 891 1618 917 dictum
1630 896 1685 923 est,
1697 900 1759 917 cum
1772 891 1866 918 debita
1877 900 1922 918 so-

405 947 540 974 lemnitate
559 949 696 980 reportata
711 944 798 970 dictae
809 942 939 969 ecclesiae
952 940 1119 967 contulimus
1130 961 1136 972 ,
1155 940 1292 966 dictorum
1305 939 1480 966 scabinorum
1489 938 1595 973 judicio
1608 938 1642 964 ad
1654 938 1705 965 hoc
1715 939 1768 965 rite
1781 939 1922 966 submoni-

405 1001 493 1021 torum
502 1015 508 1025 ,
519 994 552 1019 ab
563 993 634 1018 omni
644 991 817 1027 obligationis
829 999 912 1016 onere
928 989 1067 1015 liberrima
1076 988 1141 1022 jure
1155 987 1340 1014 haereditario
1349 1008 1356 1018 ‚
1367 987 1419 1013 sub
1430 996 1523 1012 annno
1532 995 1616 1012 censu
1627 986 1721 1012 debito
1729 986 1763 1012 ab
1774 986 1868 1012 eadem
1877 995 1922 1013 ec-

404 1042 483 1068 clesia
502 1040 564 1066 mihi
581 1038 688 1065 etdicto
703 1037 837 1069 Waltero⁷
857 1045 907 1072 pro
921 1036 1047 1071 portione
1063 1044 1128 1067 sna,
1146 1035 1180 1061 de
1192 1039 1302 1061 caetero
1315 1033 1498 1069 persolvendo
1512 1033 1539 1059 in
1556 1037 1721 1068 perpetuum
1739 1033 1918 1069 possidenda;

406 1091 441 1115 ita
455 1089 584 1114 duntaxat
600 1091 627 1111 ut
638 1106 644 1115 ,
661 1085 682 1111 si
696 1085 784 1111 dictus
798 1083 953 1110 Bernardus
967 1083 1055 1109 dictos
1072 1087 1183 1108 centum
1202 1081 1304 1108 solidos
1317 1081 1426 1107 nomine
1439 1081 1523 1106 annui
1538 1080 1663 1106 redditus
1674 1080 1708 1106 ab
1725 1080 1820 1107 eodem
1832 1081 1921 1108 dictae

405 1136 532 1162 ccclesiae
545 1134 651 1160 debitos
665 1132 697 1158 ad
713 1132 814 1158 dictum
828 1131 974 1157 terminum
988 1130 1077 1156 dictae
1092 1130 1222 1156 solutioni
1238 1129 1401 1164 deputatum
1417 1137 1471 1154 non
1487 1127 1666 1163 persolverit,
1683 1127 1731 1154 sed
1744 1128 1771 1154 in
1783 1128 1921 1155 solutione

407 1183 561 1209 corumdem
573 1181 622 1207 nisi
634 1190 682 1215 per
690 1180 787 1205 dictam
797 1178 936 1205 ecclesiam
946 1178 1054 1204 steterit
1065 1177 1207 1213 negligens
1219 1176 1303 1203 suerit
1313 1181 1341 1202 et
1350 1176 1480 1202 remissus
1488 1197 1494 1207 ,
1508 1180 1536 1202 et
1547 1181 1613 1201 tunc
1624 1175 1650 1201 in
1659 1175 1738 1201 dictis
1748 1175 1828 1201 bonis
1836 1176 1924 1202 omni-

407 1231 456 1256 bus
467 1230 538 1255 dicto
550 1228 747 1263 assignamcnto
758 1247 764 1258 ,
779 1231 809 1251 ιιι
823 1225 924 1251 dictum
938 1229 980 1250 est
993 1224 1121 1259 superius
1131 1245 1137 1254 ,
1153 1223 1292 1259 deputatis
1302 1244 1309 1255 7
1324 1223 1415 1249 dictus
1427 1222 1584 1248 Bernardus
1597 1221 1664 1248 nihil
1680 1221 1753 1256 juris
1766 1222 1800 1248 de
1811 1227 1922 1250 caetero

406 1277 455 1303 sibi
467 1284 598 1311 usurpare
613 1274 714 1310 poterit
726 1273 766 1299 vel
780 1272 891 1298 debebit
901 1293 908 1304 ⁷
926 1271 973 1298 sed
990 1272 1062 1297 dicta
1076 1271 1190 1298 ecclesia
1207 1271 1278 1297 bona
1293 1271 1381 1297 omnia
1394 1270 1535 1306 praedicta
1549 1270 1621 1296 sicut
1636 1269 1832 1296 haereditatem
1845 1279 1921 1297 suam

406 1323 541 1358 propriam
559 1321 729 1357 postmodum
744 1320 847 1355 absque
860 1319 932 1345 omni
946 1318 1082 1345 calumnia
1099 1319 1125 1344 in
1140 1323 1306 1354 perpetuum
1322 1317 1453 1344 fruitione
1467 1317 1580 1353 pacifica
1594 1317 1755 1352 possidebit.
1776 1317 1923 1345 Praeterea

407 1370 552 1397 notandum
567 1368 691 1404 estquod
706 1367 841 1403 praesenti
856 1366 1004 1393 conditioni
1015 1366 1050 1392 de
1062 1375 1197 1392 consensu
1212 1366 1331 1401 partium
1346 1370 1387 1391 est
1399 1365 1536 1399 adjectum
1548 1385 1554 1395 ,
1575 1365 1650 1400 quod
1662 1364 1752 1391 dictus
1767 1365 1922 1392 Bernardus

406 1427 487 1453 supra
498 1425 626 1443 summam
637 1415 771 1441 dictorum
783 1418 891 1440 centum
901 1413 1051 1440 solidorum
1060 1413 1095 1439 ab
1106 1413 1200 1439 eodem
1209 1412 1298 1440 dictae
1306 1411 1452 1439 eccclesiae
1463 1411 1572 1438 nomine
1583 1412 1667 1437 annui
1677 1411 1802 1438 redditus
1810 1433 1817 1444 ‚
1827 1417 1859 1438 ut
1865 1412 1923 1439 dic-

407 1470 463 1490 tum
477 1468 533 1495 est,
549 1462 581 1488 ad
600 1462 701 1488 dictum
718 1461 862 1487 terminum
875 1461 952 1486 annis
965 1459 1080 1495 singulis
1094 1459 1252 1485 debitorum
1270 1469 1403 1485 summam
1421 1458 1505 1484 annui
1517 1467 1616 1484 census
1630 1458 1664 1484 de
1675 1458 1755 1484 dictis
1768 1459 1848 1486 bonis
1861 1461 1923 1486 uni-

406 1511 491 1537 versis
507 1510 604 1543 debiti,
622 1508 723 1535 scilicet
740 1509 861 1543 quinque
875 1507 976 1533 solidos
994 1512 1021 1533 et
1041 1516 1087 1532 sex
1106 1506 1233 1532 denarios
1251 1511 1278 1532 et
1300 1505 1411 1532 obolum
1428 1504 1630 1531 bruxellensem
1651 1514 1702 1540 pro
1727 1515 1833 1533 summa
1856 1507 1921 1534 dicti

405 1567 517 1586 census,
533 1566 612 1592 quem
634 1564 742 1581 censum
763 1554 834 1580 dicta
854 1554 966 1580 ecclesia
981 1554 1087 1580 solvere
1107 1559 1218 1579 tenetur
1235 1553 1365 1588 deinceps
1383 1562 1415 1579 ex
1436 1552 1565 1578 condictu
1579 1552 1613 1578 ad
1628 1553 1775 1580 terminum
1791 1554 1922 1582 solutioni

404 1606 537 1632 dictorum
552 1609 660 1630 centum
678 1602 824 1628 solidorum
841 1602 969 1637 superius
982 1601 1162 1637 deputatum⁹
1178 1605 1206 1627 et
1217 1601 1369 1627 secundum
1390 1600 1504 1626 formam
1520 1605 1548 1626 et
1561 1600 1745 1627 conditionem
1763 1602 1921 1629 earumdem

406 1651 594 1688 praesentibus
606 1659 759 1685 expressam
771 1648 1005 1684 recompensando
1015 1669 1022 1681 ⁷
1038 1648 1265 1675 solveretenelur
1278 1649 1367 1674 dictae
1376 1648 1505 1674 ecclesiae
1513 1648 1612 1683 quovis
1620 1657 1703 1674 anno.
1717 1648 1753 1675 Ut
1761 1654 1852 1676 autem
1865 1660 1924 1676 om—

405 1701 448 1725 nia
461 1698 608 1735 praelibata
624 1698 650 1722 in
665 1701 803 1732 posterum
816 1705 942 1722 successu
955 1696 1085 1731 temporis
1105 1698 1132 1721 in
1147 1695 1240 1721 debito
1254 1696 1355 1721 robore
1370 1694 1459 1721 valida
1471 1699 1664 1730 perseverent,
1681 1701 1852 1730 praesentem
1863 1706 1923 1724 car—

406 1752 458 1772 tam
468 1745 501 1771 ad
511 1745 662 1771 instantiam
672 1743 737 1769 dicti
749 1743 878 1769 Bel-nardi
890 1744 1025 1770 conscribi
1037 1742 1086 1770 feci
1097 1765 1104 1776 ‚
1117 1748 1145 1770 et
1154 1743 1242 1770 dictae
1256 1742 1387 1769 ecclesiae
1399 1742 1503 1768 contuli
1517 1741 1670 1778 sigillorum
1684 1743 1736 1769 mei
1749 1748 1777 1770 et
1786 1744 1922 1772 dictorum

405 1794 576 1820 scabinorum
590 1791 802 1827 appensionibus
814 1791 982 1817 roboratam.
996 1791 1090 1817 Testes
1105 1791 1185 1817 etiam
1200 1790 1248 1826 qui
1261 1789 1454 1826 praesentibus
1464 1788 1652 1815 interfuerunt
1663 1791 1766 1826 rogati,
1782 1796 1848 1817 sunt.
1861 1791 1924 1819 isti:

407 1841 560 1869 Waherus,
579 1838 667 1864 dictus
684 1838 808 1864 Cardinal
820 1849 826 1871 ς
839 1838 979 1864 walterus
998 1838 1082 1865 Adele
1092 1860 1099 1870 ⁷
1115 1838 1263 1874 XVoytinus
1273 1838 1307 1863 de
1322 1836 1420 1869 I‘olka,
1434 1835 1551 1873 Soyman
1563 1857 1570 1869 ‚
1585 1836 1638 1863 Th.
1655 1837 1753 1870 Morre,
1769 1837 1924 1866 YVillelmus

407 1888 439 1914 de
454 1887 584 1923 Bet-qhen,
599 1885 761 1917 Pal-idanus,
777 1886 880 1912 scabini
892 1886 926 1911 de
942 1886 1119 1922 Ledeberqlie;
1134 1885 1219 1912 frater
1232 1885 1387 1912 XVillelmus
1405 1884 1438 1911 de
1451 1883 1520 1918 Hal,
1538 1889 1594 1910 tum
1609 1885 1746 1920 quondam
1761 1886 1859 1921 abbas,
1876 1886 1925 1913 Jo-

407 1936 524 1965 liannes,
550 1934 731 1969 praepositus,
757 1933 909 1966 Jobanncs‚
935 1933 1080 1969 presbyter
1103 1933 1137 1960 de
1158 1933 1291 1965 Pamella,
1307 1932 1467 1964 wibertus,
1493 1932 1616 1958 canonici
1634 1932 1811 1966 Ninivenses,
1831 1939 1859 1960 et
1879 1933 1924 1961 alii

408 1981 590 2018 quamplures.
607 1981 702 2007 Actum
718 1989 787 2006 anno
798 1981 902 2017 gratiae
914 1980 1081 2007 MCCLXVII
1093 2002 1099 2014 ‚
1117 1990 1208 2007 mense
1222 1980 1384 2007 Februario.

1165 2046 1274 2078 Original
1282 2065 1289 2076 7
1301 2045 1368 2070 muni
1378 2045 1406 2069 ‹le
1417 2045 1479 2068 deux
1489 2052 1575 2069 sceaux
1584 2063 1590 2075 ‚
1601 2045 1623 2069 le
1634 2045 1737 2077 premier
1747 2053 1777 2070 en
1789 2046 1837 2071 cire
1849 2047 1924 2072 bruno

1195 2093 1217 2114 et
1227 2089 1311 2114 l'autre
1322 2096 1350 2113 cn
1361 2088 1409 2112 cire
1421 2087 1530 2112 blanche.

1119 2183 1180 2194 l
