2137 3131
462 368 531 403 372
801 365 975 401 CORPUS
1001 362 1331 398 CHRONICORUM
1359 362 1471 396 FLAN
1479 361 1624 395 DRIAE.

879 473 987 506 Etiam
1008 471 1247 517 processiones

873 531 1130 578 Religiosorum
1150 542 1272 563 omnes
1284 557 1292 573 7

778 589 847 625 355
873 589 972 623 Sicut
989 595 1063 622 erat
1081 595 1293 622 consuetum
1309 602 1316 629 ς

873 649 973 682 Certe
992 654 1138 694 propter
1158 647 1280 680 mortis
1299 653 1432 680 metum
1448 673 1455 678 .

875 708 966 748 Quia
986 719 1115 753 pompa
1133 712 1216 740 sunt
1234 706 1352 739 omnia
1368 732 1375 745 7

876 766 1059 800 Prohibita
1077 772 1160 799 sunt
1178 766 1259 799 talia
1271 792 1279 806 ·.

877 826 902 858 A
922 825 1003 858 viris
1022 824 1238 869 sapientibus
1250 850 1258 866 7

780 884 849 918 360
876 884 984 917 Villae
1001 882 1315 931 gubernatoribus.

879 943 927 976 De
946 942 1155 988 corporibus
1174 942 1281 975 fiebat
1294 968 1302 984 7

879 1000 1003 1034 Statim
1023 1001 1050 1034 si
1067 1000 1146 1046 quis
1163 998 1373 1040 decedebatg

878 1062 979 1094 Fossa
997 1072 1060 1093 sua
1079 1058 1268 1093 fodebatur
1281 1085 1289 1101 7

878 1119 919 1152 Et
937 1119 972 1151 in
990 1125 1082 1151 terra
1102 1118 1302 1163 ponebatur
1320 1143 1327 1160 7

783 1177 852 1212 365
879 1177 947 1211 Pro
967 1177 1058 1210 sanis
1077 1183 1115 1210 ut
1134 1189 1205 1210 non
1225 1176 1369 1218 feteret7

879 1237 951 1270 Nec
968 1235 1166 1269 viventibus
1185 1242 1345 1276 noceret.¹

882 1294 1073 1328 Decederet
1092 1294 1127 1327 in
1146 1306 1215 1339 qua
1234 1293 1333 1326 hora.

880 1354 953 1386 Hoc
973 1353 1079 1386 fiebat
1097 1352 1169 1385 sine
1189 1364 1287 1384 mora

881 1411 1124 1446 Communiter
1143 1410 1186 1443 de
1206 1409 1373 1444 omnibus

786 1470 854 1506 370
882 1470 1000 1504 Parvis
1019 1477 1125 1515 atque
1143 1468 1323 1502 divitibus.

882 1529 922 1562 In
941 1528 1093 1562 crastino
1112 1527 1299 1560 veniebant

882 1587 993 1621 Amici
1006 1614 1014 1630 7
1034 1587 1095 1620 ubi
1115 1586 1250 1619 fiebant

880 1647 949 1681 Pro
969 1645 1101 1680 eisdem
1120 1644 1272 1678 servitia.

882 1706 921 1739 In
942 1705 1051 1738 electa
1069 1704 1215 1738 ecclesia
1232 1730 1239 1746 7

789 1764 858 1800 375
884 1765 926 1798 Et
944 1776 1069 1798 eorum
1088 1762 1272 1809 exequiae7

884 1823 1033 1858 Orantes
1053 1834 1117 1868 pro
1136 1822 1184 1855 eis
1202 1822 1257 1867 pie
1273 1835 1281 1860 ς

884 1883 950 1917 Ubi
970 1882 1083 1916 solum
1103 1881 1338 1927 portabantur

884 1942 926 1975 Et
944 1940 1075 1975 ibidem
1093 1940 1317 1986 ponebantur

885 2002 981 2035 Duae
1000 2000 1164 2034 candelae
1183 1999 1359 2033 ardentes.

788 2059 857 2095 380
884 2059 939 2094 Sic
958 2072 1106 2106 pompas
1125 2060 1283 2093 vitabant
1300 2065 1443 2106 gentes:

885 2119 927 2152 Et
946 2119 1028 2164 quia
1047 2118 1255 2151 coemeteria

885 2178 963 2211 Jam
982 2177 1222 2222 implebantur
1240 2176 1358 2209 omnia
1373 2203 1380 2219 7

884 2237 926 2270 Et
944 2236 1035 2269 fetor
1054 2235 1183 2268 multos
1202 2234 1371 2282 gravabat

885 2296 935 2328 De
952 2294 1074 2328 vicinis
1092 2300 1127 2327 et
1145 2294 1315 2336 nocebat7

789 2353 859 2390 385
885 2354 998 2400 Super
1016 2354 1084 2387 hoc
1103 2353 1170 2387 fuit
1183 2353 1363 2399 provisum

887 2413 999 2456 Bene7
1020 2418 1060 2445 ut
1079 2412 1166 2445 mihi
1186 2418 1238 2445 est
1257 2411 1385 2445 visum.

886 2470 1069 2504 Crescente
1088 2470 1299 2504 mortalitate
