2137 3131
456 362 526 397 1080
794 360 970 396 CORPUS
997 357 1327 393 CHROMCORUM
1356 357 1617 391 FLANDRIAE.

457 477 636 517 perspecta
665 469 714 502 iel
741 482 759 501 a
782 469 852 501 suis
881 466 1209 513 praedecessoribus
1235 472 1394 511 accepta.
1425 465 1593 498 anemoria
1618 471 1735 498 tenere
1758 471 1962 510 potuerunt.

454 529 542 563 Nam
561 529 623 561 etsi
643 540 732 573 quae
752 539 792 559 ex
815 526 923 558 multa
939 525 1011 569 jan:
1032 531 1144 558 aetate
1165 531 1298 570 patrata
1322 531 1421 565 sunt.
1446 523 1583 557 silentio
1607 523 1658 556 vel
1678 523 1853 557 oblivione
1874 524 1965 557 obli-

457 593 583 623 lerata,
614 586 657 619 ab
687 585 852 617 omnibus
879 582 1138 629 propemodum
1164 583 1351 630 contigerit
1376 582 1548 630 ignorari.
1578 587 1745 628 poterunt
1770 589 1886 616 tamen
1915 583 1966 615 vel

456 660 472 679 a
494 644 612 691 paucis
630 650 732 689 pacto
752 642 877 689 quovis
895 641 1032 688 agnita7
1057 641 1285 675 nihilominus
1304 641 1473 674 memoria
1493 641 1703 674 conservari.
1733 640 1850 674 Rebus
1871 652 1968 673 nam—

456 717 524 750 que
550 702 849 749 praetereuntium
875 708 1078 747 temporum
1095 701 1167 734 sola
1191 706 1368 746 superstes
1389 700 1539 733 existens
1560 700 1728 733 memoria
1750 698 1812 732 diu
1831 698 1914 731 vivit
1932 698 1968 731 in

456 769 649 808 posterum.
669 761 727 794 His
744 760 960 806 praemissis.
981 758 1025 793 ad
1045 771 1084 792 ea
1103 771 1193 804 quae
1212 758 1256 791 de
1275 758 1424 791 civitatis
1444 757 1706 791 constructione
1723 756 1873 790 dicenda
1886 762 1969 790 sunt

455 820 674 854 accedamus.

506 879 705 912 'fornacum
723 878 841 924 itaque
860 877 988 911 Galliae
1012 876 1169 924 Belgicae
1188 876 1364 909 civitatem
1387 874 1670 920 antiquissimam
1692 886 1786 917 esse7
1808 873 1966 920 antiqui-

456 945 511 972 tus
529 938 633 971 etiam
652 937 743 970 inter
760 949 838 969 suas
857 936 1023 969 finitimas
1041 936 1197 969 civitates
1217 934 1470 968 nobilissimam
1489 933 1653 967 claruisse
1666 960 1674 975 7
1695 939 1735 966 ut
1752 945 1793 966 ex
1808 939 1966 966 veterum

456 997 593 1042 scriptis
626 995 872 1042 cognoscimus
885 1021 893 1035 .
923 993 1109 1028 ostendere
1141 994 1175 1027 in
1205 999 1374 1039 promptu
1402 992 1587 1026 habemus.
1625 990 1714 1024 Sunt
1743 991 1837 1024 enim
1871 1002 1970 1024 com-

456 1056 574 1102 plura.
597 1067 637 1087 ex
657 1054 787 1099 quibus
809 1065 880 1086 non
905 1052 1092 1086 mediocris
1111 1052 1315 1097 conjectura
1339 1050 1384 1084 de
1408 1050 1556 1084 civitatis
1579 1050 1745 1095 opinione
1768 1049 1967 1097 colligatur.

456 1113 700 1155 Jheronimus7
722 1112 830 1145 homo
850 1124 1008 1145 summae
1028 1111 1209 1151 scientiae.
1232 1118 1265 1144 ct
1284 1111 1345 1156 qui
1365 1110 1525 1143 universa
1539 1109 1712 1142 librorum
1731 1107 1970 1154 percurrendo

458 1173 650 1206 solumina.
670 1171 826 1217 potuerit
840 1171 1058 1216 ubicumque
1072 1176 1246 1203 terrarum
1264 1175 1360 1216 gesta
1370 1195 1378 1211 .
1398 1168 1521 1202 litteris
1535 1167 1706 1201 duntaxat
1715 1166 1868 1214 digesta,
1882 1179 1971 1213 pene

458 1244 557 1265 nosse
573 1231 709 1273 omnia.
732 1242 796 1263 nec
816 1230 888 1275 ipse
907 1228 1071 1275 quidem.
1093 1228 1253 1275 quamvis
1274 1228 1398 1273 procul
1417 1227 1550 1273 positus
1571 1232 1784 1260 memoratae
1803 1226 1968 1268 civitatis.

459 1303 587 1324 nomen
607 1301 646 1323 ac
669 1290 846 1322 fortunam
866 1289 1006 1335 ignorat
1023 1294 1129 1333 atquc
1153 1287 1275 1320 reticet
1293 1286 1445 1332 penitus.
1470 1285 1510 1318 In
1528 1285 1674 1330 epistola
1692 1297 1846 1330 namque
1864 1296 1971 1331 quam

459 1349 503 1383 ad
526 1347 758 1397 Ageruchiam
777 1347 915 1388 scribit.¹
937 1347 1028 1379 inter
1052 1346 1117 1379 alia
1136 1345 1353 1378 mentionem
1374 1344 1455 1377 facit
1473 1342 1517 1376 de
1536 1343 1761 1376 subversione
1781 1342 1970 1376 Galliarum

460 1414 659 1455 perpetrata
678 1407 722 1439 ab
742 1406 871 1439 Hunis.
893 1406 954 1451 qui
973 1412 1054 1438 sunt
1074 1405 1259 1438 Pannonii.
1284 1404 1349 1436 Ubi
1372 1403 1464 1436 inter
1482 1409 1617 1435 caetera
1635 1401 1859 1435 desolationis
1877 1400 1969 1443 loca.

459 1468 650 1501 Remorum
675 1465 799 1498 urbem
826 1470 1091 1509 praepotentem
1105 1490 1112 1495 .
1142 1463 1366 1495 Atrebatum.
1398 1461 1597 1494 'fornacum
1611 1487 1619 1494 .
1642 1467 1887 1505 extremosque
1905 1458 1973 1492 ho-

460 1527 598 1559 minum
618 1524 789 1557 Morinos.
812 1529 958 1556 cunctas
980 1522 1165 1567 populatas
1189 1533 1280 1554 esse.
1307 1526 1574 1554 commemorat.
1596 1518 1674 1551 Non
1694 1518 1871 1551 immerito
1889 1529 1973 1564 ergo

461 1583 634 1618 creditur.
652 1581 749 1628 quod
764 1582 839 1627 ipso
855 1580 980 1614 eodem
995 1580 1213 1626 tempestatis
1231 1579 1392 1621 turbine.
1409 1591 1481 1624 quo
1498 1578 1689 1611 Remorum
1703 1577 1822 1610 civitas
1834 1588 1854 1610 a
1867 1575 1975 1609 WVan-

461 1643 547 1676 dalis
561 1653 678 1674 eversa
693 1647 760 1682 est.
779 1639 1008 1673 'l'ornacensis
1023 1651 1168 1684 quoqne
1185 1639 1313 1684 pariter
1328 1637 1484 1670 involuta
1494 1643 1557 1669 est.
1571 1635 1677 1677 Quod
1691 1636 1752 1681 qui
1766 1635 1974 1681 improban-

462 1701 548 1734 dum
578 1698 769 1745 putaverit7
796 1696 957 1731 ostendat
984 1697 1035 1730 vel
1062 1697 1136 1742 ipse
1160 1695 1336 1729 excidium
1356 1694 1442 1728 illud
1469 1694 1637 1737 Tornaci.
1661 1706 1733 1740 quo
1753 1693 1974 1739 potissimum

461 1766 620 1803 tempore
640 1756 691 1789 vel
712 1768 730 1789 a
750 1755 880 1802 quibus
899 1755 1064 1803 gentibus
1089 1754 1374 1788 administratum
1397 1753 1451 1786 sit.
1474 1752 1597 1798 Neque
1616 1752 1711 1785 enim
1728 1752 1971 1795 Jheronimus.

462 1817 521 1850 illo
540 1817 576 1849 in
596 1816 672 1849 loco
686 1842 694 1857 ἢ
716 1815 781 1848 alia
799 1820 1071 1856 commemorat.
1094 1825 1202 1859 quam
1221 1825 1312 1859 quae
1331 1824 1394 1846 suo
1412 1819 1572 1857 tempore
1590 1811 1643 1845 vel
1661 1811 1752 1845 forte
1770 1811 1875 1857 paulo
1895 1817 1975 1844 ante

463 1882 559 1923 gesta
580 1875 709 1921 legerat
728 1873 801 1918 ipse
819 1873 888 1905 six-e
907 1871 1078 1905 audierat.
1102 1870 1294 1905 Audoe'nus
1313 1882 1469 1917 quoque.
1491 1870 1829 1917 Rothomagensium
1845 1869 1976 1915 episco-

464 1946 547 1979 pus.
571 1933 604 1966 in
624 1932 729 1979 gestis
748 1931 840 1964 beati
866 1931 981 1977 Eligit.
999 1931 1071 1976 jam
1093 1942 1134 1963 eo
1153 1930 1219 1963 loci
1239 1930 1380 1962 veniens
1398 1935 1437 1962 ut
1456 1927 1500 1962 de
1523 1927 1680 1973 ejusdem
1701 1927 1976 1962 Tornacensium

465 2004 504 2025 ac
531 1990 819 2024 Noviomeusium
844 1989 998 2034 episcopi
1023 1994 1142 2022 narret
1164 1987 1405 2029 ordinatione.
1434 1992 1688 2020 commemorat
1710 1986 1815 2019 etiam
1839 1985 1976 2020 Torna—

465 2063 547 2083 cum
574 2049 748 2082 civitatem
773 2047 954 2094 quondam
974 2048 1127 2095 regalem
1149 2046 1330 2080 exstitisse.
1358 2047 1407 2080 De
1431 2045 1532 2091 cujus
1550 2045 1693 2091 propria
1715 2045 1977 2078 constructione

466 2110 535 2142 sive
557 2108 796 2141 destructione
818 2106 962 2153 quidam
987 2105 1083 2152 apud
1101 2118 1164 2140 nos
1187 2105 1324 2139 libellus
1342 2105 1506 2138 habetur.
1536 2103 1634 2145 Quae
1657 2103 1803 2150 quidem
1828 2103 1973 2149 scripta.

467 2168 567 2201 nobis
593 2179 653 2200 seu
671 2167 863 2211 majoribus
881 2167 1008 2199 nostris
1026 2178 1209 2211 nunquam
1229 2171 1331 2198 antea
1354 2164 1424 2197 risa
1445 2163 1496 2196 vel
1520 2162 1658 2206 audita.
1683 2163 1736 2196 vel
1756 2163 1830 2208 ipsa
1855 2162 1976 2196 saltem

466 2227 599 2259 litterae
619 2225 803 2271 superficie
826 2223 981 2272 digesta.
1010 2223 1139 2257 alicubi
1160 2223 1318 2257 locorum
1343 2222 1500 2263 inventa.
1530 2222 1591 2254 uni
1612 2227 1750 2254 tantum
1776 2220 1977 2254 Tornacen—

467 2285 555 2318 sium
580 2284 788 2318 clericorum
812 2283 1073 2317 adolescentulo
1097 2289 1235 2329 praeter
1260 2294 1357 2327 spem
1385 2293 1499 2326 nuper
1521 2286 1573 2314 est
1595 2280 1745 2313 revetata
1767 2279 1836 2312 hoc
1854 2277 1972 2312 modo.

516 2342 668 2383 Quidam
688 2341 905 2385 adolescens.
923 2342 1183 2376 concanonicus
1198 2347 1328 2383 noster.
1347 2340 1490 2374 nomine
1506 2339 1694 2381 Hem-icus,
1712 2337 1865 2384 paschali
1884 2343 1976 2370 tem-

469 2413 552 2446 pore
567 2427 574 2443 .
591 2401 676 2434 feria
694 2400 864 2443 secunda.
883 2409 930 2434 1310
944 2400 1109 2434 kalendas
1123 2400 1222 2443 Maii„
1238 2399 1435 2445 vespertina
1449 2398 1554 2441 hora,
1567 2397 1641 2443 jam
1655 2397 1845 2430 incubante
1858 2400 1975 2438 nocte.

468 2459 561 2492 solus
581 2459 670 2492 forte
689 2471 751 2504 per
770 2471 895 2492 novam
916 2459 1084 2492 fabricam
1107 2458 1270 2492 ecclesiae
1289 2457 1323 2491 S.
1347 2457 1474 2490 Mariae
1491 2456 1564 2490 sine
1583 2455 1700 2500 aliquo
1719 2454 1845 2487 timore
1862 2459 1979 2487 trans-
