2118 3184
754 397 1038 432 API'ENDICES.
1588 397 1664 433 8323

136 507 162 527 vt
173 502 341 528 sacci-dotem
355 503 388 530 de
402 504 551 530 Lumbecca
565 513 615 539 pro
631 505 977 540 assignationejnnioratus
989 504 1157 540 aliquamdiu
1166 504 1321 532 ventilatam
1333 526 1339 537 ‚
1349 516 1381 532 ex
1397 510 1543 541 praecepto
1555 511 1581 531 et
1596 514 1660 531 aue-

135 549 247 574 toritate
264 549 365 576 domini
384 550 472 578 Petri.
495 550 694 577 Cameracensis
711 551 849 586 episcopi,
866 551 958 577 audita
974 552 1118 586 utriusque
1139 552 1224 587 partis
1237 546 1400 587 allegatione
1412 573 1418 585 ‚
1437 552 1471 578 de
1491 552 1658 587 prudentum

137 596 260 622 virorum
274 597 388 623 consilio
404 603 431 624 et
447 598 571 633 partibus
585 598 648 624 hinc
663 598 726 624 iude
740 599 990 629 consentientibus,
1007 599 1032 624 in
1054 598 1126 624 hunc
1140 599 1249 625 modum
1263 600 1406 625 terminavi
1421 599 1572 626 :decimam
1589 608 1660 634 quae

137 643 171 670 de
189 644 327 670 Str-iubent
339 665 346 676 ‚
365 649 447 680 prout
463 644 541 679 palus
555 644 651 671 dividit
665 645 712 680 qui
725 645 797 678 jacet
820 646 891 671 inter
903 645 1029 671 Striclaem
1044 651 1071 671 et
1090 646 1179 672 vicum
1196 646 1330 672 s.-(;0hte
1340 667 1346 678 ‚
1364 646 1538 682 integraliter
1551 645 1662 672 habebit

137 696 258 726 quatuor
271 690 313 717 vel
326 691 450 726 quinque
462 691 638 718 bonariorum
659 691 786 718 S.-I)11hs
799 692 827 718 dr
841 702 913 721 csc.,
929 697 956 718 et
975 693 1013 719 sic
1030 692 1185 729 Ilolleqrahl
1201 693 1316 719 includit
1332 693 1366 719 ab
1385 692 1545 729 Hune-rspal
1566 701 1660 719 versus

135 739 239 764 curiam
255 739 370 772 Canem,
382 738 524 765 sacerdote
538 738 671 774 reliquam
682 739 814 766 decimam
826 739 860 765 de
875 739 1026 766 Lumbecca
1039 745 1121 775 prout
1135 740 1265 775 parochia
1279 750 1308 767 se
1319 740 1441 766 extendit
1453 741 1606 766 obtinente.
1623 739 1661 765 De

136 786 310 812 nutrimentis
324 792 415 812 autem
429 786 585 812 animalium
595 787 621 812 in
632 787 761 822 parochia
771 787 804 813 de
815 786 943 813 Stritlnem
954 808 960 819 ,
974 787 1105 813 decimam
1120 787 1195 814 solus
1207 787 1319 814 habebit
1333 788 1460 814 sacerdos
1471 808 1477 818 ,
1494 788 1520 813 in
1530 786 1659 822 parochia

136 841 202 858 vero
212 832 246 858 de
256 832 407 858 Lumbecca
423 833 575 868 acqualiter
588 833 739 862 dividetur.
753 834 787 860 de
799 843 909 860 nemore
920 844 985 860 vero
999 834 1074 870 qnod
1085 834 1186 860 dicitur
1199 834 1333 860 Banvorst
1342 856 1349 867 ,
1363 835 1384 861 si
1396 834 1522 860 dominus
1532 834 1566 860 de
1580 834 1658 860 Lide-

134 878 230 912 kerka,
239 879 266 905 iu
276 884 415 914 posterum
426 879 496 906 sorte
505 880 608 916 aliquid
620 882 775 907 sartavcrit-
786 890 873 916 aequa
886 890 948 916 pars
955 880 1075 906 decimae
1087 890 1219 916 personae
1227 881 1305 907 cedet
1319 885 1347 907 ct
1358 880 1505 907 sacerdoti.
1521 880 1553 906 I't
1565 885 1655 906 autem

135 925 202 952 haec
216 931 275 952 rata
293 932 471 962 permaneant
490 933 516 954 et
536 928 711 961 inconvulsa⁷
731 930 862 964 scriptum
878 928 929 954 hoc
947 928 1027 963 sigilli
1049 929 1100 954 mci
1114 929 1280 964 appensione
1301 933 1328 955 ct
1342 929 1451 954 testium
1467 928 1658 954 subnotatione

133 973 277 1000 confirmo.
298 974 411 1011 Signum
428 975 533 1011 Algoii,
549 976 674 1010 abbatis;
691 976 718 1002 S.
737 976 875 1007 Damiani,
898 976 1014 1011 prioris-5
1034 975 1143 1002 Mardi.
1165 977 1329 1011 praepositi;
1346 976 1375 1002 S.
1392 976 1549 1006 Gilleberti,
1568 984 1654 1000 sacer-

133 1020 206 1047 dotis
219 1020 253 1047 de
264 1021 414 1048 Lumbecca
428 1033 434 1055 3
452 1021 580 1049 willelmi
592 1022 625 1048 dc
639 1022 744 1049 I‘amcla
759 1028 786 1049 et
800 1022 896 1059 Sygeri
907 1043 913 1048 .
930 1022 1115 1049 sacerdotum.

1153 1088 1283 1112 cartulaire
1293 1088 1322 1111 de
1334 1088 1441 1112 Malines.

841 1159 921 1171 l

775 1345 1023 1379 CLXXXVIII.

134 1435 242 1478 Jeau,
266 1436 379 1483 doyen
401 1436 442 1470 de
463 1436 714 1479 S‘-Germaz'n,
738 1442 770 1470 et
791 1436 976 1479 Pe'ronne,
1002 1436 1160 1483 doyemze
1186 1437 1226 1471 (le
1250 1437 1372 1484 l’eylz'se
1388 1438 1590 1484 principale
1613 1439 1653 1472 cle

182 1493 302 1537 Mons,
325 1494 503 1529 declarent
519 1495 651 1541 qu’une
669 1495 892 1529 clianohwsse
909 1495 950 1529 de
969 1494 1074 1529 Mons
1091 1508 1114 1528 a
1135 1494 1288 1529 renonce'
1306 1493 1329 1529 ἀ
1347 1502 1437 1530 toute
1453 1497 1653 1543 pre'tentz'on

182 1563 249 1586 sur
265 1565 336 1586 une
348 1555 468 1599 partie
481 1553 522 1586 cle
536 1553 608 1587 boi-s
616 1580 627 1595 ,
642 1552 749 1587 sz'cue‘e
765 1551 789 1586 ὰ
803 1551 1008 1599 Haycroioe,
1024 1559 1058 1586 et
1073 1552 1318 1599 lesqe'tz'mement
1328 1556 1467 1600 acquz'se
1481 1567 1556 1600 par
1569 1554 1652 1587 l’ah-

184 1611 283 1657 haye.
301 1632 348 1637 —
360 1611 540 1645 HARTBEKE.

805 1762 918 1788 AMons,
934 1762 1006 1785 1241.

174 1832 312 1859 Universis
325 1832 424 1859 Christi
438 1833 565 1859 fidelibus
576 1839 734 1869 praesentes
746 1832 852 1859 litteras
865 1833 1044 1868 inspecturis,
1059 1833 1198 1860 Iohannes
1209 1854 1216 1865 ‚
1231 1833 1352 1860 decanus
1363 1832 1392 1859 S.
1405 1833 1530 1859 Germani
1541 1854 1547 1861 ,
1562 1838 1589 1859 et
1602 1833 1652 1859 Pe-

133 1889 211 1913 rona,
222 1880 325 1907 decana
338 1881 448 1915 majoris
461 1881 591 1907 ecclesiae
603 1881 629 1907 in
640 1880 794 1912 Montibus⁷
810 1886 949 1907 aeternam
960 1881 986 1906 in
999 1881 1108 1907 domino
1121 1881 1247 1907 salutem.
1262 1880 1440 1907 Universitati
1454 1885 1561 1907 vestrae
1573 1890 1653 1916 prae-

132 1928 250 1954 sentium
262 1933 358 1955 tenore
366 1928 551 1964 significamus
559 1949 566 1961 ‚
577 1928 650 1964 quod
660 1928 708 1954 Dei
718 1928 802 1954 amica
813 1929 942 1954 canonica
951 1928 1099 1955 Montensis
1107 1949 1113 1959 ‚
1126 1930 1152 1954 in
1165 1933 1259 1954 nostra
1271 1928 1425 1963 praesentia
1434 1928 1583 1954 constituta
1594 1948 1601 1959 ‚
1617 1928 1650 1953 de

132 1974 219 2001 libera
232 1980 260 2001 et
273 1980 422 2010 spontanea
436 1975 577 2002 voluntate
591 1985 640 2001 sua
653 1976 756 2011 quitam
769 1975 895 2002 clamavit
908 1975 1038 2002 ecclesiae
1053 1976 1190 2002 Ninivensi
1203 1976 1314 2002 omnino
1327 1975 1467 2011 querelam
1479 1980 1506 2001 et.
1520 1974 1652 2000 reclama-

132 2023 234 2048 tionem
245 2022 318 2048 illam
327 2043 334 2053 ,
348 2032 428 2058 quam
439 2022 544 2049 dudum
557 2024 640 2049 movit
651 2023 783 2049 adversus
797 2023 918 2049 eamdem
927 2023 1066 2049 ecclesiam
1076 2032 1159 2058 super
1169 2023 1286 2058 quodam
1299 2031 1423 2054 nemore,
1434 2023 1460 2048 in
1476 2021 1606 2057 parochia
1617 2021 1650 2047 de

135 2068 267 2105 Haycrois
276 2089 283 2102 ‚
299 2069 374 2104 quod
389 2070 447 2104 ipsa
460 2069 574 2096 ecclesia
586 2079 601 2095 a
614 2069 734 2096 Giselino
744 2090 750 2101 ‚
766 2069 822 2095 filio
836 2069 937 2096 Bilbini
946 2090 953 2101 ,
969 2069 1060 2096 militis
1069 2070 1103 2096 de
1115 2070 1253 2096 Larebeca
1263 2091 1269 2101 ‚
1286 2070 1394 2095 nomine
1407 2069 1552 2104 emptionis
1563 2090 1570 2100 ,
1586 2068 1654 2104 legi—

133 2117 198 2143 time
211 2117 366 2152 acquisivit.
386 2117 532 2143 Praeterea
546 2122 578 2142 ut
595 2119 725 2143 memoria
736 2117 822 2152 ipsius
833 2117 979 2143 canonicae
997 2122 1058 2152 post
1073 2117 1214 2143 decessum
1228 2117 1287 2151 ejus
1307 2117 1334 2142 in
1348 2116 1472 2152 praefata
1490 2116 1603 2142 ecclesia
1616 2116 1650 2141 de

134 2168 244 2190 caetero
257 2163 403 2195 habeatur,
419 2165 477 2199 ipsa
490 2164 525 2190 ob
539 2164 653 2190 salutem
667 2169 694 2190 et
705 2164 854 2190 remedium
867 2165 972 2190 animae
986 2174 1051 2190 suae
1064 2185 1071 2196 ‚
1087 2164 1176 2200 siquid
1186 2164 1259 2198 juris
1272 2164 1298 2189 in
1314 2163 1387 2190 dicto
1402 2172 1513 2190 nemore
1529 2163 1647 2189 habebat

132 2213 158 2237 in
173 2211 286 2238 liberam
301 2216 328 2237 et
341 2216 502 2246 perpetuam
511 2211 710 2247 eleemosynam
720 2221 810 2238 coram
823 2212 900 2237 nobis
913 2217 943 2238 et
952 2211 1012 2238 aliis
1023 2211 1076 2238 fide
1090 2212 1180 2248 dignis
1191 2211 1237 2247 qui
1247 2211 1362 2237 aderant
1373 2210 1502 2237 ecclesiae
1513 2231 1519 2243 ‚
1532 2211 1650 2237 contulit

135 2264 310 2285 memoratae.
327 2258 365 2284 Ne
375 2258 438 2293 quis
451 2263 540 2284 tamen
552 2268 636 2294 super
648 2258 699 2285 hoc
715 2258 896 2294 saepedictam
912 2258 1053 2285 ecclesiam
1067 2259 1093 2285 in
1105 2259 1197 2294 aliqua
1212 2258 1356 2284 molestare
1370 2268 1418 2284 seu
1435 2263 1536 2285 temere
1551 2268 1648 2285 vexare

132 2309 299 2341 praesumat⁷
315 2314 365 2331 nos
378 2304 412 2330 ad
431 2305 586 2331 instantiam
606 2305 745 2341 praefatae
760 2306 807 2332 Dei
826 2306 926 2332 amicae
943 2306 969 2332 in
991 2306 1175 2332 testimonium
1187 2311 1214 2332 et
1231 2306 1465 2332 confirmationem
1486 2306 1570 2341 hujus
1592 2307 1645 2333 rei⁴

133 2353 265 2388 scriptum
283 2362 413 2388 praesens
430 2352 580 2388 sigillorum
601 2358 757 2380 nostrorum
776 2353 924 2380 munimine
941 2354 1100 2380 roboratum
1119 2354 1205 2380 eidem
1220 2354 1358 2380 Ninivensi
1375 2354 1505 2380 ecclesiae
1520 2354 1647 2380 duximus

133 2399 341 2426 conserendum.
352 2401 448 2426 Actum
460 2400 598 2427 Montibus
609 2422 614 2432 ,
631 2410 702 2427 anno
714 2400 821 2427 Domini
833 2400 970 2434 MCCXLI⁷
987 2402 1012 2427 in
1028 2401 1242 2427 Annuntiatione
1254 2401 1399 2428 dominica.

1175 2467 1295 2499 Original.
1309 2475 1395 2492 sceaux
1407 2467 1517 2492 detrnits.

826 2539 887 2551 ΙΙ
