2137 3131
463 378 533 415 638
807 374 982 410 CORPUS
1008 371 1338 408 CHRONICORUM
1366 372 1631 408 FLANDRIAE.

466 488 610 522 habens.
633 485 731 525 Quae
750 482 910 529 prodigia
930 479 1152 526 portendunt
1169 479 1312 514 adversa
1330 481 1433 523 locis.)
1455 481 1491 514 in
1512 481 1643 528 quibus
1665 490 1871 517 nascuntur.
1889 485 1976 519 Gre-

466 547 587 595 gorius
614 542 781 576 tredecim
801 541 901 574 annis
922 546 956 573 et
982 538 1131 572 dimidio
1157 539 1321 573 ecclesiae
1343 540 1520 573 Romanae
1543 540 1716 586 praefuit,
1742 542 1825 588 qui7
1849 549 1976 588 quarto

465 604 688 652 pontificatus
711 599 764 633 sui
788 610 901 636 anno,
931 597 1170 645 Augustinum
1193 609 1273 631 cum
1299 598 1373 631 aliis
1394 597 1439 631 ad
1462 597 1739 644 praedicandum
1767 599 1919 634 destinat
1941 602 1977 634 in

466 662 644 709 Angliam5
668 671 774 705 quem
798 657 1015 691 consecravit
1035 656 1227 699 Ethereus‚
1250 656 1458 691 Arelatensis
1484 658 1682 704 episcopus.
1710 658 1799 692 Huic
1822 659 1978 693 scribens

465 719 653 767 Gregorius
674 718 860 763 episcopus
877 743 885 759 ,Ι
907 714 1110 749 Londoniae
1129 721 1164 748 et
1181 715 1327 749 Eboraci
1345 716 1634 761 metropolitanos
1653 729 1726 750 esse
1744 716 1873 751 debere
1892 729 1980 751 con—

465 778 589 813 stituit.
621 775 790 809 Videmus
822 781 939 808 tamen
969 773 1076 807 hodie
1103 773 1147 807 ad
1182 773 1405 808 Cantuariam
1433 775 1740 820 metropolitanam
1770 775 1979 824 dignitatem

465 835 667 871 Londoniae
686 834 888 868 translatam
908 845 998 876 esse„
1021 832 1212 879 adimpleta
1227 832 1365 866 Merlini
1386 833 1590 879 prophetia:
1613 835 1675 880 qui
1689 834 1777 868 dixit
1795 848 1802 867 t
1825 834 1980 883 dignitas

466 894 668 930 Londoniae
683 892 871 926 adornabit
890 891 1163 933 Doroherniam,
1185 890 1222 924 id
1241 898 1293 925 est
1310 891 1547 925 cantuariam.

514 955 615 988 Anno
635 951 794 994 DXCYL
819 951 966 985 Sanctus
985 950 1219 998 Gangericus⁷
1243 950 1500 984 Cameracensis
1518 951 1725 997 episcopus.v
1752 952 1828 986 obit
1847 952 1881 998 iij
1901 952 1981 986 idus
2019 968 2025 973 ·

465 1012 626 1061 Augusti.
645 1011 916 1053 Guntrammus3
934 1022 993 1043 rex
1009 1010 1222 1043 Francorum
1236 1037 1244 1053 7
1261 1010 1336 1043 obit
1356 1011 1539 1044 sanctitate
1556 1010 1682 1043 clarus.
1702 1010 1789 1054 Quiq
1815 1023 1897 1044 cum
1916 1011 1982 1044 ali-

466 1070 610 1119 quando
621 1069 781 1104 venando
797 1070 907 1103 fessus
916 1069 1016 1115 juxta
1027 1069 1141 1102 rivum
1152 1081 1264 1115 aquae
1277 1068 1462 1111 dormiret„
1474 1069 1562 1103 vidit
1575 1070 1729 1117 armiger
1743 1069 1818 1115 ejus
1832 1082 1980 1116 parvum

467 1129 595 1165 animal
616 1129 709 1162 exire
728 1128 772 1162 de
791 1140 852 1162 ore
874 1128 948 1173 ejus
966 1134 1001 1161 et
1019 1126 1063 1161 ad
1082 1127 1197 1160 rivum
1217 1139 1420 1173 properare.
1442 1127 1504 1161 Cui
1528 1127 1584 1161 ille
1602 1127 1759 1175 gladium
1781 1129 1916 1174 posuit3
1937 1128 1982 1162 ad

466 1191 557 1223 itum
580 1194 615 1221 et
637 1186 806 1221 reditum.
830 1186 1102 1234 Expergefactus
1125 1198 1184 1219 rex
1207 1185 1295 1219 dixit
1315 1198 1350 1220 se
1372 1198 1435 1232 per
1457 1186 1635 1219 somnium
1660 1193 1805 1231 pontem
1826 1187 1980 1221 ferreum

465 1248 629 1282 transisse
639 1253 673 1280 et
687 1247 722 1280 in
733 1251 854 1279 monte
868 1245 1052 1278 thesauros
1066 1245 1250 1287 invenisse,
1268 1257 1358 1291 quos
1372 1257 1494 1278 omnes
1508 1245 1672 1292 armigeri
1688 1245 1741 1278 sui
1755 1244 1867 1279 ductu
1879 1257 1983 1291 repe-

467 1308 559 1341 riens
578 1305 730 1340 ecclesiis
748 1304 858 1338 dedit.
882 1305 945 1338 Hic
966 1303 1053 1337 dicit
1071 1303 1346 1351 Haffligemensis
1366 1303 1375 1323 ¹
1397 1304 1432 1336 in
1453 1303 1568 1337 Scotia
1593 1310 1753 1337 sanctum
1774 1303 1982 1338 Columbam

467 1366 629 1400 abbatem
646 1364 777 1407 obisse⁷
793 1375 814 1396 v
829 1362 908 1397 idus
919 1363 1032 1397 Junii:
1050 1362 1110 1408 qui
1126 1369 1160 1396 et
1176 1363 1249 1408 ipse
1263 1369 1349 1396 tunc
1364 1375 1445 1396 mox
1460 1362 1645 1410 subjungit
1662 1369 1822 1396 sanctum
1838 1362 1984 1397 Colum-

466 1425 599 1458 banum
619 1422 688 1456 hoc
706 1429 866 1467 tempore
885 1433 925 1454 ex
944 1421 1121 1466 Hybernia
1140 1420 1274 1453 venisse
1288 1421 1324 1453 in
1344 1420 1603 1468 Burgundiam.

515 1482 599 1515 Post
621 1479 886 1514 Childebertum
900 1506 908 1521 .,
929 1479 964 1512 in
984 1485 1082 1524 parte
1097 1477 1251 1524 quadam
1274 1479 1436 1512 Franciae
1455 1485 1605 1525 regnant
1623 1478 1684 1511 filii
1700 1478 1792 1523 ejus2
1816 1477 1984 1512 Theode-

467 1541 589 1574 bertus
618 1546 652 1572 et
675 1539 701 1571 T
705 1538 934 1579 heodericus,
966 1537 1067 1583 cujus
1091 1536 1300 1571 Theoderici
1327 1537 1500 1582 permissu
1523 1536 1763 1570 Columbanus
1786 1536 1983 1571 Luxovium

467 1597 678 1632 coenobium
694 1595 889 1630 aedificavit
908 1596 943 1628 in
960 1594 1178 1642 Burgundia.
1199 1594 1440 1628 Theodericus
1454 1607 1513 1628 rex
1527 1594 1640 1627 aviam
1654 1606 1755 1627 suam
1775 1594 1986 1628 Brunechil-

467 1657 549 1691 dem
563 1656 608 1689 ab
627 1655 811 1689 Austrasiis
829 1655 975 1700 ejectam
995 1654 1130 1699 recipit.
1153 1653 1338 1687 Mauritius
1356 1654 1549 1699 imperator
1566 1653 1603 1686 in
1618 1653 1751 1686 visione
1769 1664 1805 1686 se
1823 1665 1906 1686 cum
1925 1665 1986 1687 so-

467 1715 528 1749 ciis
548 1726 567 1748 a
580 1713 700 1747 Phoca
720 1712 968 1759 perimendum
991 1712 1160 1746 divinitus
1178 1711 1386 1757 praediscit7
1408 1718 1442 1745 et
1464 1711 1638 1745 malorum
1657 1711 1842 1757 poenitens
1858 1723 1899 1745 ea
1919 1711 1986 1746 sibi

466 1774 525 1807 hic
540 1771 801 1818 recompensari
821 1777 855 1804 et
873 1783 936 1816 per
949 1782 985 1804 se
1004 1777 1039 1804 et
1057 1782 1119 1816 per
1139 1782 1256 1804 servos
1275 1770 1336 1803 Dei
1355 1770 1526 1803 instanter
1540 1770 1713 1815 exposcit‚
1729 1770 1791 1816 qui
1807 1781 1890 1804 mox
1902 1782 1985 1804 cum

467 1843 578 1865 uxore
597 1837 632 1864 et
650 1830 729 1863 filiis
744 1841 763 1863 a
777 1829 895 1863 Phoca
911 1829 1111 1875 perimitur.

518 1891 619 1923 Anno
639 1887 739 1930 DCV,
762 1886 920 1921 succedit
938 1887 1087 1921 Phocas.
1113 1886 1280 1920 Lothario
1299 1893 1334 1920 et
1352 1885 1572 1920 Theoderico
1591 1886 1785 1934 congressis
1809 1887 1960 1931 invicem
1973 1914 1983 1930 7

468 1959 573 1994 supra
581 1946 726 1995 triginta
742 1946 849 1979 millia
864 1957 962 1979 caesa
975 1952 1071 1979 sunt.
1085 1945 1326 1979 Theodericus
1339 1951 1425 1978 tunc
1438 1944 1585 1978 victoria
1598 1945 1746 1990 potitur7
1760 1945 1798 1978 in
1807 1957 1880 1991 quo
1889 1957 1987 1992 prae-

468 2007 514 2040 lio
537 2006 681 2053 angelus
702 2005 842 2038 Domini
862 2011 982 2051 aperte
1008 2005 1102 2038 visus
1126 2011 1177 2038 est
1201 2005 1425 2052 evaginatum
1452 2003 1611 2051 gladium
1636 2010 1772 2037 tenens.
1795 2004 1987 2052 Gregorius

468 2064 625 2099 secundo
644 2075 737 2097 anno
758 2063 898 2097 Phocae
917 2063 1085 2097 dormivit
1103 2064 1140 2096 in
1159 2063 1310 2096 Domino
1322 2089 1329 2096 .
1351 2062 1500 2096 Romani
1519 2062 1603 2108 quia
1620 2061 1806 2096 thesauros
1823 2063 1987 2097 ecclesiae

469 2137 531 2158 sua
550 2123 756 2157 liberalitate
781 2122 1027 2168 dissipaverat7
1054 2135 1176 2156 omnes
1195 2122 1302 2155 libros
1326 2122 1400 2167 ejus
1425 2122 1657 2163 exussissent7
1678 2121 1744 2154 nisi
1763 2121 1889 2155 Petrus
1913 2121 1988 2167 ejus

470 2182 639 2216 diaeonus
650 2181 905 2215 intervenisset.
919 2181 1058 2224 Petrus7
1075 2187 1115 2214 ut
1126 2180 1192 2214 sibi
1202 2179 1419 2223 crederetur7
1437 2179 1536 2226 quod
1544 2191 1626 2213 vere
1639 2191 1746 2225 super
1759 2186 1867 2225 caput
1875 2179 1988 2226 Spiri-

469 2249 547 2275 tum
559 2240 727 2274 Sanctum
742 2240 943 2286 aspexisset,
962 2241 989 2274 si
1004 2252 1086 2273 mox
1101 2240 1155 2273 his
1164 2239 1279 2273 verbis
1293 2239 1401 2272 finitis
1415 2239 1656 2281 occubuisset,
1673 2238 1880 2285 factumque
1893 2244 1990 2272 estet

470 2299 577 2333 fidem
593 2300 784 2333 verborum
801 2311 863 2333 sua
877 2306 991 2333 morte
1008 2299 1167 2333 asseruit.
1186 2298 1395 2332 Sabinianus
1409 2310 1501 2344 papa
1514 2309 1587 2331 uno
1603 2309 1696 2331 anno
1711 2296 1906 2343 praesidet,
1926 2297 1987 2343 qui

472 2370 554 2391 cum
572 2359 645 2404 ipse
663 2358 861 2392 liberalitati
881 2358 1041 2406 Gregorii
1060 2358 1266 2407 derogaret.)
1289 2357 1481 2406 Gregorius
1499 2369 1581 2390 eum
1596 2369 1660 2403 per
1672 2357 1787 2391 visum
1800 2363 1855 2391 ter
1867 2355 1988 2390 admo·

510 2486 520 2503 ¹
541 2485 643 2513 Chron.
657 2485 789 2522 Affligem.
805 2487 831 2512 in
850 2486 982 2513 Thesauro
998 2487 1088 2513 anecd.
