2118 3184
811 448 1098 485 APPENDICES.
1634 453 1701 488 931

827 583 1074 618 ccxxxvln.

181 684 226 718 Le
249 683 421 719 chevalier
441 684 585 718 Arnonl
605 683 646 717 de
669 682 874 717 Zamslacltt
897 684 1011 718 donne
1030 697 1081 718 cm
1099 692 1245 720 convent
1265 699 1336 720 wne
1357 693 1454 721 rente
1476 687 1638 722 amzuelle
1660 688 1702 722 (le

326 746 423 789 rinyt
435 755 515 777 sous
532 742 574 776 de
592 742 627 776 F
626 742 750 776 lamb-e
765 755 862 789 pom·
875 742 1146 777 l'annz'rersaire
1164 744 1317 778 solemwl
1329 745 1371 779 de
1390 758 1429 779 sa
1448 743 1555 780 mere.

902 921 974 946 1268.

215 992 272 1029 Ego
287 992 439 1024 Arnoldus,
456 992 546 1018 dictus
556 991 672 1018 sculteta
686 992 720 1018 de
737 991 905 1025 Zamslacltt,
923 997 1017 1019 notum
1034 992 1103 1019 facio
1117 999 1170 1020 tam
1185 995 1377 1029 praesentibus
1391 1004 1472 1031 quam
1487 995 1589 1022 suturis
1599 997 1624 1022 in
1637 1006 1701 1032 per-

178 1039 383 1075 petuum,quod
397 1049 447 1076 ego
455 1039 490 1066 ob
504 1044 642 1066 aeternam
657 1040 766 1074 quaein
782 1039 889 1065 Christo
899 1045 940 1065 est
953 1040 1069 1066 salutem
1083 1046 1109 1067 et
1121 1041 1156 1067 ob
1172 1042 1322 1068 remedium
1337 1043 1442 1069 animae
1453 1044 1540 1070 bonae
1553 1046 1698 1072 memoriae

179 1087 272 1113 matris
286 1096 378 1117 meae,
399 1092 428 1113 ut
445 1087 503 1113 dies
519 1087 722 1112 anniversarius
736 1087 828 1113 obitus
843 1087 965 1121 ejusdem
983 1088 1009 1113 in
1024 1087 1137 1114 ecclesia
1156 1088 1309 1118 Niniveusi,
1330 1100 1345 1116 a
1357 1096 1494 1117 conventu
1508 1092 1630 1125 ejusdem
1646 1092 1698 1119 loci

178 1135 336 1161 memoriter
355 1144 416 1161 cum
437 1135 530 1161 debita
547 1134 718 1161 solemnitate
732 1139 757 1160 et
779 1134 860 1170 pleno
874 1135 959 1161 officio
972 1135 1049 1161 annis
1063 1136 1178 1171 singulis
1197 1137 1370 1169 celebretur,
1393 1139 1489 1174 viginti
1509 1139 1611 1166 solidos
1629 1140 1699 1166 ssan-

177 1181 290 1208 drenses
304 1181 440 1207 bonorum
458 1181 624 1217 pagabilium
642 1180 714 1207 dicto
728 1181 891 1212 conventui³
909 1182 934 1207 in
950 1187 1127 1217 augmentum
1143 1183 1199 1209 sive
1216 1183 1432 1211 meliorationem
1449 1187 1597 1221 pietantiae
1613 1187 1698 1222 ipsius

176 1228 327 1255 coutendos
341 1229 438 1264 quovis
452 1228 515 1254 anni
525 1249 532 1260 ,
546 1227 648 1254 contuli
659 1228 685 1253 in
701 1237 796 1263 puram
812 1227 1022 1263 eleemosynam.
1038 1229 1112 1264 Quos
1124 1230 1220 1265 viginti
1235 1230 1336 1257 solidos
1350 1232 1484 1267 assignavi
1499 1233 1572 1259 dicto
1584 1243 1701 1260 conven-

178 1276 217 1301 tui
228 1276 367 1301 annuatim
377 1274 567 1310 percipiendos
574 1274 608 1300 de
620 1275 800 1310 proventibus
809 1279 835 1300 et
844 1274 998 1301 redditibus
1010 1276 1076 1301 meis
1085 1276 1182 1302 annuis
1191 1297 1198 1310 7
1214 1277 1240 1302 in
1250 1277 1380 1312 parochia
1390 1278 1545 1305 Zamslacht
1554 1291 1563 1310 ,-
1573 1280 1700 1307 videlicet

175 1322 269 1349 decem
283 1321 384 1348 solidos
397 1321 431 1347 de
448 1326 520 1347 terra
536 1321 676 1357 lingonis,
700 1321 765 1347 dicti
780 1321 889 1355 Crocke,
909 1322 961 1347 sita
977 1322 1003 1347 in
1022 1321 1081 1348 loco
1104 1323 1151 1358 qui
1165 1323 1267 1349 dicitur
1283 1323 1361 1359 Aqua
1375 1324 1541 1359 molendini,
1560 1327 1593 1352 ad
1609 1327 1700 1354 natale

176 1370 283 1396 Domini
294 1390 300 1398 ,
322 1374 351 1395 et
366 1374 471 1404 septem
485 1368 587 1394 solidos
603 1378 688 1404 supra
705 1378 815 1394 arenam
833 1378 930 1394 versus
948 1369 1116 1396 occidentem
1133 1371 1158 1396 in
1180 1370 1251 1396 dicta
1266 1371 1394 1406 parochia
1406 1393 1412 1404 ‚
1433 1377 1460 1398 et
1480 1377 1535 1399 tres
1550 1373 1651 1400 solidos
1664 1374 1698 1400 ‹le

177 1425 270 1443 manso
288 1416 411 1452 Hugonis
423 1436 430 1448 ‚
448 1415 496 1441 filii
512 1416 634 1449 Wielobs,
649 1416 693 1442 siti
707 1416 734 1442 in
751 1415 810 1442 loco
829 1416 876 1451 qui
893 1416 995 1442 dicitur
1009 1416 1040 1442 Li
1052 1417 1146 1452 Heyda
1160 1418 1186 1443 in
1203 1418 1296 1444 eadem
1314 1419 1460 1453 parochia,
1479 1420 1504 1446 in
1521 1420 1589 1447 sesto
1603 1420 1632 1448 S.
1648 1421 1700 1448 Ba-

177 1464 268 1496 vonis,
283 1463 362 1489 annis
374 1462 488 1498 singulis
501 1462 708 1498 persolvendos.
726 1463 762 1489 Ut
776 1467 867 1488 autem
882 1463 1071 1498 eleemosynae
1083 1465 1236 1499 praesentis
1249 1465 1358 1491 collatio
1372 1466 1398 1491 in
1412 1466 1535 1493 futurum
1551 1468 1658 1504 integra
1672 1475 1699 1495 et

177 1515 236 1537 rata
244 1510 351 1546 jugiter
364 1515 537 1545 perseveret,
554 1519 684 1544 praesens
697 1510 828 1545 scriptum
844 1509 917 1535 dicto
933 1511 1080 1536 conventui
1095 1510 1200 1537 contuli
1213 1511 1295 1547 sigilli
1306 1512 1357 1538 mei
1368 1514 1536 1548 appensione
1551 1516 1695 1542 munitum.

177 1558 273 1584 Actum
287 1562 314 1584 et
327 1557 421 1583 datum
436 1566 508 1583 anno
520 1556 818 1584 DominiMCCvaltl
828 1578 835 1589 ‚
850 1566 942 1584 mense
953 1557 1051 1593 Aprili.

1237 1616 1368 1640 Cartulaire
1381 1617 1410 1641 de
1423 1618 1532 1642 Malines.

825 1861 1042 1897 CCXXXIX.

181 1963 312 2006 Othon,
332 1966 402 1998 sire
422 1963 463 1997 cle
487 1962 701 1998 Contrecuer
718 1969 751 1997 et
766 1963 807 1998 cle
827 1963 974 2011 Neyyen
983 1990 993 2006 ,
1015 1963 1181 2009 confirma
1203 1963 1238 1997 la
1255 1963 1423 1998 donatz'on
1438 1965 1526 2010 faite
1540 1978 1617 2012 par
1634 1979 1695 2002 son

294 2021 379 2069 pe're
397 2020 421 2055 ὰ
439 2022 598 2069 l'abbaye
607 2049 618 2064 ,
638 2020 662 2056 ἀ
679 2021 806 2070 olzarye
820 2023 910 2057 d’un
928 2025 1174 2056 anniversaz're
1191 2022 1352 2056 solennel.
1369 2043 1417 2048 —
1431 2023 1571 2058 Lozrsu.

874 2185 877 2188 ’
902 2199 974 2223 1260.

216 2280 272 2316 Ego
285 2279 367 2312 Osto,
387 2279 514 2306 dominus
527 2279 561 2306 de
580 2280 741 2306 Contrecuer
757 2285 785 2307 et
803 2280 837 2306 de
855 2280 978 2313 Allodio,
993 2281 1120 2307 omnibus
1138 2281 1189 2307 hoc
1205 2283 1339 2318 scriptum
1357 2284 1457 2310 visuris
1472 2284 1499 2309 in
1519 2289 1695 2319 perpetuum.

180 2327 279 2354 Notum
293 2327 362 2353 facio
373 2347 380 2359 ‚
401 2327 475 2363 quod
493 2337 555 2354 cum
570 2327 658 2354 bonae
671 2329 818 2354 memoriae
832 2328 973 2361 Johanna,
995 2329 1132 2364 quondam
1148 2334 1234 2355 mater
1251 2339 1326 2363 mea,
1346 2340 1430 2366 agens
1443 2332 1470 2357 in
1491 2331 1618 2357 extremis
1629 2337 1656 2358 et
1671 2333 1698 2358 in

177 2375 271 2401 ultima
284 2374 428 2400 voluntate
442 2376 607 2407 constituta,
621 2376 657 2402 ob
671 2377 777 2402 animae
789 2385 855 2402 suae
870 2375 985 2402 satutem
1000 2381 1027 2402 et
1042 2381 1073 2402 ut
1086 2377 1289 2403 anniversarius
1304 2378 1396 2404 obitus
1410 2379 1452 2404 sni
1466 2378 1524 2405 dies
1538 2379 1566 2404 in
1580 2388 1700 2406 conven-

178 2422 244 2448 tuali
262 2421 376 2448 ecclesia
388 2421 526 2448 Mnivensi
543 2422 570 2448 in
589 2428 754 2458 perpetuum
770 2423 942 2455 celebretur,
962 2423 1050 2449 eidem
1065 2423 1195 2449 ecclesiae
1215 2423 1314 2450 devota
1333 2430 1422 2451 mente
1437 2430 1465 2451 et
1480 2426 1524 2461 pia
1540 2426 1566 2451 in
1582 2425 1698 2452 Domino

178 2468 321 2495 voluntate
337 2468 365 2494 in
380 2477 477 2503 puram
491 2477 522 2494 ac
538 2474 698 2504 perpetuam
713 2469 818 2505 legasse
833 2469 1031 2505 eleemesynam
1049 2469 1231 2506 quadraginta
1244 2470 1345 2497 solidos
1354 2471 1478 2498 alborum
1492 2472 1607 2508 singulis
1619 2474 1698 2500 annis

175 2516 210 2543 de
229 2515 383 2542 redditibus
399 2516 456 2541 suis
469 2515 542 2551 apud
563 2516 732 2543 Merbeccam
749 2517 977 2552 provenientibus
994 2517 1184 2552 recipiendos;
1203 2517 1302 2544 nobilis
1320 2519 1362 2544 vir
1378 2519 1440 2554 piae
1456 2520 1603 2546 memoriae
1617 2519 1697 2552 Osto,

175 2563 313 2598 quondam
328 2567 406 2598 pater
423 2571 513 2596 meus,
532 2562 683 2590 liberalior-i
702 2564 729 2590 in
743 2563 859 2590 Domino
875 2564 990 2590 caritate
1007 2564 1079 2590 circa
1099 2563 1197 2590 dictam
1217 2564 1359 2591 ecclesiam
1375 2566 1522 2599 excitatus,
1537 2566 1655 2593 utilitate
1669 2576 1700 2593 ac
