2137 3131
452 415 520 450 820
1058 406 1347 443 APPENDICES.

1159 543 1263 578 XClI.

782 607 801 617 e

499 649 543 682 Le
560 652 665 681 comte
683 645 878 680 Bauclom'n
897 644 955 680 IX
965 645 1080 679 donne
1096 657 1167 678 une
1180 646 1301 690 partie
1317 643 1359 677 de
1379 654 1498 678 moere
1511 641 1535 676 ἁ
1549 642 1717 689 l'abhaye.
1732 642 1910 677 —Cmm

1058 843 1074 865 Α
1089 841 1269 872 Rupelmonde‚
1288 841 1362 865 1201.

488 927 515 951 lu
537 925 644 951 nomine
662 929 771 950 sanetae
788 928 815 950 et
834 922 990 949 individuae
1012 921 1164 948 Trinitatis.
1184 921 1241 957 Ego
1258 920 1422 953 Balduinus,
1439 921 1487 947 Dei
1501 922 1589 957 gratia
1603 920 1748 948 Flandriae
1761 927 1790 949 et
1807 921 1966 949 Hannoniae

449 982 547 1003 comes,
559 970 750 1007 praesentibus
763 974 790 996 et
804 969 915 996 futuris.
928 969 1027 995 Notum
1042 968 1125 997 facio.
1142 968 1217 1004 quod
1229 977 1280 1004 pro
1291 967 1381 995 salute
1395 968 1501 995 animae
1511 977 1587 994 meae
1598 973 1626 994 et
1637 968 1731 994 uxoris
1741 977 1817 995 meae
1827 968 1929 996 Mariae
1941 975 1968 996 et

448 1020 686 1056 praedecessorum
698 1026 820 1043 meorum
829 1037 835 1047 ,
848 1015 978 1042 ecclesiae
990 1015 1020 1042 B.
1034 1015 1135 1042 Mariae
1148 1021 1176 1042 et
1191 1015 1239 1042 SS.
1255 1014 1373 1042 Cornelii
1386 1020 1414 1042 et
1425 1014 1571 1050 Cypriani,
1586 1015 1659 1051 apud
1671 1015 1790 1047 curiam,
1803 1016 1831 1042 in
1844 1015 1905 1042 loeo
1919 1017 1967 1052 qui

447 1067 546 1093 dieitur
562 1065 638 1102 Cdf,
654 1075 686 1091 ex
703 1069 797 1090 nostro
814 1064 887 1090 dono
900 1069 927 1090 et
937 1063 1109 1099 eleemosyna
1123 1062 1265 1089 fundatam
1276 1084 1283 1096 ‚
1299 1062 1459 1098 hujusmodi
1470 1063 1572 1089 donum
1586 1062 1763 1089 contulimus.
1778 1063 1816 1089 Ex
1831 1068 1910 1099 parte
1922 1073 1967 1100 ge-

448 1114 532 1140 nerali
546 1112 671 1139 orientali
688 1112 760 1138 sicut
778 1111 877 1138 limites
894 1111 979 1137 morri
997 1121 1012 1137 a
1033 1111 1113 1137 nobis
1132 1111 1189 1137 dati
1206 1120 1235 1137 se
1253 1111 1432 1137 extendentes
1450 1110 1578 1136 dividunt
1596 1119 1685 1146 usque
1702 1110 1736 1137 ad
1753 1110 1875 1138 alnetum
1893 1111 1967 1138 ultra

450 1161 576 1197 Cypdunc
588 1173 595 1187 ,-
607 1164 635 1186 et
649 1163 733 1195 prout
747 1159 835 1194 ipsum
851 1158 972 1185 alnetum
988 1167 1017 1184 se
1030 1158 1180 1184 extendens
1193 1157 1309 1185 includit
1321 1167 1410 1193 usque
1424 1157 1459 1184 ad
1471 1157 1650 1183 monticulum
1665 1157 1781 1184 duarum
1797 1167 1950 1193 quercuum
1959 1180 1965 1190 ,

448 1209 474 1233 in
488 1208 613 1234 omnibus
623 1206 860 1233 commoditatibus
872 1206 959 1232 libere
972 1211 1000 1232 et
1007 1205 1132 1232 absolute
1146 1205 1286 1242 praefatae
1300 1205 1430 1232 ecclesiae
1444 1205 1470 1231 in
1486 1205 1686 1240 eleemosynam
1699 1205 1811 1231 donavi.
1825 1205 1862 1232 Ut
1875 1210 1966 1233 autem

448 1255 513 1281 haec
526 1260 584 1281 rata
598 1259 625 1281 eL
638 1255 796 1281 inconcussa
814 1259 1009 1289 permaneant,
1025 1254 1157 1289 scriptum
1171 1253 1224 1280 hoc
1242 1253 1323 1289 sigilli
1339 1253 1391 1280 mei
1408 1253 1575 1288 appensione
1590 1257 1618 1279 et
1635 1253 1747 1279 testium
1764 1253 1967 1289 subscriptione

448 1303 596 1328 corroboro
614 1307 641 1328 et
656 1302 804 1328 auctoriso.
819 1301 933 1338 Signum
948 1301 1037 1337 Sigeri
1049 1301 1197 1337 Templarii
1207 1322 1214 1333 ,
1229 1301 1369 1337 quondam
1381 1300 1523 1327 castellani
1543 1301 1577 1327 de
1594 1301 1667 1326 Gunt
1684 1305 1712 1327 et
1726 1300 1776 1327 filii
1797 1301 1857 1335 ejus
1870 1300 1968 1337 Sygeri

448 1350 603 1383 castellaui;
621 1350 649 1376 S.
670 1350 776 1376 Arnulfi
789 1349 823 1376 de
836 1349 1009 1384 Aldenarde3
1026 1349 1054 1376 S.
1071 1349 1196 1375 Balduini
1213 1349 1247 1375 de
1259 1349 1347 1379 Prat;
1360 1348 1388 1375 S.
1405 1347 1538 1375 Bernardi
1550 1348 1584 1374 de
1599 1348 1710 1374 Rosbais
1724 1352 1751 1374 et
1769 1347 1900 1374 Rei-nardi
1917 1347 1968 1374 filii

448 1397 521 1431 ejus3
539 1397 565 1423 S.
581 1396 696 1423 leini.
713 1396 821 1423 notarii.
835 1395 932 1423 Actum
946 1396 1020 1431 apud
1035 1395 1255 1432 Ruppelmonde,
1270 1396 1298 1422 in
1313 1395 1416 1431 templo
1427 1416 1434 1423 ,
1451 1404 1523 1421 anno
1538 1394 1645 1421 Domini
1662 1393 1754 1421 MCCI.

1512 1460 1642 1484 cartulaire
1652 1460 1680 1483 de
1693 1459 1800 1484 Malines.

1141 1753 1266 1789 XCIII.

454 1842 602 1889 Erasme
616 1856 657 1890 de
670 1855 786 1891 Gavre
799 1854 985 1890 recommit
995 1855 1083 1902 qu'z'l
1094 1868 1118 1889 a
1130 1855 1250 1889 donne'
1259 1853 1282 1889 ἁ
1296 1854 1455 1902 l’ahhaye
1469 1855 1503 1888 la
1517 1860 1609 1889 terre
1622 1856 1778 1890 nomme'e
1793 1856 1905 1901 Strec,
1921 1871 1965 1892 en

862 1913 1011 1961 e‘clzanye
1028 1914 1135 1948 d’zme
1153 1919 1270 1948 autre.
1283 1913 1551 1947 —mezxmzxu

1170 2102 1242 2126 1201.

490 2182 631 2217 Imprimee
641 2182 708 2209 dans
722 2182 809 2209 Μίνωϊ
820 2183 918 2209 Donat.
931 2183 1020 2220 Belq„
1034 2184 1083 2217 lib,
1099 2184 1123 2211 11
1133 2205 1140 2217 ,
1156 2184 1238 2219 chap.
1254 2183 1360 2217 LXXX,
1373 2187 1401 2211 et
1410 2183 1478 2210 dans
1490 2183 1531 2210 les
1542 2192 1661 2219 preuves
1674 2184 1712 2210 du
1724 2189 1790 2210 tom.
1806 2184 1830 2211 11
1843 2185 1890 2212 des
1907 2186 1969 2212 An-

452 2229 524 2255 nales
535 2229 591 2256 ord.
606 2229 726 2265 Praem.,
740 2229 793 2257 col.
807 2229 997 2257 CCXXXVIII.

1186 2288 1308 2321 Original,
1322 2296 1391 2314 sceau
1402 2297 1433 2315 en
1444 2290 1492 2317 cire
1504 2289 1581 2315 brune
1593 2288 1763 2321 eudommage.
