2118 3184
792 444 1078 480 APPENDICES.
1630 445 1698 479 9:27

173 554 282 579 inventa
295 553 395 580 suerint
410 554 435 580 in
448 563 575 580 mensura
590 553 741 580 secundum
754 553 969 579 aestimationem
984 553 1080 588 viginti
1091 552 1222 579 librarum
1236 551 1432 578 flandrensium
1445 561 1580 579 novorum
1592 552 1625 578 de
1640 553 1695 578 sin—

173 600 244 636 gulis
258 601 378 627 bonariis
390 601 454 627 dicti
472 602 591 627 nemoris
602 611 652 636 pru
667 601 805 636 emptione
820 594 998 626 taxamlarum
1008 621 1014 630 ,
1032 600 1065 625 de
1080 600 1151 625 dicta
1167 609 1271 626 summa
1284 604 1393 625 centum
1408 599 1541 625 librarum
1558 599 1697 625 flandren-

173 649 243 674 sium
257 648 322 674 milii
338 649 372 674 ab
386 648 479 674 cadem
493 649 607 675 ecclesia
619 654 659 674 cst
674 648 763 673 soluta
778 658 783 681 3
799 653 881 682 prout
898 656 1024 673 mensura
1039 653 1148 682 reperta
1162 647 1289 673 docuerit
1303 646 1365 682 plns
1381 646 1422 673 vel
1436 647 1524 672 miuus
1534 667 1541 677 ,
1558 646 1609 672 Ιιοο
1622 646 1697 672 salvo

175 696 249 731 quod
264 696 337 722 dicta
350 696 463 722 ecclesia
483 696 634 722 Ninivensis
647 695 732 721 dictas
749 695 842 721 decem
859 695 959 720 liberas
973 695 1142 720 lovanienses
1157 694 1264 720 solvere
1284 694 1408 729 promisit
1426 694 1498 720 ultra
1513 693 1611 719 dictam
1629 703 1700 719 sum-

177 753 246 769 mam
264 749 374 769 centum
389 743 520 769 librarum
541 743 736 769 flandrensium
757 742 822 768 mihi
842 742 994 768 solutarnm
1007 763 1014 769 .
1035 742 1166 768 ecclesiae
1185 742 1219 768 de
1238 742 1342 767 l'amela
1361 751 1411 776 pro
1429 751 1484 767 nno
1505 741 1620 767 bouario
1636 741 1700 767 dicti

177 791 296 817 nemoris
308 790 395 816 eidem
408 800 422 816 a
435 790 522 816 bonae
537 791 683 816 memoriae
697 789 810 825 Aegidio
821 789 958 824 quondam
971 789 1041 824 patri
1053 798 1113 814 mco
1125 798 1174 823 pro
1190 788 1298 815 tandem
1315 788 1435 823 obligato
1450 789 1475 814 in
1488 788 1698 823 eleemosynam,

177 837 251 873 quod
271 842 297 863 et
314 838 376 864 fecit
390 859 396 864 .
415 843 558 873 praetcrea
578 838 678 864 dictam
697 837 837 863 ecclesiam
855 837 1009 863 Ninivensis
1028 837 1054 862 in
1075 836 1146 862 dicta
1166 841 1228 862 octo
1248 836 1360 861 bonaria
1376 836 1494 862 nemoris
1513 835 1555 861 vel
1572 836 1697 866 circiter„

176 890 259 920 prout
275 894 402 911 mensura
420 885 579 911 terminabit
592 884 743 910 secundum
760 885 858 913 ritum,
872 884 959 919 legem
974 888 1001 909 et
1018 883 1244 909 consuetudinem
1260 883 1364 918 patriae
1378 883 1576 917 approbatam,
1593 892 1698 908 necnon

175 931 468 964 seeunduinjudicium
483 931 622 957 hominum
637 931 807 957 feodatorum
820 931 885 956 dicti
897 931 1002 956 comitis
1019 930 1184 965 superioris,
1197 930 1303 965 parium
1318 938 1451 955 meorum.
1467 929 1505 955 Ad
1516 929 1566 955 hoc
1580 930 1699 964 quodam

176 978 219 1005 die
232 978 279 1013 qui
295 979 455 1013 praeteriit,
471 978 542 1013 apud
555 978 743 1013 Grimbergam
758 978 784 1004 in
799 978 869 1003 atrio
882 977 964 1003 nobili
980 982 1103 1002 matrona
1117 976 1189 1002 dicta
1202 976 1251 1007 M„
1265 985 1350 1001 uxore
1363 976 1428 1001 dicti
1444 976 1550 1001 comitis
1560 979 1587 1001 et
1598 976 1699 1002 domini

175 1025 210 1051 de
221 1025 399 1061 Grimbergis,
413 1026 440 1052 in
455 1025 614 1061 captivitate
627 1026 733 1052 comitis
751 1025 890 1050 Bari-cusis
904 1024 1008 1050 detenti
1021 1029 1164 1059 praesente
1179 1029 1206 1049 et
1220 1029 1307 1049 terras
1321 1033 1382 1049 suas
1395 1028 1421 1049 et
1434 1023 1498 1048 dicti
1512 1024 1618 1049 comitis
1631 1029 1701 1049 stre-

178 1082 232 1099 nue
248 1078 430 1108 procurante,
447 1083 478 1099 ex
494 1078 571 1108 parte
585 1073 707 1107 ejusdcm
722 1078 862 1098 matronae
876 1082 924 1107 per
939 1071 1090 1097 Joliannem
1106 1071 1139 1096 de
1154 1070 1352 1106 l'ensenghcm,
1370 1070 1498 1096 ballivum
1514 1070 1547 1096 de
1562 1070 1701 1097 (irimber-

177 1120 236 1154 gis,
258 1121 310 1146 rite
331 1120 550 1146 submonitorum
568 1120 641 1146 dicto
660 1120 756 1151 feodo,
770 1129 880 1145 nemore
898 1119 1001 1145 scilicet
1021 1123 1187 1145 memorato,
1204 1118 1230 1143 in
1250 1118 1447 1143 haereditatem
1465 1118 1615 1143 secundum
1632 1118 1701 1151 juris

178 1166 302 1193 ordinem
321 1171 502 1195 commutato,
523 1172 549 1192 et
563 1167 596 1192 ad
609 1167 745 1201 judicium
760 1166 896 1192 scabinale
911 1166 1045 1192 translato
1055 1186 1062 1197 ‚
1078 1164 1228 1191 secundum
1238 1164 1372 1198 judicium
1387 1165 1560 1190 scabinorum
1578 1174 1699 1191 meorum

177 1213 211 1239 de
223 1213 403 1249 Ledeberghe
414 1234 420 1245 ‚
435 1223 504 1248 quos
517 1213 550 1239 ad
563 1213 613 1239 hoc
627 1213 699 1248 apud
714 1213 816 1239 dictum
830 1212 920 1238 locum
931 1221 1036 1238 mecum
1051 1211 1231 1241 adduxeram,
1248 1211 1349 1236 eisdem
1361 1211 1478 1236 scabinis
1489 1211 1583 1237 eodem
1595 1211 1655 1238 loco
1667 1212 1701 1237 ad

178 1260 373 1296 proferendum
385 1260 518 1294 judicium
531 1270 545 1286 a
560 1260 633 1286 dicto
646 1260 744 1286 ballivo
755 1281 761 1292 ‚
772 1259 897 1286 Johanne
910 1259 944 1285 dc
958 1258 1137 1293 Penscghem,
1150 1258 1183 1283 ad
1196 1266 1281 1283 meam
1292 1258 1447 1283 instantiam
1459 1258 1673 1284 accommodato.
1686 1270 1700 1284 a

178 1317 220 1334 me
233 1308 286 1333 rite
299 1308 518 1334 submonitorum
535 1307 655 1343 legitime
676 1308 801 1334 investivi
819 1312 845 1333 et
861 1306 1007 1332 haeredavi
1023 1306 1075 1332 sub
1090 1315 1181 1331 annuo
1197 1314 1280 1331 censu
1298 1310 1419 1339 quatuor
1432 1305 1607 1331 denariorum
1626 1306 1700 1331 lova-

178 1355 312 1380 niensium
327 1355 361 1381 de
374 1354 489 1390 singulis
504 1355 624 1380 bonai-iis
635 1355 700 1380 dicti
714 1355 832 1380 nemoris
842 1375 848 1386 ⁷
864 1353 929 1380 mihi
944 1354 1084 1379 annuatim
1099 1353 1133 1378 ab
1145 1352 1238 1378 eadem
1255 1352 1368 1378 ecclesia
1382 1353 1492 1377 statutis
1510 1353 1633 1378 terminis
1647 1354 1702 1379 sol-

180 1400 330 1427 vendorum
344 1411 350 1435 5
365 1401 467 1427 dictum
484 1411 579 1427 nemus
592 1407 675 1437 prout
688 1402 715 1427 in
729 1411 778 1427 sua
792 1401 946 1436 quantitate
960 1400 1117 1426 extenditur
1132 1400 1184 1425 sub
1197 1399 1270 1425 dicto
1282 1408 1366 1425 censu
1381 1400 1406 1425 iu
1420 1405 1585 1435 perpetuum
1600 1410 1615 1426 a
1628 1401 1701 1427 dicta

178 1447 292 1474 ecclesia
306 1448 443 1475 Ninivensi
458 1449 570 1484 pacifice
584 1448 790 1484 possidendum.
806 1449 891 1474 Porro
904 1453 935 1474 ut
949 1457 1056 1473 omnem
1073 1446 1313 1482 scrupulositatem
1329 1456 1412 1481 super
1428 1447 1627 1482 tranquillitate
1642 1457 1701 1482 pos-

180 1495 308 1522 sessionis
326 1495 391 1522 dicti
406 1496 524 1522 nemoris
536 1505 552 1522 a
565 1495 637 1522 dicta
654 1496 769 1522 ecclesia
788 1495 891 1521 valeam
909 1495 935 1520 in
954 1494 1079 1520 futurum
1098 1495 1207 1529 penitus
1225 1503 1352 1520 amovere
1365 1514 1372 1525 ,
1388 1494 1564 1520 usufructum
1579 1499 1606 1520 et
1622 1504 1701 1520 omne

176 1542 238 1574 jus,
253 1542 328 1578 quod
343 1547 429 1568 mater
445 1552 503 1569 mea
518 1542 552 1568 ad
568 1543 649 1568 vitam
663 1552 738 1568 suam
754 1547 781 1568 et
797 1541 968 1577 possessione
983 1541 1048 1567 dicti
1066 1541 1184 1567 nemoris
1198 1540 1341 1566 obtinebat
1355 1540 1427 1575 apud
1444 1540 1593 1573 Pamelam,
1608 1551 1700 1567 coram

182 1588 339 1615 hominibus
354 1589 420 1615 meis
439 1589 554 1615 feodatis
571 1593 598 1615 et
612 1589 729 1615 scabinis
743 1589 777 1615 de
792 1587 973 1623 Ledeberghe
985 1609 992 1619 ‚
1008 1597 1061 1614 uon
1075 1593 1185 1619 coacta,
1202 1597 1256 1613 non
1272 1587 1425 1622 compulsa,
1439 1587 1486 1613 scd
1501 1588 1587 1614 libera
1604 1588 1702 1614 volun-

179 1641 251 1667 tate,
267 1636 326 1662 aliis
340 1641 468 1662 contenta
483 1635 690 1670 bonis‚judicio
703 1641 758 1661 tam
770 1635 909 1661 hominum
926 1644 1006 1670 quam
1021 1635 1196 1660 scabinorum
1217 1633 1422 1669 praedictorum
1441 1634 1474 1660 ad
1490 1634 1542 1660 hoc
1560 1645 1574 1660 a
1592 1645 1634 1662 me
1648 1637 1700 1662 rite

179 1683 398 1709 submonitorum
413 1684 438 1708 in
451 1692 546 1708 manus
559 1690 632 1708 meas
642 1682 728 1708 libere
739 1683 905 1717 reportavit,
915 1691 977 1708 cum
991 1681 1139 1707 cll'estucali
1151 1681 1321 1716 werpitione‚
1338 1681 1391 1706 fide
1406 1681 1601 1715 etjuramento
1615 1683 1700 1709 inter-

182 1730 278 1766 positis
289 1751 295 1763 ,
311 1730 385 1766 quod
398 1730 432 1756 de
446 1735 555 1756 caetero
569 1729 635 1756 nihil
646 1730 718 1764 juris
729 1731 754 1755 in
766 1729 840 1756 dicto
857 1738 968 1755 nemore
984 1738 1031 1755 seu
1046 1728 1193 1755 usufructu
1208 1728 1330 1762 ejusdem
1349 1729 1458 1763 penitus
1474 1730 1659 1763 renuntiavit,
1675 1737 1702 1757 et

181 1787 232 1814 ego
249 1778 283 1804 de
304 1787 384 1803 :nanu
406 1787 463 1803 mea
479 1782 607 1813 tanquam
621 1787 704 1804 verus
717 1777 860 1809 dominus,
881 1777 969 1802 dictae
987 1776 1117 1802 ecclesiae
1141 1776 1243 1802 dictum
1264 1785 1360 1801 nemus
1373 1785 1435 1801 cum
1453 1776 1525 1801 omni
1542 1777 1700 1812 integritate

176 1826 249 1860 juris
266 1825 386 1858 contuli,
407 1830 437 1851 ut
456 1825 558 1851 dictum
579 1830 638 1857 est,
654 1824 837 1851 haereditarie
856 1823 1060 1860 possidendum.
1079 1823 1199 1850 ,lacobus
1213 1824 1310 1855 etiam,
1332 1822 1418 1848 l'rater
1437 1832 1530 1856 meus,
1549 1823 1608 1850 aliis
1622 1824 1701 1850 bonis

181 1872 420 1908 aequivalentibus
432 1881 447 1897 a
462 1881 504 1898 me
520 1871 607 1898 eidem
621 1871 686 1898 alias
700 1871 828 1897 exhibitis
842 1880 892 1906 pro
907 1871 1032 1906 portione
1045 1870 1110 1896 dicti
1125 1870 1243 1896 nemoris
1256 1879 1285 1895 se
1299 1870 1474 1905 contingente
1487 1890 1494 1901 ,
1508 1879 1600 1896 coram
1614 1870 1702 1897 homi-

181 1920 262 1946 nibus
277 1921 342 1946 meis
357 1918 472 1945 feodatis
484 1923 511 1945 et
525 1919 642 1945 scabinis
653 1928 684 1945 ac
694 1919 800 1953 judicio
813 1918 970 1944 eorumdem
985 1917 1018 1943 ad
1032 1917 1083 1943 hoc
1097 1917 1149 1943 rite
1165 1917 1384 1943 submonitorum
1394 1937 1401 1949 ‚
1415 1917 1539 1943 similiter
1554 1923 1700 1944 contentus

184 1973 212 1995 et
223 1967 383 2003 werpitione
396 1966 543 2002 praemissa
552 1987 559 1999 ,
570 1966 642 1992 omni
653 1966 712 2000 juri
721 1966 795 2001 quod
812 1966 838 1991 in
850 1965 923 1991 dicto
933 1974 1044 1991 nemore
1058 1964 1177 1990 habebat
1189 1963 1233 1990 vel
1247 1963 1392 1989 habiturus
1403 1968 1462 1989 erat
1475 1964 1600 1990 omnibus
1615 1965 1701 1991 modis

143 2030 146 2033 v
183 2014 367 2047 renuntiavit,
383 2019 410 2040 et
428 2013 493 2040 dicti
507 2018 593 2039 mater
608 2023 666 2040 mea
678 2017 706 2039 et
720 2013 806 2039 frater
819 2022 894 2039 meus
907 2022 998 2038 coram
1013 2011 1106 2037 multis
1116 2011 1170 2037 lide
1180 2011 1269 2047 dignis
1281 2011 1314 2036 ad
1327 2010 1378 2036 hoc
1391 2020 1405 2036 a
1418 2020 1460 2037 me
1473 2011 1499 2036 in
1514 2012 1700 2038 testimonium

183 2063 316 2093 evocatis,
334 2061 407 2088 dicto
421 2061 586 2087 venditionis
603 2066 630 2086 et
644 2061 788 2096 emptionis
800 2059 953 2086 contractui
971 2063 1169 2085 consenserunt
1180 2067 1229 2084 nec
1240 2057 1327 2083 eidem
1343 2057 1480 2083 contraire
1494 2058 1520 2083 in
1534 2058 1627 2094 aliquo
1637 2080 1643 2090 ⁷
1660 2059 1701 2086 vel

181 2110 280 2136 dictam
299 2108 439 2135 ecelesiam
454 2108 599 2134 molestare
614 2117 698 2143 super
712 2108 807 2134 eodem
825 2111 967 2133 contractu
983 2116 1029 2133 seu
1046 2105 1261 2132 molestationem
1278 2114 1427 2140 procurare
1446 2106 1472 2130 in
1488 2105 1609 2132 suturam
1627 2113 1701 2133 certa

184 2157 362 2193 stipulatione
379 2156 575 2192 promiserunt.
594 2155 672 2181 L'nde
684 2164 735 2192 ego
751 2160 880 2190 tanquam
899 2154 1052 2180 immediate
1065 2153 1190 2179 dominus
1205 2153 1293 2179 dictae
1307 2153 1437 2179 ecclesiae
1450 2153 1483 2179 dc
1497 2153 1570 2179 dicto
1589 2164 1700 2181 nemore

183 2204 256 2231 etde
267 2208 409 2230 contractu
423 2203 590 2229 venditionis
602 2208 629 2229 et
640 2203 785 2238 emptionis
795 2203 930 2237 ejusdem,
940 2202 986 2237 qui
997 2206 1155 2228 contractus
1165 2210 1226 2227 cum
1240 2205 1312 2226 tanta
1323 2200 1494 2227 solemnitate
1503 2221 1509 2233 ‚
1522 2201 1594 2235 juris
1605 2211 1700 2237 perac-

185 2256 230 2278 tus
243 2256 284 2278 est
295 2272 302 2282 ,
317 2255 348 2277 ut
362 2251 388 2276 in
401 2251 496 2277 eodem
511 2250 578 2276 nihil
591 2250 625 2277 de
641 2251 864 2286 contingentibus
881 2250 1008 2276 omissum
1022 2254 1062 2275 est
1073 2270 1079 2280 ,
1096 2249 1207 2284 promisi
1221 2253 1248 2274 et
1263 2253 1358 2274 teneor
1373 2258 1433 2274 cum
1449 2248 1520 2274 omni
1541 2249 1700 2284 posteritate

185 2308 244 2325 mea
257 2298 320 2325 mihi
336 2298 362 2324 in
373 2298 493 2324 dominio
507 2297 540 2323 de
555 2297 733 2333 Ledeberghe
747 2297 911 2324 succedente
922 2318 929 2329 ‚
945 2297 1052 2332 plenam
1068 2296 1253 2322 warandisiam
1267 2300 1361 2321 contra
1376 2304 1469 2321 omnes
1481 2295 1513 2320 ad
1526 2295 1573 2329 jus
1587 2301 1614 2322 et
1628 2296 1698 2323 diem

183 2346 277 2373 venire
291 2344 414 2371 volentes
431 2345 456 2370 in
476 2344 541 2370 meis
561 2345 686 2380 expensis
700 2345 819 2380 propriis
836 2344 977 2370 exhibere.
997 2344 1032 2370 Ut
1046 2348 1137 2369 autem
1153 2343 1242 2368 omnia
1255 2341 1406 2377 praelibata
1420 2342 1579 2368 inconvulsa
1593 2343 1619 2369 in
1638 2353 1701 2379 per—

183 2399 296 2429 petuum
310 2397 488 2428 perseverent
502 2397 529 2418 et
542 2392 575 2418 ad
590 2392 721 2426 majorem
732 2392 840 2418 roboris
851 2392 1018 2423 firmitatem,
1034 2395 1207 2427 praesentem
1222 2395 1324 2416 cartam
1335 2399 1396 2415 cum
1407 2389 1602 2417 subnotatione
1614 2390 1701 2417 homi-

183 2451 247 2468 num
268 2440 441 2468 feodatorum
461 2445 489 2467 et
507 2440 681 2466 scabinorum
704 2440 768 2466 dicti
786 2440 886 2466 domini
909 2439 1059 2475 superioris
1077 2448 1108 2465 ac
1127 2438 1265 2464 hominum
1288 2437 1458 2463 feodatorum
1477 2442 1504 2463 ct
1525 2438 1699 2464 scabinorum

185 2498 319 2521 meorum,
331 2497 437 2514 necnon
449 2489 559 2515 testium
573 2488 620 2524 qui
633 2493 791 2523 praesentes
804 2487 990 2514 interfuerunt
1005 2486 1092 2522 rogati
1104 2507 1111 2518 ,
1121 2491 1148 2512 et
1159 2484 1373 2521 appensionibus
1385 2484 1536 2520 sigillorum
1546 2485 1597 2511 mei
1606 2490 1634 2512 et
1647 2495 1700 2512 sca-

182 2536 310 2563 binorum
323 2535 357 2562 de
369 2535 560 2572 Ledeberghe,
574 2535 662 2562 dictae
676 2535 805 2562 ecclesiae
817 2535 920 2562 contuli
933 2535 1099 2561 roboratam.
1110 2533 1238 2559 Homines
1247 2533 1347 2558 l'eodati
1358 2532 1459 2558 domini
1472 2533 1623 2568 superioris
1636 2539 1700 2560 sunt

184 2583 246 2610 isti:
263 2583 396 2610 Henricus
411 2583 444 2610 de
458 2583 560 2617 Amba,
580 2583 742 2619 Radulphus
760 2583 793 2610 de
810 2583 894 2610 Wilre
905 2604 912 2616 ‚
928 2583 1007 2619 Ilugo
1021 2582 1055 2608 de
1068 2581 1208 2617 Sciplalcen
1219 2602 1226 2614 ‚
1248 2580 1396 2607 Balduinus
1412 2579 1446 2606 de
1463 2579 1545 2614 Estne,
1561 2580 1701 2607 „Iohannes
