<?xml version="1.0" encoding="UTF-8"?>
<!DOCTYPE html PUBLIC "-//W3C//DTD XHTML 1.0 Transitional//EN"
    "http://www.w3.org/TR/xhtml1/DTD/xhtml1-transitional.dtd">
<html xmlns="http://www.w3.org/1999/xhtml" xml:lang="en" lang="en">
 <head>
  <title>
</title>
<meta http-equiv="Content-Type" content="text/html;charset=utf-8" />
  <meta name='ocr-system' content='tesseract 3.04.00' />
  <meta name='ocr-capabilities' content='ocr_page ocr_carea ocr_par ocr_line ocrx_word'/>
</head>
<body>
  <div class='ocr_page' id='page_1' title='image "./corpuschronicoru02smetuoft_0368.png"; bbox 0 0 2137 3131; ppageno 0'>
   <div class='ocr_carea' id='block_1_1' title="bbox 521 390 1686 432">
    <p class='ocr_par' dir='ltr' id='par_1_1' title="bbox 521 390 1686 432">
     <span class='ocr_line' id='line_1_1' title="bbox 521 390 1686 432; baseline -0.008 0"><span class='ocrx_word' id='word_1_1' title='bbox 521 397 589 432; x_wconf 56' lang='lat'>3³⁴0</span> <span class='ocrx_word' id='word_1_2' title='bbox 859 394 943 428; x_wconf 83' lang='lat' dir='ltr'>COR</span> <span class='ocrx_word' id='word_1_3' title='bbox 951 392 1033 426; x_wconf 90' lang='lat' dir='ltr'>PUS</span> <span class='ocrx_word' id='word_1_4' title='bbox 1060 390 1390 425; x_wconf 74' lang='lat' dir='ltr'>CHRONICORUM</span> <span class='ocrx_word' id='word_1_5' title='bbox 1419 390 1611 424; x_wconf 68' lang='lat' dir='ltr'>FLANDRI</span> <span class='ocrx_word' id='word_1_6' title='bbox 1619 392 1686 424; x_wconf 73' lang='grc' dir='ltr'>ΑΕ.</span> 
     </span>
    </p>
   </div>
   <div class='ocr_carea' id='block_1_2' title="bbox 523 574 2030 683">
    <p class='ocr_par' dir='ltr' id='par_1_2' title="bbox 523 574 2030 683">
     <span class='ocr_line' id='line_1_2' title="bbox 523 574 2030 625; baseline -0.004 -11"><span class='ocrx_word' id='word_1_7' title='bbox 523 580 724 614; x_wconf 66' lang='lat' dir='ltr'>Semmdnm,</span> <span class='ocrx_word' id='word_1_8' title='bbox 744 579 1098 625; x_wconf 70' lang='lat' dir='ltr'>p}&#39;aenostieatebnem</span> <span class='ocrx_word' id='word_1_9' title='bbox 1124 579 1287 623; x_wconf 68' lang='lat' dir='ltr'>mayz&#39;slrz&#39;</span> <span class='ocrx_word' id='word_1_10' title='bbox 1304 576 1479 611; x_wconf 75' lang='lat' dir='ltr'>Johanm&#39;s</span> <span class='ocrx_word' id='word_1_11' title='bbox 1503 575 1543 609; x_wconf 73' lang='lat' dir='ltr'>cle</span> <span class='ocrx_word' id='word_1_12' title='bbox 1570 574 1705 617; x_wconf 70' lang='lat' dir='ltr'>Muris,</span> <span class='ocrx_word' id='word_1_13' title='bbox 1730 581 1814 609; x_wconf 72' lang='lat' dir='ltr'>sunt</span> <span class='ocrx_word' id='word_1_14' title='bbox 1833 577 2030 609; x_wconf 75' lang='lat' dir='ltr'>commina-</span> 
     </span>
     <span class='ocr_line' id='line_1_3' title="bbox 660 634 1892 683; baseline -0.003 -12"><span class='ocrx_word' id='word_1_15' title='bbox 660 640 766 671; x_wconf 69' lang='lat' dir='ltr'>tiones</span> <span class='ocrx_word' id='word_1_16' title='bbox 780 637 1011 683; x_wconf 70' lang='lat' dir='ltr'>planetarum</span> <span class='ocrx_word' id='word_1_17' title='bbox 1030 642 1060 669; x_wconf 73' lang='lat' dir='ltr'>et</span> <span class='ocrx_word' id='word_1_18' title='bbox 1079 636 1258 669; x_wconf 72' lang='lat' dir='ltr'>stellarum</span> <span class='ocrx_word' id='word_1_19' title='bbox 1285 638 1323 668; x_wconf 73' lang='lat' dir='ltr'>z&#39;n</span> <span class='ocrx_word' id='word_1_20' title='bbox 1344 637 1493 669; x_wconf 71' lang='lat' dir='ltr'>cameris</span> <span class='ocrx_word' id='word_1_21' title='bbox 1507 634 1675 681; x_wconf 66' lang='lat' dir='ltr'>planctus*</span> <span class='ocrx_word' id='word_1_22' title='bbox 1698 640 1730 667; x_wconf 76' lang='lat' dir='ltr'>et</span> <span class='ocrx_word' id='word_1_23' title='bbox 1755 634 1892 667; x_wconf 69' lang='lat' dir='ltr'>doloris.</span> 
     </span>
    </p>
   </div>
   <div class='ocr_carea' id='block_1_3' title="bbox 523 782 2037 1181">
    <p class='ocr_par' dir='ltr' id='par_1_3' title="bbox 523 782 2037 1181">
     <span class='ocr_line' id='line_1_4' title="bbox 571 782 2035 830; baseline -0.003 -12"><span class='ocrx_word' id='word_1_24' title='bbox 571 786 609 819; x_wconf 90' lang='lat' dir='ltr'>lu</span> <span class='ocrx_word' id='word_1_25' title='bbox 625 785 736 830; x_wconf 83' lang='lat' dir='ltr'>prima</span> <span class='ocrx_word' id='word_1_26' title='bbox 757 784 965 830; x_wconf 84' lang='lat' dir='ltr'>promittens</span> <span class='ocrx_word' id='word_1_27' title='bbox 984 783 1117 817; x_wconf 89' lang='lat' dir='ltr'>mundo</span> <span class='ocrx_word' id='word_1_28' title='bbox 1132 783 1240 825; x_wconf 87' lang='lat' dir='ltr'>bella,</span> <span class='ocrx_word' id='word_1_29' title='bbox 1262 782 1524 816; x_wconf 66' lang='lat' dir='ltr'><strong>interfectiones</strong></span> <span class='ocrx_word' id='word_1_30' title='bbox 1538 789 1573 815; x_wconf 89' lang='lat' dir='ltr'>et</span> <span class='ocrx_word' id='word_1_31' title='bbox 1587 783 1829 815; x_wconf 79' lang='lat' dir='ltr'>immersiones</span> <span class='ocrx_word' id='word_1_32' title='bbox 1843 793 2016 828; x_wconf 85' lang='lat' dir='ltr'>aquarum</span> <span class='ocrx_word' id='word_1_33' title='bbox 2027 808 2035 824; x_wconf 82' lang='lat'>,</span> 
     </span>
     <span class='ocr_line' id='line_1_5' title="bbox 523 840 2035 888; baseline -0.003 -11"><span class='ocrx_word' id='word_1_34' title='bbox 523 845 611 877; x_wconf 77' lang='lat' dir='ltr'>aeris</span> <span class='ocrx_word' id='word_1_35' title='bbox 629 842 890 888; x_wconf 87' lang='lat' dir='ltr'>corruptiones,</span> <span class='ocrx_word' id='word_1_36' title='bbox 913 841 1121 887; x_wconf 72' lang='lat' dir='ltr'>epideniiaS,</span> <span class='ocrx_word' id='word_1_37' title='bbox 1139 840 1332 875; x_wconf 73' lang='lat' dir='ltr'>discordias</span> <span class='ocrx_word' id='word_1_38' title='bbox 1346 848 1452 887; x_wconf 81' lang='lat' dir='ltr'>atque</span> <span class='ocrx_word' id='word_1_39' title='bbox 1472 840 1566 883; x_wconf 83' lang='lat' dir='ltr'>lites,</span> <span class='ocrx_word' id='word_1_40' title='bbox 1588 852 1692 874; x_wconf 89' lang='lat' dir='ltr'>cruce</span> <span class='ocrx_word' id='word_1_41' title='bbox 1710 840 1907 888; x_wconf 75' lang='lat' dir='ltr'>signaturas</span> <span class='ocrx_word' id='word_1_42' title='bbox 1923 846 1958 873; x_wconf 89' lang='lat' dir='ltr'>et</span> <span class='ocrx_word' id='word_1_43' title='bbox 1975 851 2035 873; x_wconf 88' lang='lat' dir='ltr'>ca—</span> 
     </span>
     <span class='ocr_line' id='line_1_6' title="bbox 524 897 2037 946; baseline -0.003 -11"><span class='ocrx_word' id='word_1_44' title='bbox 524 915 602 935; x_wconf 85' lang='lat' dir='ltr'>sum</span> <span class='ocrx_word' id='word_1_45' title='bbox 628 901 780 946; x_wconf 80' lang='lat' dir='ltr'>desuper</span> <span class='ocrx_word' id='word_1_46' title='bbox 803 901 1034 946; x_wconf 86' lang='lat' dir='ltr'>insperatum.</span> <span class='ocrx_word' id='word_1_47' title='bbox 1062 899 1114 933; x_wconf 85' lang='lat' dir='ltr'>Ad</span> <span class='ocrx_word' id='word_1_48' title='bbox 1133 900 1235 932; x_wconf 83' lang='lat' dir='ltr'>aliam</span> <span class='ocrx_word' id='word_1_49' title='bbox 1255 911 1400 945; x_wconf 86' lang='lat' dir='ltr'>quoque</span> <span class='ocrx_word' id='word_1_50' title='bbox 1421 905 1557 944; x_wconf 84' lang='lat' dir='ltr'>partem</span> <span class='ocrx_word' id='word_1_51' title='bbox 1584 899 1757 932; x_wconf 80' lang='lat' dir='ltr'>minantes</span> <span class='ocrx_word' id='word_1_52' title='bbox 1781 898 1881 931; x_wconf 86' lang='lat' dir='ltr'>terris</span> <span class='ocrx_word' id='word_1_53' title='bbox 1899 897 2037 931; x_wconf 89' lang='lat' dir='ltr'>discor-</span> 
     </span>
     <span class='ocr_line' id='line_1_7' title="bbox 524 956 2034 1006; baseline -0.002 -13"><span class='ocrx_word' id='word_1_54' title='bbox 524 960 598 994; x_wconf 92' lang='lat' dir='ltr'>dias</span> <span class='ocrx_word' id='word_1_55' title='bbox 622 960 713 993; x_wconf 88' lang='lat' dir='ltr'>inter</span> <span class='ocrx_word' id='word_1_56' title='bbox 738 958 905 1004; x_wconf 86' lang='lat' dir='ltr'>majores,</span> <span class='ocrx_word' id='word_1_57' title='bbox 931 964 966 991; x_wconf 87' lang='lat' dir='ltr'>et</span> <span class='ocrx_word' id='word_1_58' title='bbox 985 971 1129 1006; x_wconf 77' lang='lat' dir='ltr'>guerras</span> <span class='ocrx_word' id='word_1_59' title='bbox 1152 957 1358 999; x_wconf 85' lang='lat' dir='ltr'>duraturas,</span> <span class='ocrx_word' id='word_1_60' title='bbox 1382 956 1523 991; x_wconf 86' lang='lat' dir='ltr'>fraudes</span> <span class='ocrx_word' id='word_1_61' title='bbox 1546 964 1581 991; x_wconf 82' lang='lat' dir='ltr'>et</span> <span class='ocrx_word' id='word_1_62' title='bbox 1604 957 1754 991; x_wconf 73' lang='lat' dir='ltr'>fallacias</span> <span class='ocrx_word' id='word_1_63' title='bbox 1779 957 1870 990; x_wconf 85' lang='lat' dir='ltr'>inter</span> <span class='ocrx_word' id='word_1_64' title='bbox 1896 962 2034 1002; x_wconf 80' lang='lat' dir='ltr'>partes,</span> 
     </span>
     <span class='ocr_line' id='line_1_8' title="bbox 526 1014 2037 1063; baseline -0.003 -12"><span class='ocrx_word' id='word_1_65' title='bbox 526 1016 770 1051; x_wconf 76' lang='lat' dir='ltr'>multitudines</span> <span class='ocrx_word' id='word_1_66' title='bbox 788 1023 974 1050; x_wconf 78' lang='lat' dir='ltr'>ventorum</span> <span class='ocrx_word' id='word_1_67' title='bbox 990 1015 1187 1050; x_wconf 79' lang='lat' dir='ltr'>validorum</span> <span class='ocrx_word' id='word_1_68' title='bbox 1204 1023 1237 1049; x_wconf 88' lang='lat' dir='ltr'>et</span> <span class='ocrx_word' id='word_1_69' title='bbox 1252 1014 1491 1063; x_wconf 75' lang='lat' dir='ltr'>aegritudines</span> <span class='ocrx_word' id='word_1_70' title='bbox 1505 1027 1611 1061; x_wconf 84' lang='lat' dir='ltr'>super</span> <span class='ocrx_word' id='word_1_71' title='bbox 1628 1021 1740 1061; x_wconf 84' lang='lat' dir='ltr'>aplos.</span> <span class='ocrx_word' id='word_1_72' title='bbox 1760 1014 1799 1047; x_wconf 93' lang='lat' dir='ltr'>In</span> <span class='ocrx_word' id='word_1_73' title='bbox 1813 1014 1879 1048; x_wconf 82' lang='lat' dir='ltr'>alia</span> <span class='ocrx_word' id='word_1_74' title='bbox 1893 1026 2037 1061; x_wconf 85' lang='lat' dir='ltr'>quoque</span> 
     </span>
     <span class='ocr_line' id='line_1_9' title="bbox 525 1072 2037 1121; baseline -0.001 -13"><span class='ocrx_word' id='word_1_75' title='bbox 525 1075 606 1109; x_wconf 82' lang='lat' dir='ltr'>sede</span> <span class='ocrx_word' id='word_1_76' title='bbox 635 1075 815 1108; x_wconf 78' lang='lat' dir='ltr'>minamur</span> <span class='ocrx_word' id='word_1_77' title='bbox 842 1086 1033 1121; x_wconf 80' lang='lat' dir='ltr'>regnorum</span> <span class='ocrx_word' id='word_1_78' title='bbox 1060 1074 1294 1117; x_wconf 79' lang='lat' dir='ltr'>mutationes,</span> <span class='ocrx_word' id='word_1_79' title='bbox 1325 1073 1432 1116; x_wconf 77' lang='lat' dir='ltr'>bella,</span> <span class='ocrx_word' id='word_1_80' title='bbox 1462 1073 1611 1116; x_wconf 59' lang='lat' dir='ltr'>famem,</span> <span class='ocrx_word' id='word_1_81' title='bbox 1640 1072 1827 1106; x_wconf 83' lang='lat' dir='ltr'>seditiones</span> <span class='ocrx_word' id='word_1_82' title='bbox 1858 1078 1893 1106; x_wconf 83' lang='lat' dir='ltr'>et</span> <span class='ocrx_word' id='word_1_83' title='bbox 1918 1084 2037 1106; x_wconf 86' lang='lat' dir='ltr'>rerum</span> 
     </span>
     <span class='ocr_line' id='line_1_10' title="bbox 526 1131 1529 1181; baseline -0.003 -13"><span class='ocrx_word' id='word_1_84' title='bbox 526 1135 631 1168; x_wconf 88' lang='lat' dir='ltr'>miras</span> <span class='ocrx_word' id='word_1_85' title='bbox 653 1134 823 1168; x_wconf 81' lang='lat' dir='ltr'>novitates</span> <span class='ocrx_word' id='word_1_86' title='bbox 842 1146 860 1166; x_wconf 85' lang='lat' dir='ltr'>a</span> <span class='ocrx_word' id='word_1_87' title='bbox 880 1133 1082 1181; x_wconf 70' lang='lat' dir='ltr'>longinquis</span> <span class='ocrx_word' id='word_1_88' title='bbox 1100 1133 1322 1178; x_wconf 81' lang='lat' dir='ltr'>temporibus</span> <span class='ocrx_word' id='word_1_89' title='bbox 1342 1131 1529 1166; x_wconf 83' lang='lat' dir='ltr'>inauditas.</span> 
     </span>
    </p>
   </div>
   <div class='ocr_carea' id='block_1_4' title="bbox 534 1298 2040 1461">
    <p class='ocr_par' dir='ltr' id='par_1_4' title="bbox 534 1298 2040 1461">
     <span class='ocr_line' id='line_1_11' title="bbox 534 1298 2040 1347; baseline -0.003 -13"><span class='ocrx_word' id='word_1_90' title='bbox 534 1301 619 1334; x_wconf 68' lang='lat' dir='ltr'>Tres</span> <span class='ocrx_word' id='word_1_91' title='bbox 639 1307 755 1334; x_wconf 73' lang='lat' dir='ltr'>tamen</span> <span class='ocrx_word' id='word_1_92' title='bbox 776 1302 958 1347; x_wconf 66' lang='lat' dir='ltr'>principes</span> <span class='ocrx_word' id='word_1_93' title='bbox 981 1300 1195 1333; x_wconf 75' lang='lat' dir='ltr'>concordant</span> <span class='ocrx_word' id='word_1_94' title='bbox 1210 1299 1304 1345; x_wconf 78' lang='lat' dir='ltr'>quod</span> <span class='ocrx_word' id='word_1_95' title='bbox 1324 1299 1391 1344; x_wconf 73' lang='lat' dir='ltr'>fiat</span> <span class='ocrx_word' id='word_1_96' title='bbox 1406 1299 1593 1332; x_wconf 73' lang='lat' dir='ltr'>destructio</span> <span class='ocrx_word' id='word_1_97' title='bbox 1612 1304 1806 1340; x_wconf 65' lang='lat' dir='ltr'>seclorum,</span> <span class='ocrx_word' id='word_1_98' title='bbox 1830 1298 2040 1330; x_wconf 73' lang='lat' dir='ltr'>mutationes</span> 
     </span>
     <span class='ocr_line' id='line_1_12' title="bbox 575 1354 2039 1405; baseline -0.003 -13"><span class='ocrx_word' id='word_1_99' title='bbox 575 1371 766 1405; x_wconf 37' lang='lat' dir='ltr'>*reynor‘zwns</span> <span class='ocrx_word' id='word_1_100' title='bbox 775 1385 784 1400; x_wconf 80' lang='lat'>,</span> <span class='ocrx_word' id='word_1_101' title='bbox 806 1360 983 1404; x_wconf 67' lang='lat' dir='ltr'>apparitio</span> <span class='ocrx_word' id='word_1_102' title='bbox 993 1357 1271 1404; x_wconf 69' lang='lat' dir='ltr'>prophetarum,</span> <span class='ocrx_word' id='word_1_103' title='bbox 1288 1357 1406 1390; x_wconf 68' lang='lat' dir='ltr'>seclz&#39;lz&#39;o</span> <span class='ocrx_word' id='word_1_104' title='bbox 1416 1356 1632 1402; x_wconf 74' lang='lat' dir='ltr'>populorum</span> <span class='ocrx_word' id='word_1_105' title='bbox 1641 1383 1650 1398; x_wconf 69' lang='lat'>,</span> <span class='ocrx_word' id='word_1_106' title='bbox 1671 1358 1763 1389; x_wconf 69' lang='lat' dir='ltr'>ritus·</span> <span class='ocrx_word' id='word_1_107' title='bbox 1780 1367 1890 1389; x_wconf 63' lang='lat' dir='ltr'>nomes</span> <span class='ocrx_word' id='word_1_108' title='bbox 1902 1360 1935 1388; x_wconf 76' lang='lat' dir='ltr'>et</span> <span class='ocrx_word' id='word_1_109' title='bbox 1946 1354 2039 1400; x_wconf 78' lang='lat' dir='ltr'>fina-</span> 
     </span>
     <span class='ocr_line' id='line_1_13' title="bbox 577 1415 1436 1461; baseline -0.002 -12"><span class='ocrx_word' id='word_1_110' title='bbox 577 1418 656 1451; x_wconf 71' lang='lat' dir='ltr'>liter</span> <span class='ocrx_word' id='word_1_111' title='bbox 677 1423 862 1450; x_wconf 65' lang='lat' dir='ltr'>¹ventorum</span> <span class='ocrx_word' id='word_1_112' title='bbox 877 1416 986 1461; x_wconf 73' lang='lat' dir='ltr'>flatu-5</span> <span class='ocrx_word' id='word_1_113' title='bbox 1006 1416 1173 1449; x_wconf 71' lang='lat' dir='ltr'>horridus</span> <span class='ocrx_word' id='word_1_114' title='bbox 1192 1422 1226 1449; x_wconf 77' lang='lat' dir='ltr'>et</span> <span class='ocrx_word' id='word_1_115' title='bbox 1249 1415 1436 1448; x_wconf 70' lang='lat' dir='ltr'>timendus.</span> 
     </span>
    </p>
   </div>
   <div class='ocr_carea' id='block_1_5' title="bbox 532 1552 2048 2538">
    <p class='ocr_par' dir='ltr' id='par_1_5' title="bbox 532 1552 2044 2012">
     <span class='ocr_line' id='line_1_14' title="bbox 580 1552 2041 1600; baseline -0.003 -10"><span class='ocrx_word' id='word_1_116' title='bbox 580 1557 619 1590; x_wconf 90' lang='lat' dir='ltr'>In</span> <span class='ocrx_word' id='word_1_117' title='bbox 639 1568 732 1589; x_wconf 90' lang='lat' dir='ltr'>anno</span> <span class='ocrx_word' id='word_1_118' title='bbox 749 1553 957 1588; x_wconf 87' lang='lat' dir='ltr'>MCCCXLV</span> <span class='ocrx_word' id='word_1_119' title='bbox 972 1560 1007 1587; x_wconf 86' lang='lat' dir='ltr'>et</span> <span class='ocrx_word' id='word_1_120' title='bbox 1025 1555 1059 1587; x_wconf 90' lang='lat' dir='ltr'>in</span> <span class='ocrx_word' id='word_1_121' title='bbox 1075 1554 1304 1600; x_wconf 85' lang='lat' dir='ltr'>sequentibus</span> <span class='ocrx_word' id='word_1_122' title='bbox 1319 1555 1418 1588; x_wconf 89' lang='lat' dir='ltr'>annis</span> <span class='ocrx_word' id='word_1_123' title='bbox 1434 1554 1559 1597; x_wconf 61' lang='lat' dir='ltr'>XLVI,</span> <span class='ocrx_word' id='word_1_124' title='bbox 1582 1553 1705 1587; x_wconf 61' lang='lat' dir='ltr'><strong>XLVII</strong></span> <span class='ocrx_word' id='word_1_125' title='bbox 1717 1580 1725 1596; x_wconf 60' lang='lat'><em>7</em></span> <span class='ocrx_word' id='word_1_126' title='bbox 1746 1553 1908 1596; x_wconf 71' lang='lat' dir='ltr'>XLVIII,</span> <span class='ocrx_word' id='word_1_127' title='bbox 1930 1552 2041 1586; x_wconf 79' lang='lat' dir='ltr'>multa</span> 
     </span>
     <span class='ocr_line' id='line_1_15' title="bbox 532 1610 2041 1658; baseline -0.004 -9"><span class='ocrx_word' id='word_1_128' title='bbox 532 1620 724 1649; x_wconf 84' lang='lat' dir='ltr'>evenerunt</span> <span class='ocrx_word' id='word_1_129' title='bbox 746 1612 790 1646; x_wconf 88' lang='lat' dir='ltr'>de</span> <span class='ocrx_word' id='word_1_130' title='bbox 808 1612 1017 1658; x_wconf 84' lang='lat' dir='ltr'>praedictis,</span> <span class='ocrx_word' id='word_1_131' title='bbox 1044 1618 1084 1645; x_wconf 90' lang='lat' dir='ltr'>ut</span> <span class='ocrx_word' id='word_1_132' title='bbox 1107 1612 1310 1655; x_wconf 79' lang='lat' dir='ltr'>videbatur,</span> <span class='ocrx_word' id='word_1_133' title='bbox 1332 1624 1422 1658; x_wconf 84' lang='lat' dir='ltr'>quac</span> <span class='ocrx_word' id='word_1_134' title='bbox 1444 1619 1530 1645; x_wconf 84' lang='lat' dir='ltr'>tunc</span> <span class='ocrx_word' id='word_1_135' title='bbox 1549 1612 1703 1645; x_wconf 71' lang='lat' dir='ltr'>viventes</span> <span class='ocrx_word' id='word_1_136' title='bbox 1722 1611 1886 1645; x_wconf 83' lang='lat' dir='ltr'>viderunt</span> <span class='ocrx_word' id='word_1_137' title='bbox 1903 1610 2041 1644; x_wconf 89' lang='lat' dir='ltr'>evenire</span> 
     </span>
     <span class='ocr_line' id='line_1_16' title="bbox 533 1669 2040 1721; baseline -0.003 -14"><span class='ocrx_word' id='word_1_138' title='bbox 533 1687 596 1721; x_wconf 88' lang='lat' dir='ltr'>per</span> <span class='ocrx_word' id='word_1_139' title='bbox 622 1672 799 1707; x_wconf 82' lang='lat' dir='ltr'>effectum.</span> <span class='ocrx_word' id='word_1_140' title='bbox 824 1672 863 1705; x_wconf 90' lang='lat' dir='ltr'>In</span> <span class='ocrx_word' id='word_1_141' title='bbox 883 1684 976 1704; x_wconf 89' lang='lat' dir='ltr'>anno</span> <span class='ocrx_word' id='word_1_142' title='bbox 998 1677 1117 1704; x_wconf 84' lang='lat' dir='ltr'>autem</span> <span class='ocrx_word' id='word_1_143' title='bbox 1140 1670 1269 1714; x_wconf 81' lang='lat' dir='ltr'>XLIX,</span> <span class='ocrx_word' id='word_1_144' title='bbox 1297 1670 1478 1717; x_wconf 87' lang='lat' dir='ltr'>quomodo</span> <span class='ocrx_word' id='word_1_145' title='bbox 1502 1671 1570 1704; x_wconf 87' lang='lat' dir='ltr'>fuit</span> <span class='ocrx_word' id='word_1_146' title='bbox 1594 1669 1786 1704; x_wconf 77' lang='lat' dir='ltr'>destructio</span> <span class='ocrx_word' id='word_1_147' title='bbox 1804 1669 2040 1711; x_wconf 79' lang='lat' dir='ltr'>Judaeorum,</span> 
     </span>
     <span class='ocr_line' id='line_1_17' title="bbox 532 1728 2043 1776; baseline -0.003 -10"><span class='ocrx_word' id='word_1_148' title='bbox 532 1732 725 1766; x_wconf 79' lang='lat' dir='ltr'>mortalitas</span> <span class='ocrx_word' id='word_1_149' title='bbox 740 1730 861 1776; x_wconf 88' lang='lat' dir='ltr'>populi</span> <span class='ocrx_word' id='word_1_150' title='bbox 880 1729 924 1763; x_wconf 87' lang='lat' dir='ltr'>de</span> <span class='ocrx_word' id='word_1_151' title='bbox 943 1729 1136 1775; x_wconf 86' lang='lat' dir='ltr'>epidemia,</span> <span class='ocrx_word' id='word_1_152' title='bbox 1158 1730 1331 1775; x_wconf 77' lang='lat' dir='ltr'>apparitio</span> <span class='ocrx_word' id='word_1_153' title='bbox 1351 1742 1581 1775; x_wconf 85' lang='lat' dir='ltr'>personarum</span> <span class='ocrx_word' id='word_1_154' title='bbox 1597 1729 1850 1775; x_wconf 81' lang='lat' dir='ltr'>poenitentiam</span> <span class='ocrx_word' id='word_1_155' title='bbox 1864 1728 2043 1774; x_wconf 84' lang='lat' dir='ltr'>publicam</span> 
     </span>
     <span class='ocr_line' id='line_1_18' title="bbox 534 1785 2044 1834; baseline -0.002 -11"><span class='ocrx_word' id='word_1_156' title='bbox 534 1789 738 1824; x_wconf 82' lang='lat' dir='ltr'>facientium</span> <span class='ocrx_word' id='word_1_157' title='bbox 767 1795 802 1821; x_wconf 85' lang='lat' dir='ltr'>et</span> <span class='ocrx_word' id='word_1_158' title='bbox 823 1800 858 1821; x_wconf 89' lang='lat' dir='ltr'>se</span> <span class='ocrx_word' id='word_1_159' title='bbox 882 1788 1164 1831; x_wconf 62' lang='lat' dir='ltr'>verberantium,</span> <span class='ocrx_word' id='word_1_160' title='bbox 1194 1794 1228 1821; x_wconf 85' lang='lat' dir='ltr'>et</span> <span class='ocrx_word' id='word_1_161' title='bbox 1253 1788 1363 1821; x_wconf 86' lang='lat' dir='ltr'>multa</span> <span class='ocrx_word' id='word_1_162' title='bbox 1389 1787 1433 1821; x_wconf 90' lang='lat' dir='ltr'>de</span> <span class='ocrx_word' id='word_1_163' title='bbox 1460 1788 1590 1834; x_wconf 84' lang='lat' dir='ltr'>quibus</span> <span class='ocrx_word' id='word_1_164' title='bbox 1616 1793 1735 1833; x_wconf 78' lang='lat' dir='ltr'>postea</span> <span class='ocrx_word' id='word_1_165' title='bbox 1758 1785 1904 1820; x_wconf 88' lang='lat' dir='ltr'>intendo</span> <span class='ocrx_word' id='word_1_166' title='bbox 1930 1786 2044 1820; x_wconf 83' lang='lat' dir='ltr'>facere</span> 
     </span>
     <span class='ocr_line' id='line_1_19' title="bbox 534 1845 2044 1892; baseline -0.003 -10"><span class='ocrx_word' id='word_1_167' title='bbox 534 1848 771 1889; x_wconf 86' lang='lat' dir='ltr'>mentionem,</span> <span class='ocrx_word' id='word_1_168' title='bbox 797 1859 869 1880; x_wconf 91' lang='lat' dir='ltr'>non</span> <span class='ocrx_word' id='word_1_169' title='bbox 892 1845 989 1892; x_wconf 88' lang='lat' dir='ltr'>quod</span> <span class='ocrx_word' id='word_1_170' title='bbox 1014 1846 1219 1879; x_wconf 85' lang='lat' dir='ltr'>intentionis</span> <span class='ocrx_word' id='word_1_171' title='bbox 1244 1858 1341 1879; x_wconf 85' lang='lat' dir='ltr'>meae</span> <span class='ocrx_word' id='word_1_172' title='bbox 1362 1853 1414 1879; x_wconf 89' lang='lat' dir='ltr'>est</span> <span class='ocrx_word' id='word_1_173' title='bbox 1435 1845 1604 1880; x_wconf 87' lang='lat' dir='ltr'>adhibere</span> <span class='ocrx_word' id='word_1_174' title='bbox 1627 1845 1734 1879; x_wconf 86' lang='lat' dir='ltr'>fidem</span> <span class='ocrx_word' id='word_1_175' title='bbox 1760 1845 1862 1879; x_wconf 82' lang='lat' dir='ltr'>dictis</span> <span class='ocrx_word' id='word_1_176' title='bbox 1888 1851 1923 1878; x_wconf 88' lang='lat' dir='ltr'>et</span> <span class='ocrx_word' id='word_1_177' title='bbox 1940 1856 2044 1891; x_wconf 86' lang='lat' dir='ltr'>prae-</span> 
     </span>
     <span class='ocr_line' id='line_1_20' title="bbox 534 1902 2044 1952; baseline -0.002 -12"><span class='ocrx_word' id='word_1_178' title='bbox 534 1906 825 1941; x_wconf 86' lang='lat' dir='ltr'>nosticationibus</span> <span class='ocrx_word' id='word_1_179' title='bbox 857 1905 1115 1952; x_wconf 72' lang='lat' dir='ltr'>astrologorum</span> <span class='ocrx_word' id='word_1_180' title='bbox 1143 1911 1177 1938; x_wconf 85' lang='lat' dir='ltr'>et</span> <span class='ocrx_word' id='word_1_181' title='bbox 1204 1905 1557 1947; x_wconf 72' lang='lat' dir='ltr'>mathematicorum,</span> <span class='ocrx_word' id='word_1_182' title='bbox 1589 1905 1654 1938; x_wconf 90' lang='lat' dir='ltr'>nisi</span> <span class='ocrx_word' id='word_1_183' title='bbox 1685 1904 1722 1937; x_wconf 91' lang='lat' dir='ltr'>in</span> <span class='ocrx_word' id='word_1_184' title='bbox 1751 1910 1926 1950; x_wconf 87' lang='lat' dir='ltr'>quantum</span> <span class='ocrx_word' id='word_1_185' title='bbox 1957 1902 2044 1937; x_wconf 88' lang='lat' dir='ltr'>fides</span> 
     </span>
     <span class='ocr_line' id='line_1_21' title="bbox 535 1963 1681 2012; baseline -0.003 -13"><span class='ocrx_word' id='word_1_186' title='bbox 535 1965 725 2012; x_wconf 84' lang='lat' dir='ltr'>permittit,</span> <span class='ocrx_word' id='word_1_187' title='bbox 747 1964 838 1998; x_wconf 85' lang='lat' dir='ltr'>salva</span> <span class='ocrx_word' id='word_1_188' title='bbox 853 1964 887 1997; x_wconf 91' lang='lat' dir='ltr'>in</span> <span class='ocrx_word' id='word_1_189' title='bbox 908 1964 1074 1997; x_wconf 89' lang='lat' dir='ltr'>omnibus</span> <span class='ocrx_word' id='word_1_190' title='bbox 1093 1963 1175 1997; x_wconf 86' lang='lat' dir='ltr'>sede</span> <span class='ocrx_word' id='word_1_191' title='bbox 1193 1976 1338 1997; x_wconf 86' lang='lat' dir='ltr'>romana</span> <span class='ocrx_word' id='word_1_192' title='bbox 1354 1970 1389 1997; x_wconf 90' lang='lat' dir='ltr'>et</span> <span class='ocrx_word' id='word_1_193' title='bbox 1406 1963 1476 1997; x_wconf 85' lang='lat' dir='ltr'>fide</span> <span class='ocrx_word' id='word_1_194' title='bbox 1496 1964 1681 1998; x_wconf 85' lang='lat' dir='ltr'>catholica.</span> 
     </span>
    </p>

    <p class='ocr_par' dir='ltr' id='par_1_6' title="bbox 536 2021 2047 2363">
     <span class='ocr_line' id='line_1_22' title="bbox 585 2021 2045 2069; baseline -0.001 -12"><span class='ocrx_word' id='word_1_195' title='bbox 585 2025 612 2057; x_wconf 81' lang='lat' dir='ltr'><strong>A</strong></span> <span class='ocrx_word' id='word_1_196' title='bbox 644 2024 732 2056; x_wconf 86' lang='lat' dir='ltr'>festo</span> <span class='ocrx_word' id='word_1_197' title='bbox 764 2022 952 2056; x_wconf 78' lang='lat' dir='ltr'>nativitatis</span> <span class='ocrx_word' id='word_1_198' title='bbox 987 2023 1126 2056; x_wconf 86' lang='lat' dir='ltr'>Domini</span> <span class='ocrx_word' id='word_1_199' title='bbox 1161 2035 1274 2069; x_wconf 86' lang='lat' dir='ltr'>usque</span> <span class='ocrx_word' id='word_1_200' title='bbox 1305 2022 1350 2056; x_wconf 88' lang='lat' dir='ltr'>ad</span> <span class='ocrx_word' id='word_1_201' title='bbox 1382 2022 1511 2056; x_wconf 84' lang='lat' dir='ltr'>festum</span> <span class='ocrx_word' id='word_1_202' title='bbox 1542 2022 1694 2056; x_wconf 85' lang='lat' dir='ltr'>Paschae</span> <span class='ocrx_word' id='word_1_203' title='bbox 1725 2021 1823 2068; x_wconf 91' lang='lat' dir='ltr'>quod</span> <span class='ocrx_word' id='word_1_204' title='bbox 1853 2022 1921 2055; x_wconf 86' lang='lat' dir='ltr'>fuit</span> <span class='ocrx_word' id='word_1_205' title='bbox 1953 2033 2045 2055; x_wconf 84' lang='lat' dir='ltr'>anno</span> 
     </span>
     <span class='ocr_line' id='line_1_23' title="bbox 536 2079 2043 2128; baseline -0.002 -12"><span class='ocrx_word' id='word_1_206' title='bbox 536 2081 782 2124; x_wconf 78' lang='lat' dir='ltr'>MCCCXLIX,</span> <span class='ocrx_word' id='word_1_207' title='bbox 816 2080 859 2114; x_wconf 92' lang='lat' dir='ltr'>de</span> <span class='ocrx_word' id='word_1_208' title='bbox 886 2081 1144 2128; x_wconf 78' lang='lat' dir='ltr'>gubernatione</span> <span class='ocrx_word' id='word_1_209' title='bbox 1169 2080 1358 2125; x_wconf 89' lang='lat' dir='ltr'>Ludovici,</span> <span class='ocrx_word' id='word_1_210' title='bbox 1390 2081 1527 2115; x_wconf 89' lang='lat' dir='ltr'>comitis</span> <span class='ocrx_word' id='word_1_211' title='bbox 1554 2079 1755 2123; x_wconf 78' lang='lat' dir='ltr'>Flandriae,</span> <span class='ocrx_word' id='word_1_212' title='bbox 1783 2092 1894 2126; x_wconf 84' lang='lat' dir='ltr'>pauca</span> <span class='ocrx_word' id='word_1_213' title='bbox 1920 2079 2043 2113; x_wconf 86' lang='lat' dir='ltr'>scirem</span> 
     </span>
     <span class='ocr_line' id='line_1_24' title="bbox 538 2139 2046 2187; baseline -0.002 -12"><span class='ocrx_word' id='word_1_214' title='bbox 538 2141 708 2183; x_wconf 83' lang='lat' dir='ltr'>scribere,</span> <span class='ocrx_word' id='word_1_215' title='bbox 736 2140 818 2186; x_wconf 86' lang='lat' dir='ltr'>quia</span> <span class='ocrx_word' id='word_1_216' title='bbox 845 2152 930 2187; x_wconf 77' lang='lat' dir='ltr'>gens</span> <span class='ocrx_word' id='word_1_217' title='bbox 953 2139 1132 2174; x_wconf 86' lang='lat' dir='ltr'>Flandriae</span> <span class='ocrx_word' id='word_1_218' title='bbox 1162 2146 1244 2174; x_wconf 91' lang='lat' dir='ltr'>sunt</span> <span class='ocrx_word' id='word_1_219' title='bbox 1265 2140 1417 2186; x_wconf 89' lang='lat' dir='ltr'>populus</span> <span class='ocrx_word' id='word_1_220' title='bbox 1445 2140 1620 2186; x_wconf 87' lang='lat' dir='ltr'>capitosus</span> <span class='ocrx_word' id='word_1_221' title='bbox 1643 2146 1677 2173; x_wconf 86' lang='lat' dir='ltr'>et</span> <span class='ocrx_word' id='word_1_222' title='bbox 1700 2139 1899 2182; x_wconf 86' lang='lat' dir='ltr'>mutabilis,</span> <span class='ocrx_word' id='word_1_223' title='bbox 1927 2145 2046 2172; x_wconf 84' lang='lat' dir='ltr'>tamen</span> 
     </span>
     <span class='ocr_line' id='line_1_25' title="bbox 539 2197 2047 2243; baseline -0.002 -10"><span class='ocrx_word' id='word_1_224' title='bbox 539 2211 654 2233; x_wconf 88' lang='lat' dir='ltr'>comes</span> <span class='ocrx_word' id='word_1_225' title='bbox 676 2204 751 2231; x_wconf 83' lang='lat' dir='ltr'>toto</span> <span class='ocrx_word' id='word_1_226' title='bbox 772 2197 831 2231; x_wconf 88' lang='lat' dir='ltr'>illo</span> <span class='ocrx_word' id='word_1_227' title='bbox 852 2204 1012 2243; x_wconf 83' lang='lat' dir='ltr'>tempore</span> <span class='ocrx_word' id='word_1_228' title='bbox 1035 2205 1087 2232; x_wconf 82' lang='lat' dir='ltr'>est</span> <span class='ocrx_word' id='word_1_229' title='bbox 1111 2197 1333 2240; x_wconf 64' lang='lat' dir='ltr'>dominatus,</span> <span class='ocrx_word' id='word_1_230' title='bbox 1361 2205 1396 2231; x_wconf 78' lang='lat' dir='ltr'>et</span> <span class='ocrx_word' id='word_1_231' title='bbox 1418 2197 1462 2232; x_wconf 84' lang='lat' dir='ltr'>de</span> <span class='ocrx_word' id='word_1_232' title='bbox 1486 2198 1686 2232; x_wconf 80' lang='lat' dir='ltr'>texentibus</span> <span class='ocrx_word' id='word_1_233' title='bbox 1711 2204 1746 2231; x_wconf 85' lang='lat' dir='ltr'>et</span> <span class='ocrx_word' id='word_1_234' title='bbox 1772 2197 1985 2241; x_wconf 69' lang='lat' dir='ltr'>fullonibus,</span> <span class='ocrx_word' id='word_1_235' title='bbox 2013 2203 2047 2231; x_wconf 88' lang='lat' dir='ltr'>et</span> 
     </span>
     <span class='ocr_line' id='line_1_26' title="bbox 539 2255 2046 2304; baseline -0.001 -13"><span class='ocrx_word' id='word_1_236' title='bbox 539 2257 613 2291; x_wconf 86' lang='lat' dir='ltr'>aliis</span> <span class='ocrx_word' id='word_1_237' title='bbox 637 2257 698 2303; x_wconf 90' lang='lat' dir='ltr'>qui</span> <span class='ocrx_word' id='word_1_238' title='bbox 717 2256 752 2289; x_wconf 91' lang='lat' dir='ltr'>in</span> <span class='ocrx_word' id='word_1_239' title='bbox 775 2256 911 2303; x_wconf 75' lang='lat' dir='ltr'>guerris</span> <span class='ocrx_word' id='word_1_240' title='bbox 930 2256 1019 2290; x_wconf 88' lang='lat' dir='ltr'>male</span> <span class='ocrx_word' id='word_1_241' title='bbox 1037 2268 1072 2290; x_wconf 91' lang='lat' dir='ltr'>se</span> <span class='ocrx_word' id='word_1_242' title='bbox 1091 2263 1289 2304; x_wconf 78' lang='lat' dir='ltr'>gesserant,</span> <span class='ocrx_word' id='word_1_243' title='bbox 1310 2256 1401 2290; x_wconf 86' lang='lat' dir='ltr'>facta</span> <span class='ocrx_word' id='word_1_244' title='bbox 1420 2263 1471 2290; x_wconf 86' lang='lat' dir='ltr'>est</span> <span class='ocrx_word' id='word_1_245' title='bbox 1483 2256 1619 2302; x_wconf 87' lang='lat' dir='ltr'>justitia</span> <span class='ocrx_word' id='word_1_246' title='bbox 1638 2268 1709 2289; x_wconf 89' lang='lat' dir='ltr'>non</span> <span class='ocrx_word' id='word_1_247' title='bbox 1728 2255 1879 2299; x_wconf 85' lang='lat' dir='ltr'>modica,</span> <span class='ocrx_word' id='word_1_248' title='bbox 1904 2255 2046 2302; x_wconf 85' lang='lat' dir='ltr'>publica</span> 
     </span>
     <span class='ocr_line' id='line_1_27' title="bbox 540 2313 1657 2363; baseline 0 -15"><span class='ocrx_word' id='word_1_249' title='bbox 540 2323 575 2349; x_wconf 87' lang='lat' dir='ltr'>et</span> <span class='ocrx_word' id='word_1_250' title='bbox 593 2316 741 2361; x_wconf 83' lang='lat' dir='ltr'>privata,</span> <span class='ocrx_word' id='word_1_251' title='bbox 761 2313 956 2348; x_wconf 88' lang='lat' dir='ltr'>secundum</span> <span class='ocrx_word' id='word_1_252' title='bbox 975 2315 1073 2361; x_wconf 87' lang='lat' dir='ltr'>quod</span> <span class='ocrx_word' id='word_1_253' title='bbox 1092 2315 1210 2349; x_wconf 78' lang='lat' dir='ltr'>audivi</span> <span class='ocrx_word' id='word_1_254' title='bbox 1228 2328 1247 2349; x_wconf 85' lang='lat' dir='ltr'>a</span> <span class='ocrx_word' id='word_1_255' title='bbox 1266 2315 1427 2361; x_wconf 87' lang='lat' dir='ltr'>pluribus</span> <span class='ocrx_word' id='word_1_256' title='bbox 1441 2315 1511 2348; x_wconf 84' lang='lat' dir='ltr'>fide</span> <span class='ocrx_word' id='word_1_257' title='bbox 1530 2314 1657 2363; x_wconf 80' lang='lat' dir='ltr'>dignis.</span> 
     </span>
    </p>

    <p class='ocr_par' dir='ltr' id='par_1_7' title="bbox 542 2371 2048 2538">
     <span class='ocr_line' id='line_1_28' title="bbox 590 2371 2046 2420; baseline -0.001 -13"><span class='ocrx_word' id='word_1_258' title='bbox 590 2374 661 2420; x_wconf 77' lang='lat' dir='ltr'>Ego</span> <span class='ocrx_word' id='word_1_259' title='bbox 691 2379 808 2406; x_wconf 85' lang='lat' dir='ltr'>autem</span> <span class='ocrx_word' id='word_1_260' title='bbox 835 2372 1022 2420; x_wconf 77' lang='lat' dir='ltr'>Aegidius,</span> <span class='ocrx_word' id='word_1_261' title='bbox 1053 2374 1161 2407; x_wconf 87' lang='lat' dir='ltr'>abbas</span> <span class='ocrx_word' id='word_1_262' title='bbox 1189 2373 1430 2420; x_wconf 85' lang='lat' dir='ltr'>supradictus,</span> <span class='ocrx_word' id='word_1_263' title='bbox 1469 2373 1653 2407; x_wconf 81' lang='lat' dir='ltr'>attendens</span> <span class='ocrx_word' id='word_1_264' title='bbox 1688 2379 1722 2406; x_wconf 85' lang='lat' dir='ltr'>et</span> <span class='ocrx_word' id='word_1_265' title='bbox 1757 2371 1980 2406; x_wconf 81' lang='lat' dir='ltr'>considerans</span> <span class='ocrx_word' id='word_1_266' title='bbox 2010 2373 2046 2406; x_wconf 88' lang='lat' dir='ltr'>in</span> 
     </span>
     <span class='ocr_line' id='line_1_29' title="bbox 542 2430 2047 2480; baseline -0.001 -15"><span class='ocrx_word' id='word_1_267' title='bbox 542 2444 634 2466; x_wconf 88' lang='lat' dir='ltr'>anno</span> <span class='ocrx_word' id='word_1_268' title='bbox 667 2431 895 2465; x_wconf 78' lang='lat' dir='ltr'>MCCCXLIX</span> <span class='ocrx_word' id='word_1_269' title='bbox 924 2432 1076 2477; x_wconf 83' lang='lat' dir='ltr'>plurima</span> <span class='ocrx_word' id='word_1_270' title='bbox 1103 2433 1347 2480; x_wconf 74' lang='lat' dir='ltr'>registratione</span> <span class='ocrx_word' id='word_1_271' title='bbox 1377 2432 1484 2480; x_wconf 73' lang='lat' dir='ltr'>digna</span> <span class='ocrx_word' id='word_1_272' title='bbox 1513 2432 1668 2475; x_wconf 74' lang='lat' dir='ltr'>evenire,</span> <span class='ocrx_word' id='word_1_273' title='bbox 1696 2430 1916 2477; x_wconf 85' lang='lat' dir='ltr'>perpendens</span> <span class='ocrx_word' id='word_1_274' title='bbox 1942 2431 2047 2465; x_wconf 86' lang='lat' dir='ltr'>etiam</span> 
     </span>
     <span class='ocr_line' id='line_1_30' title="bbox 543 2489 2048 2538; baseline 0.001 -15"><span class='ocrx_word' id='word_1_275' title='bbox 543 2489 641 2537; x_wconf 88' lang='lat' dir='ltr'>quod</span> <span class='ocrx_word' id='word_1_276' title='bbox 655 2490 727 2535; x_wconf 84' lang='lat' dir='ltr'>jam</span> <span class='ocrx_word' id='word_1_277' title='bbox 747 2489 885 2535; x_wconf 88' lang='lat' dir='ltr'>pridem</span> <span class='ocrx_word' id='word_1_278' title='bbox 898 2490 1089 2536; x_wconf 87' lang='lat' dir='ltr'>quemdam</span> <span class='ocrx_word' id='word_1_279' title='bbox 1108 2498 1299 2526; x_wconf 78' lang='lat' dir='ltr'>tractatum</span> <span class='ocrx_word' id='word_1_280' title='bbox 1313 2491 1357 2526; x_wconf 89' lang='lat' dir='ltr'>de</span> <span class='ocrx_word' id='word_1_281' title='bbox 1376 2492 1537 2538; x_wconf 88' lang='lat' dir='ltr'>pluribus</span> <span class='ocrx_word' id='word_1_282' title='bbox 1556 2492 1661 2525; x_wconf 89' lang='lat' dir='ltr'>rebus</span> <span class='ocrx_word' id='word_1_283' title='bbox 1680 2490 1834 2537; x_wconf 79' lang='lat' dir='ltr'>antiquis</span> <span class='ocrx_word' id='word_1_284' title='bbox 1846 2517 1853 2523; x_wconf 91' lang='lat'><strong>.</strong></span> <span class='ocrx_word' id='word_1_285' title='bbox 1872 2489 1916 2524; x_wconf 87' lang='lat' dir='ltr'>de</span> <span class='ocrx_word' id='word_1_286' title='bbox 1930 2489 2048 2524; x_wconf 89' lang='lat' dir='ltr'>domi-</span> 
     </span>
    </p>
   </div>
  </div>
 </body>
</html>
