2137 3131
429 334 498 367 892
1030 328 1174 363 APPEN
1183 328 1318 363 DICES.

428 440 773 473 submouitijudicaverunt
783 459 789 467 ,
800 437 874 472 qnod
886 444 1074 471 quaecumque
1088 436 1114 461 in
1129 435 1179 461 hac
1188 440 1266 471 parte
1279 445 1370 462 coram
1386 437 1444 471 ipso
1458 441 1484 461 et
1500 445 1548 471 per
1561 437 1650 471 ipsum
1662 435 1808 462 Fulconem
1820 438 1917 463 fierent
1930 459 1935 469 7

428 487 547 521 ejusdcm
561 486 693 512 firmitatis
703 485 789 510 robur
804 484 935 509 haberent
950 483 975 508 in
985 483 1125 513 omnibus,
1139 492 1170 508 ac
1182 484 1203 508 si
1215 492 1265 517 per
1274 492 1315 508 me
1330 483 1395 508 etin
1410 492 1468 508 mea
1480 483 1634 517 praesentia
1648 482 1845 519 sactalegitime
1859 485 1940 510 exsti-

429 536 532 560 tissent.
551 533 636 567 igitur
651 531 795 567 praedictis
810 531 901 566 priore
916 535 941 555 et
954 530 1110 564 praeposito
1124 529 1157 555 de
1168 529 1263 555 Ninive
1275 539 1324 564 pro
1339 529 1452 555 ecclesia
1471 539 1520 555 sua
1531 550 1537 561 ,
1554 535 1581 555 et
1597 529 1670 555 dicto
1685 530 1734 555 Ae.
1751 530 1834 556 milite
1850 540 1898 566 pro
1911 540 1939 557 se

429 583 453 607 in
468 582 550 616 ipsius
566 580 691 605 1111001115
705 579 849 605 serviculis
863 578 914 603 mei
926 583 952 603 et
968 577 1082 612 praefati
1100 577 1212 612 Soytini
1223 577 1256 603 de
1272 578 1419 613 Aieuylwm
1439 578 1593 612 praesentia
1609 578 1782 609 constitutis,
1799 578 1938 605 Xl'alterus

427 629 459 654 dc
476 627 594 653 llolbcka
613 632 639 652 et
657 626 812 652 llamundus
832 625 865 651 dc
890 624 1137 660 llbuhreylenyhem
1149 645 1155 655 ‚
1180 624 1302 650 homines
1324 624 1425 650 feodati
1445 624 1510 650 dicti
1525 624 1654 659 Soykini,
1677 624 1710 650 ab
1725 624 1820 650 eodem
1834 625 1867 651 ad
1886 625 1938 651 hoc

427 674 571 701 submoniti
586 694 592 705 ‚
610 673 702 699 habito
716 682 799 708 super
813 672 864 698 1100
879 672 991 698 consilio
1009 681 1070 697 cum
1085 671 1231 706 praedictis
1248 671 1404 697 horninibus
1422 671 1488 697 meis
1506 670 1620 697 feodatis
1631 693 1638 703 ,
1649 671 1845 705 judicaverunt
1863 672 1937 708 quod

427 726 601 757 praenotatus
615 720 663 746 Ae.
679 720 754 745 miles
769 719 934 755 praedictam
950 724 1049 745 terram
1069 718 1155 744 libere
1173 724 1199 744 01
1214 718 1339 744 absolute
1358 723 1467 753 poterat
1480 718 1610 750 vendere⁷
1623 724 1650 745 et
1664 719 1796 754 praedicti
1813 719 1898 745 abbas
1912 724 1940 745 et

425 774 574 794 conventus
586 777 644 793 eam
658 768 743 793 libere
754 771 881 802 poterant
894 776 983 792 emere
994 787 1000 796 ,
1017 766 1081 792 dum
1096 766 1175 792 modo
1188 766 1319 797 1111111130,
1329 766 1407 791 matri
1419 775 1484 792 suae
1493 787 1499 798 ⁷
1512 766 1615 799 dejure
1627 776 1677 792 suo
1685 767 1707 792 si
1716 767 1790 802 quod
1801 767 1827 792 in
1843 766 1937 793 eadem

426 821 497 841 terra
511 815 637 843 1131101131,
653 820 679 840 et
693 814 800 849 illisqui
811 814 909 839 dictam
924 818 1023 839 terram
1037 813 1179 839 coluerant
1193 813 1319 839 similiter
1327 813 1360 839 de
1374 813 1497 847 suojurc
1507 835 1513 845 ,
1526 813 1600 848 quod
1615 814 1642 839 in
1655 823 1687 840 ea
1701 813 1850 846 habebant,
1861 814 1938 849 prius

425 862 590 888 satisfactum
606 861 700 887 suisset
711 861 745 886 ab
753 870 795 892 οο,
810 861 882 895 quod
894 861 989 896 utique
1000 860 1073 891 seem
1086 865 1168 895 prout
1184 860 1365 886 intelleximus
1377 865 1574 895 competenter.
1591 860 1687 896 Itaque
1701 861 1790 887 dictus
1803 861 1851 887 Ae.
1863 861 1939 888 miles

426 918 473 944 per
484 908 615 941 judicium
629 908 763 933 dictorum
777 907 891 933 Walteri
907 913 933 933 et
946 907 1080 933 Ramundi
1095 907 1233 933 hominum
1249 906 1420 933 feodatorum
1431 907 1543 942 Soylxini
1556 907 1590 933 de
1600 907 1760 943 Aienyhem,
1771 913 1871 934 terram
1879 908 1936 942 jam

423 956 521 981 dictam
533 957 558 981 in
574 964 667 980 manus
682 955 766 989 ipsius
777 954 888 989 Soylx'ini
897 975 903 983 ,
913 964 927 980 a
939 964 993 989 quo
1005 963 1062 980 eam
1072 954 1182 980 tenebat
1197 954 1224 979 in
1238 953 1346 980 feodum
1361 954 1525 990 resignavit,
1538 959 1565 980 et
1579 954 1613 980 de
1622 964 1653 980 ea
1664 954 1860 981 ext‘estucando
1869 964 1938 982 wer-

424 1003 551 1037 pitionem
568 1001 827 1034 secitjudicantibus
844 1001 923 1027 dictis
937 1001 1093 1027 hominibus
1111 1001 1184 1036 quod
1200 1001 1225 1026 in
1244 1010 1275 1027 ea
1290 1010 1322 1027 ex
1337 1006 1402 1027 tunc
1423 1000 1490 1027 nihil
1508 1001 1617 1027 omnino
1627 1001 1701 1035 juris
1722 1001 1848 1028 haberet.
1869 1002 1939 1038 5ογ-

424 1049 504 1075 kinus
518 1058 582 1074 vero
592 1048 639 1083 qui
651 1048 816 1083 praedictam
830 1053 931 1074 terram
946 1047 1071 1074 similiter
1081 1048 1115 1074 de
1130 1058 1171 1074 me
1186 1048 1297 1074 tenebat
1311 1048 1336 1073 in
1351 1047 1472 1079 feodum,
1489 1053 1516 1074 01
1528 1047 1630 1083 Sophia
1642 1057 1710 1073 uxor
1722 1048 1795 1082 ejus,
1811 1049 1845 1075 de
1858 1050 1938 1084 cujus

424 1095 593 1122 successione
606 1095 787 1121 haereditaria
801 1100 914 1121 venerat
929 1095 1045 1126 dictum,
1059 1094 1168 1121 feodum
1184 1104 1233 1121 nec
1247 1100 1342 1129 nonet
1357 1095 1515 1130 praedictus
1530 1094 1685 1121 Bernardus
1695 1116 1701 1127 ,
1718 1101 1796 1131 pater
1809 1096 1935 1132 Soykini,

424 1152 500 1169 socer
515 1142 636 1176 ejusdem
651 1141 768 1177 Sophiae
780 1162 786 1173 ‚
803 1142 850 1177 qui
871 1152 886 1167 a
900 1142 973 1168 dicto
987 1141 1108 1168 Fulcone
1127 1141 1160 1167 ad
1175 1141 1225 1167 hoc
1245 1141 1399 1168 faciendum
1413 1143 1439 1168 in
1453 1142 1636 1167 manburnum
1653 1142 1710 1168 sive
1728 1142 1890 1169 advocatum
1904 1144 1938 1171 de

420 1190 524 1223 judicio
539 1190 673 1216 dictorum
689 1190 827 1215 hominum
844 1198 965 1215 meorum
979 1190 1004 1215 ei
1017 1189 1097 1215 datus
1112 1195 1171 1216 erat
1192 1199 1241 1225 per
1253 1189 1389 1224 judicium
1403 1190 1524 1224 ipsorum
1540 1189 1698 1221 hominum⁷
1717 1190 1744 1215 111
1765 1199 1861 1216 manus
1873 1190 1939 1217 dicti

425 1237 547 1263 Falconis
561 1237 724 1272 praedictam
740 1241 841 1263 terram
856 1242 882 1262 et
895 1246 974 1263 omne
984 1237 1032 1271 jus
1046 1236 1119 1272 quod
1133 1237 1159 1262 in
1180 1237 1274 1263 eadem
1291 1236 1429 1262 habebant
1444 1241 1657 1272 reportaverunt
1672 1242 1698 1262 et
1714 1236 1800 1263 libere
1814 1239 1937 1274 resigna-

423 1291 537 1314 verunt,
560 1295 590 1311 ac
604 1284 738 1311 mediante
753 1284 968 1311 exfestucatione
984 1285 1181 1320 werpiverunt.
1198 1285 1258 1320 Quo
1273 1284 1345 1310 sacto
1360 1284 1557 1318 judicaverunt
1573 1284 1637 1310 dicti
1656 1284 1779 1311 homines
1793 1286 1843 1311 mei
1862 1286 1936 1321 quod

423 1334 553 1368 praedicti
567 1333 716 1368 Soylxinus,
729 1332 829 1368 Sophia
841 1342 910 1358 uxor
922 1333 982 1367 ejus
994 1338 1020 1358 et
1031 1333 1199 1364 Bernardus,
1214 1332 1385 1358 manburnus
1398 1332 1472 1365 ejus,
1488 1333 1599 1358 interra
1611 1337 1771 1366 praenotata
1780 1332 1814 1358 de
1828 1338 1938 1359 caetero

424 1380 566 1414 nihiljuris
577 1380 748 1415 aliquatenus
756 1380 923 1406 obtinerent.
934 1380 1076 1406 Caeterum
1087 1380 1159 1406 dicta
1168 1380 1278 1412 Lutina,
1287 1384 1373 1405 mater
1381 1380 1466 1414 ipsius
1476 1379 1581 1415 Aegidii
1592 1380 1694 1413 militis,
1703 1380 1852 1406 constituta
1862 1382 1935 1416 apud

425 1427 517 1453 Ninive
530 1428 556 1452 in
569 1427 676 1452 abbatia
690 1436 779 1453 coram
795 1427 868 1453 dicto
882 1427 1001 1453 Fulcone
1012 1432 1040 1453 et
1052 1426 1208 1453 hominibus
1222 1427 1288 1452 meis
1301 1426 1416 1452 feodatis
1428 1447 1434 1458 ‚
1450 1427 1553 1452 scilicet
1568 1427 1708 1453 Bernardo
1722 1427 1756 1453 de
1768 1427 1917 1464 Afenqhem
1928 1450 1935 1461 ‚

423 1474 541 1509 Soylxino
556 1475 611 1500 filio
624 1475 696 1507 ejus,
712 1474 834 1510 Soykino
847 1474 881 1500 de
901 1474 1047 1510 Ydenylzem
1058 1496 1064 1503 1
1080 1479 1107 1500 et
1121 1475 1179 1510 ipso
1189 1474 1237 1500 Ae.
1252 1474 1350 1504 milite,
1367 1483 1427 1499 cum
1439 1474 1592 1500 manliurno
1601 1484 1651 1500 suo
1665 1474 1804 1500 Bernardo
1814 1495 1820 1507 ,
1832 1475 1936 1502 scilicet

424 1521 479 1547 silio
494 1532 543 1547 suo
555 1522 638 1548 milite
648 1543 654 1554 ⁷
673 1523 719 1557 qui
731 1522 765 1548 de
776 1522 881 1556 judicio
893 1522 1027 1548 dictorum
1040 1522 1180 1548 hominum
1192 1522 1225 1548 ad
1239 1521 1291 1548 hoc
1305 1521 1458 1548 faciendum
1470 1522 1504 1547 ab
1513 1522 1571 1557 ipso
1582 1521 1819 1548 Fulconeeidatus
1834 1522 1934 1556 suerat,

422 1574 448 1594 et
462 1569 536 1595 Jutta
551 1570 688 1600 simililer,
704 1579 771 1595 uxor
780 1570 845 1596 dicti
856 1570 905 1596 Ae.
922 1569 1014 1595 militis
1024 1569 1097 1605 apud
1110 1569 1309 1604 Landeryhem,
1326 1570 1351 1595 iu
1361 1569 1440 1595 domo
1452 1578 1501 1595 sua
1512 1578 1603 1595 coram
1615 1569 1674 1604 ipso
1684 1569 1804 1595 Fulcone
1813 1569 1938 1597 011101111-

422 1616 501 1642 nibus
515 1617 580 1642 meis
597 1616 710 1642 feodatis
724 1617 771 1652 qui
785 1617 821 1643 ibi
835 1622 994 1652 praesentes
1006 1621 1084 1642 erant
1100 1637 1107 1649 7
1122 1616 1225 1643 scilicet
1239 1616 1360 1652 Soykino
1372 1616 1405 1642 de
1424 1615 1565 1652 ''tleiiylten
1578 1637 1586 1650 ,
1603 1616 1723 1651 Soykino
1742 1616 1776 1642 de
1789 1617 1935 1654 Aienqhem

422 1668 447 1688 et
457 1664 514 1698 ipso
524 1663 634 1699 Aegidio
644 1664 738 1695 milite⁷
751 1665 848 1690 marito
862 1665 931 1697 ojus,
943 1669 969 1690 et
977 1664 1100 1690 W'altero
1109 1664 1143 1690 de
1153 1664 1286 1696 Holbeka,
1299 1664 1408 1689 homine
1419 1663 1527 1689 l'eodato
1537 1664 1602 1689 dicti
1613 1664 1726 1699 Soffkini
1734 1664 1767 1690 de
1776 1665 1934 1702 Aimyhem,

421 1720 481 1736 cum
499 1710 622 1736 Johanne
637 1711 799 1746 presbytero
812 1711 845 1737 de
860 1711 978 1743 Gai-era,
995 1711 1042 1746 qui
1053 1721 1068 1737 a
1079 1711 1153 1737 dicto
1167 1711 1287 1737 Fulcone
1302 1710 1336 1737 de
1346 1710 1451 1745 judicio
1466 1710 1602 1736 dictorum
1616 1709 1757 1737 hominum
1771 1711 1804 1737 ad
1820 1711 1872 1738 hoc
1888 1713 1937 1739 da-

423 1763 466 1783 tus
480 1759 572 1784 eierat
586 1759 611 1784 in
628 1759 808 1785 manburnum
821 1780 828 1790 ‚
845 1759 1039 1793 universojuri
1057 1759 1130 1794 quod
1147 1760 1172 1785 in
1188 1759 1327 1794 praedicta
1343 1764 1417 1784 terra
1434 1758 1573 1784 habebant
1593 1768 1642 1794 per
1657 1759 1793 1793 judicium
1812 1760 1933 1795 ipsorum

421 1805 558 1831 homiuum
571 1806 655 1831 libere
664 1807 906 1837 renuntiaverunt,
917 1806 1103 1841 werpiverunt
1111 1811 1137 1832 et
1145 1806 1397 1836 exfestucaverunt,
1405 1805 1595 1839 judicantibus
1603 1805 1682 1831 dictis
1692 1805 1850 1833 hominibus
1859 1808 1934 1843 quod

423 1851 487 1877 nihil
497 1852 605 1877 omnino
615 1853 686 1885 juris
696 1852 782 1879 dictae
796 1858 936 1879 matronae
946 1858 973 1879 et
982 1862 1076 1879 earum
1088 1852 1298 1886 manburnijam
1313 1852 1377 1878 dicti
1389 1852 1522 1878 haberent
1534 1852 1567 1877 de
1581 1857 1690 1878 caetero
1702 1852 1730 1878 in
1746 1857 1819 1879 terra
1833 1863 1935 1880 memo-

423 1904 490 1924 rata.
507 1900 591 1925 l'orro
605 1899 694 1925 dictus
705 1900 789 1926 Fulco
802 1900 900 1926 dictam
917 1906 1017 1926 terram
1036 1901 1063 1926 111
1078 1910 1174 1926 manus
1187 1910 1250 1926 suas
1264 1904 1432 1935 reportatam
1446 1921 1453 1932 ‚
1469 1905 1500 1925 ut
1515 1900 1617 1925 dictum
1633 1905 1674 1925 est
1686 1921 1693 1928 ,
1707 1905 1733 1926 01
1745 1901 1910 1936 resignatam
1925 1924 1933 1934 ‚

422 1947 545 1979 cumjam
560 1947 674 1982 praefati
690 1947 812 1974 homines
827 1948 1054 1981 meijudicassent
1065 1948 1140 1984 quod
1152 1948 1245 1974 nullus
1257 1949 1283 1974 111
1293 1948 1386 1974 eadem
1400 1953 1473 1973 terra
1486 1947 1672 1983 aliquidjuris
1689 1947 1805 1974 haberet
1824 1950 1934 1976 omnino

422 1994 472 2019 nisi
488 2002 554 2028 ego,
570 1994 647 2027 cujus
662 1994 780 2020 liberum
794 2000 859 2020 tunc
877 2000 935 2021 erat
954 1995 1082 2021 allodium
1095 2016 1102 2025 ‚
1119 1996 1274 2030 praemissis
1290 1995 1342 2021 rite
1356 1999 1439 2030 prout
1458 1994 1554 2020 debuit
1570 1994 1629 2020 fieri
1647 1995 1792 2022 celebratis
1810 2005 1841 2022 ex
1856 2001 1934 2032 parte

422 2049 479 2065 mea
494 2045 520 2066 et
533 2041 639 2066 nomine
653 2050 711 2067 meo
721 2062 727 2070 ,
744 2041 890 2076 praedictis
901 2042 993 2068 abbati
1008 2047 1034 2068 et
1048 2043 1195 2068 conventui
1209 2042 1243 2068 de
1258 2042 1353 2068 Ninive
1367 2042 1453 2068 libere
1472 2046 1499 2067 et
1513 2041 1639 2067 absolute
1651 2042 1768 2068 contulit
1783 2052 1844 2069 cum
1860 2045 1932 2070 omni

418 2088 481 2120 jure
496 2093 604 2122 praeter
617 2088 851 2122 altamjustitiam,
865 2099 945 2124 quam
958 2089 1021 2115 1111111
1036 2091 1185 2116 reservavit
1199 2090 1225 2115 in
1238 2099 1280 2122 03,
1293 2090 1364 2115 510111
1377 2089 1494 2115 liberum
1507 2093 1533 2115 et
1549 2089 1671 2115 francum
1681 2089 1934 2117 allodiumsuumin

423 2141 584 2170 perpetuum
600 2136 800 2171 possidendam.
816 2137 871 2172 Ego
881 2143 971 2163 autem
985 2138 1151 2172 praedictam
1164 2138 1337 2164 collationem
1352 2142 1379 2163 et
1390 2137 1479 2163 01111113
1490 2146 1561 2172 quae
1575 2138 1703 2172 superius
1715 2142 1780 2163 sunt
1788 2147 1916 2173 expressa
1926 2160 1933 2171 ‚

422 2192 480 2207 cum
496 2183 547 2208 rite
557 2187 585 2208 et
595 2183 714 2219 legitime
728 2193 776 2219 per
787 2184 921 2218 judicium
935 2185 1139 2220 praedictorum
1151 2185 1292 2211 hominum
1307 2195 1429 2211 meorum
1446 2190 1473 2210 et
1486 2184 1598 2220 Soykini
1615 2184 1649 2211 de
1661 2185 1822 2221 Aienqhem,
1840 2185 1934 2212 seoda-

424 2235 512 2254 tornm
529 2229 561 2254 ad
583 2229 634 2256 hoc
651 2231 869 2257 submonitorum
880 2253 887 2264 ‚
903 2241 963 2257 cum
978 2232 1070 2258 debita
1084 2233 1256 2259 solemnitate
1269 2232 1407 2258 celebrata
1421 2233 1538 2258 existant
1551 2251 1558 2263 ‚
1578 2231 1661 2258 laudo
1677 2237 1703 2258 et
1717 2232 1841 2268 approbo
1851 2253 1858 2265 ‚
1875 2239 1934 2260 rata

423 2281 449 2301 et
457 2277 533 2301 firma
545 2286 706 2303 conservare
720 2277 791 2309 volo,
802 2283 828 2303 et
840 2278 873 2304 ad
883 2279 1013 2313 majorem
1022 2280 1197 2306 securitatem
1206 2285 1233 2306 et
1247 2279 1354 2315 plenam
1362 2279 1556 2305 certitudinem
1567 2279 1733 2314 praedictam
1743 2284 1844 2305 terram
1853 2289 1936 2315 prae·

423 2322 492 2349 satae
507 2323 634 2349 eeclesiae
649 2325 759 2360 propria
773 2335 853 2351 manu
869 2327 949 2352 etiam
962 2327 1066 2353 contuli
1084 2333 1110 2354 et
1126 2327 1159 2353 de
1174 2327 1268 2353 eadem
1286 2332 1361 2353 terra
1373 2327 1424 2363 ipsi
1441 2326 1570 2353 ecclesiae
1582 2331 1679 2352 contra
1695 2336 1788 2353 omnes
1803 2327 1893 2362 adjus
1906 2333 1933 2354 et

423 2370 454 2395 nd
470 2370 554 2405 legem
567 2372 658 2397 venire
671 2372 793 2398 volentes
807 2373 953 2409 legitimam
969 2375 1149 2411 garandisiam
1169 2375 1312 2410 repromisi
1327 2396 1334 2404 ,
1354 2375 1583 2410 quotiescumque
1600 2383 1711 2400 necesse
1726 2373 1810 2400 suerit
1822 2395 1828 2405 ,
1844 2374 1930 2401 eidem

422 2416 549 2443 eeclesiae
564 2427 577 2443 a
591 2427 632 2443 me
644 2423 670 2444 et
683 2428 697 2444 a
717 2420 782 2445 meis
805 2421 1011 2447 suecessoribus
1030 2421 1132 2448 futuris
1150 2422 1321 2457 temporibus
1338 2422 1364 2447 in
1386 2426 1552 2457 perpetuum
1573 2420 1765 2447 exhibendam.
1785 2421 1820 2447 Ut
1839 2425 1930 2447 autem

424 2465 511 2489 omnia
525 2473 593 2498 quae
606 2466 752 2499 praemissa
760 2472 824 2493 511111
837 2467 863 2493 111
877 2473 1041 2503 perpetuum
1053 2473 1112 2494 rata
1122 2474 1149 2495 et
1161 2469 1238 2495 firma
1248 2473 1437 2504 permaneant,
1447 2468 1580 2503 scriptum
1592 2476 1721 2504 praeseus
1733 2467 1768 2493 ob
1776 2467 1931 2494 evitandam
