2137 3131
429 393 499 428 838
1036 386 1325 422 APPENDICES.

427 509 596 527 successores
606 503 712 524 nostros
724 496 859 531 obligatos
872 495 1102 530 recognoscimus.
1113 494 1147 519 Ut
1159 498 1250 519 autem
1260 492 1327 518 haec
1339 497 1465 518 maneant
1477 492 1555 517 lirma
1567 497 1593 517 et
1607 492 1776 523 inconcussa,
1790 496 1948 526 praesentes

428 549 531 574 litteras
546 546 660 573 scabinis
674 550 701 570 ct
716 543 774 569 aliis
787 542 944 569 hominibus
957 541 990 567 de
1004 541 1127 576 Apellres
1142 540 1267 566 dedimus
1281 540 1307 565 in
1323 539 1506 565 testimonium
1521 538 1602 574 sigilli
1621 539 1707 564 nostri
1721 538 1888 574 appensione
1903 548 1948 565 ro-

429 596 549 621 boratas.
568 594 662 618 Actum
676 591 748 626 apud
767 590 887 625 Apelli-cs
897 598 968 614 anno
984 589 1090 615 Domini
1105 587 1245 614 MCCXIX.

1315 643 1425 674 Originat
1436 661 1442 671 ‚s
1455 650 1523 666 sceau
1536 651 1564 666 en
1578 643 1624 666 cir«¹
1634 643 1709 667 brnne
1721 642 1889 674 endommage.

1152 737 1209 747 ἱΙ

1118 925 1239 959 CXXI.

431 1026 532 1060 Oslon
556 1025 595 1059 de
617 1024 823 1071 Traseym‘es
844 1023 979 1057 cidelare
993 1023 1081 1068 qu'il
1094 1035 1116 1055 α
1133 1022 1203 1067 fait
1224 1034 1273 1055 un
1295 1020 1444 1067 eelzmiqe
1458 1021 1500 1054 de
1515 1027 1623 1056 terres
1639 1035 1720 1057 avec
1733 1023 1891 1069 I’abhaye
1908 1022 1950 1056 de

997 1078 1148 1114 anore.
1170 1100 1218 1105 ——
1236 1080 1374 1113 Lossrsu.

1051 1267 1067 1288 Α
1080 1264 1216 1295 Appelterre
1226 1283 1231 1291 ,
1248 1265 1320 1288 1210.

465 1341 492 1366 ln
509 1340 615 1365 nominc
630 1344 738 1365 sanctae
752 1343 780 1364 et
793 1337 951 1364 individuae
963 1337 1117 1363 Trinitatis.
1133 1336 1190 1372 Ego
1204 1336 1304 1367 Hosto,
1319 1336 1410 1361 dictus
1421 1336 1454 1361 de
1471 1335 1624 1371 Truseiqnis
1634 1355 1641 1368 7
1658 1335 1808 1360 advocatus
1822 1334 1857 1361 de
1870 1335 1953 1371 Apel—

427 1393 496 1416 tres.
510 1387 635 1413 omnibus
650 1386 700 1412 lioc
713 1386 845 1421 scriptum
862 1385 974 1411 lecturis
985 1385 1011 1411 in
1027 1389 1203 1420 perpetuum.
1219 1384 1317 1410 Notum
1332 1384 1366 1409 sit
1382 1383 1574 1419 praesentibus
1593 1388 1621 1408 et
1638 1382 1753 1411 suturis,
1769 1382 1843 1417 quod
1857 1381 1950 1408 abbati

426 1441 453 1462 et
466 1435 594 1462 ecclesiae
606 1434 742 1460 Ninivensi
757 1433 882 1459 dedimus
895 1433 922 1458 in
934 1432 1122 1458 concambium
1134 1440 1185 1467 pro
1199 1431 1307 1457 duabus
1326 1430 1468 1466 particulis
1482 1431 1568 1466 prati,
1586 1439 1656 1465 quae
1671 1434 1763 1455 tenent
1778 1429 1888 1456 circiter
1901 1429 1952 1456 bo-

427 1483 531 1509 narium
546 1486 572 1507 et
584 1481 697 1511 dietam,
714 1480 836 1515 quinque
850 1479 922 1505 dieta
932 1500 939 1512 7
958 1478 1042 1514 paulo
1056 1478 1118 1514 plus
1133 1478 1176 1504 vel
1192 1479 1281 1503 minus
1297 1487 1381 1512 supra
1395 1477 1509 1503 fluvium
1523 1476 1545 1502 le
1560 1476 1643 1502 Teura
1657 1476 1690 1502 ad
1706 1485 1827 1502 annuum
1839 1485 1951 1502 censum

427 1535 546 1566 quatuor
565 1529 739 1555 denariorum
759 1526 952 1554 Niveltensium
966 1547 972 1558 ‚
989 1526 1117 1561 contigua
1134 1530 1215 1561 prato
1232 1525 1306 1560 quod
1322 1525 1434 1551 ecclesia
1454 1534 1469 1550 a
1486 1524 1565 1550 nobis
1579 1529 1606 1549 et
1624 1524 1658 1549 ab
1677 1523 1790 1551 ecclesia
1806 1523 1953 1550 Nivetlensi

427 1577 592 1604 censualiter
606 1576 724 1611 accepit,
741 1584 792 1610 pro
806 1584 862 1610 quo
875 1575 956 1601 etiam
972 1573 1133 1600 Nivcllensis
1150 1573 1282 1599 ecclesiae
1298 1572 1467 1598 tantumdem
1482 1572 1553 1607 prati
1565 1571 1599 1597 ab
1613 1571 1685 1597 omni
1695 1571 1761 1605 jure
1779 1575 1875 1597 nostro
1889 1571 1951 1606 qui-

429 1630 485 1650 tum
500 1623 703 1659 assignavimus.
722 1622 778 1648 Hoc
793 1627 884 1648 autem
905 1626 1014 1656 pratum
1028 1626 1056 1647 et
1069 1620 1115 1646 illa
1130 1625 1251 1656 quatuor
1270 1619 1383 1645 bonaria
1400 1629 1471 1654 quae
1490 1618 1612 1654 praefata
1626 1618 1739 1644 ecclesia
1754 1628 1768 1644 a
1783 1618 1863 1644 nobis
1876 1623 1904 1645 et
1917 1619 1951 1645 ab

427 1671 540 1698 ecclesia
556 1669 701 1696 Nivellensi
723 1668 889 1695 censualiter
905 1673 932 1694 et
945 1667 1129 1694 haereditarie
1151 1667 1272 1702 suscepit
1283 1687 1289 1698 ‚
1311 1666 1346 1692 ab
1368 1666 1440 1692 omni
1459 1666 1600 1691 exactione
1618 1670 1646 1691 et
1660 1674 1743 1691 onere
1758 1665 1800 1691 vel
1817 1665 1952 1692 calumnia

428 1717 669 1744 remensurationis
682 1717 758 1752 quita
772 1721 800 1742 et
813 1715 899 1742 libera
913 1720 1051 1751 perpetuo
1064 1719 1261 1750 protestamur,
1278 1713 1428 1748 salvojure
1443 1713 1600 1739 advocatiae
1610 1734 1616 1745 ⁷
1633 1718 1660 1738 et
1676 1713 1788 1739 decimis
1803 1712 1933 1740 ecclesiae
1945 1734 1951 1741 .

427 1771 453 1791 et
474 1765 506 1791 ad
528 1764 714 1791 warandisiam
734 1763 883 1790 faciendam
899 1772 949 1789 nos
962 1767 990 1789 et
1005 1771 1177 1789 successores
1198 1767 1307 1788 nostros
1326 1761 1461 1797 obligatos
1477 1766 1613 1797 perpetuo
1630 1761 1869 1796 recognoscimus3
1886 1766 1914 1787 et
1931 1761 1953 1787 si

428 1814 497 1839 t'orte
508 1833 514 1845 ‚
527 1812 600 1847 quod
615 1821 668 1838 uon
680 1811 817 1838 credimus
828 1832 834 1843 ,
851 1820 901 1846 per
913 1809 1032 1846 aliquan]
1045 1809 1201 1836 violentiam
1219 1809 1350 1845 principis
1365 1814 1455 1835 torrae
1471 1808 1585 1835 ecclesia
1596 1818 1628 1834 co
1641 1807 1715 1843 quod
1729 1808 1753 1834 ei
1767 1817 1817 1843 per
1827 1817 1953 1834 concam—

429 1860 502 1885 bium
515 1859 679 1885 contulimus
690 1858 810 1894 gaudere
823 1867 876 1884 non
891 1857 978 1893 possit
990 1857 1064 1883 licite
1075 1878 1081 1885 .
1099 1866 1208 1882 manum
1224 1856 1257 1882 ad
1272 1865 1303 1882 ea
1317 1866 1388 1891 quae
1403 1856 1482 1882 nobis
1496 1856 1675 1882 commutavit
1685 1876 1691 1887 ⁷
1708 1855 1841 1881 remittet.
1857 1855 1894 1881 Ut
1905 1864 1955 1881 au-

429 1912 481 1932 ten}
490 1906 541 1932 hoc
552 1911 640 1931 ratum
653 1910 811 1941 permaneat
825 1909 852 1931 et
864 1904 1055 1930 inconvulsum
1068 1904 1200 1939 scriptum
1211 1924 1218 1936 ,
1234 1903 1301 1929 haec
1316 1903 1397 1939 sigilli
1406 1903 1492 1929 nostri
1507 1903 1675 1938 appensione
1687 1907 1714 1928 et
1727 1902 1838 1928 testium
1852 1902 1956 1928 subno-

430 1954 532 1980 tatione
546 1953 647 1988 placuit
661 1952 822 1978 roborariet
836 1952 1010 1978 auctorizari.
1028 1950 1141 1986 Signum
1155 1950 1314 1976 Walteride
1328 1950 1455 1984 Molinae,
1471 1950 1500 1977 S.
1517 1949 1621 1976 Soilsini
1635 1949 1669 1975 de
1680 1948 1808 1975 Stennseu
1818 1971 1824 1980 ‚
1837 1949 1954 1976 XValteri

432 2000 510 2026 villici
522 2000 554 2025 dc
570 2000 694 2035 Apeltres
709 2004 736 2025 et
750 1999 842 2025 Hillini
857 1998 890 2025 de
907 1998 993 2024 Winti
1007 2009 1013 2032 3
1028 1997 1055 2024 S.
1072 1998 1249 2024 scabinorum
1262 2003 1289 2023 et
1303 1997 1485 2032 plurimorum
1500 1997 1534 2023 de
1548 1996 1611 2022 villa
1626 1996 1769 2031 Apeltres.
1786 2001 1813 2022 et
1830 1997 1955 2033 magistri

436 2047 535 2081 aegidii
547 2048 580 2073 de
594 2047 747 2073 Vracliena.
765 2047 862 2072 Actum
876 2046 948 2081 apud
961 2045 1088 2081 Apeltres
1103 2055 1174 2071 anno
1192 2045 1298 2071 Domini
1311 2044 1453 2071 MCCMX.

1528 2112 1638 2144 Original
1647 2131 1653 2142 ,
1666 2119 1734 2135 sceau
1743 2111 1841 2135 detruit.
