2137 3131
444 399 512 434 798
1049 388 1339 425 APPENDICES.

1153 524 1242 559 LIX.

447 636 492 668 Le
520 634 624 666 meme
650 631 764 663 donne
789 639 910 662 encore
936 626 960 660 ἀ
987 626 1146 672 l’abbaye
1173 628 1272 672 vinyt
1295 626 1461 659 honm'ers
1485 626 1526 659 de
1556 627 1627 660 bois
1657 625 1681 659 ἀ
1709 626 1894 672 Velsz'cque.
1915 647 1963 652 —

1105 684 1290 717 ssoccnour.

1154 871 1247 896 1187¹.

481 957 509 982 ln
526 956 632 981 nomine
647 954 733 979 Patris
747 958 774 979 et
787 952 848 978 Filii
864 957 890 978 et
908 951 1027 987 Spiritus
1042 951 1145 978 Sancti.
1167 952 1223 988 Ego
1238 952 1394 978 Evcrardus
1408 973 1415 984 ‚
1433 958 1615 989 cognomento
1632 953 1744 990 liudolf,
1763 955 1944 981 'I'ornacensis
1955 975 1962 986 ,

443 1010 494 1030 tani
511 1003 610 1029 futuris
623 1010 703 1037 quam
721 1000 912 1036 praesentibus
927 1000 952 1025 iu
969 1004 1145 1034 perpetuum.
1166 1000 1266 1025 Notum
1283 1001 1318 1026 sit
1339 1000 1464 1026 omuibus
1483 1000 1583 1027 Christi
1600 1001 1744 1032 fidelibus,
1765 1001 1838 1037 quod
1856 1011 1908 1037 ego
1928 1001 1964 1028 ob

442 1052 492 1077 mei
505 1056 642 1076 aeternam
654 1053 680 1074 et
694 1048 845 1073 liberorum
854 1067 861 1079 ‚
876 1056 907 1072 ac
920 1052 1065 1082 parentum
1081 1056 1203 1073 meorum
1216 1046 1347 1079 satutem,
1363 1053 1390 1073 et
1404 1048 1560 1074 memoriam
1573 1048 1658 1074 nostri
1678 1048 1848 1074 salutiferam
1859 1048 1965 1075 contuli

441 1108 470 1125 ac
482 1098 579 1124 donavi
590 1096 720 1123 ecclesiae
737 1095 831 1121 beatae
842 1103 1006 1129 semperque
1019 1094 1141 1130 Virginis
1152 1094 1253 1121 Mariae
1267 1100 1482 1130 sanctorumque
1496 1100 1648 1130 martyrum
1664 1094 1782 1122 Cornelii
1797 1100 1825 1122 et
1838 1094 1968 1131 Cypriani

442 1147 467 1172 iu
485 1146 577 1171 Ninive
588 1165 594 1175 ,
610 1149 637 1169 et
651 1143 782 1169 tratribus
795 1141 860 1167 inibi
875 1141 985 1167 domino
1000 1141 1211 1173 famulantibus,
1225 1142 1320 1177 viginti
1335 1141 1467 1168 bunarios
1481 1142 1574 1177 sylvae
1584 1143 1611 1168 in
1627 1142 1772 1177 parrochia
1787 1142 1821 1168 de
1835 1142 1946 1169 Fetseca
1957 1163 1964 1176 ,

440 1193 474 1219 de
488 1200 598 1218 nemore
611 1190 784 1216 Bredenbroc
797 1189 831 1216 ad
843 1188 1000 1214 sariendum
1012 1188 1053 1214 vel
1067 1189 1099 1214 ad
1112 1188 1216 1224 sylvam
1228 1189 1284 1214 suis
1296 1194 1400 1215 tantum
1415 1189 1512 1216 usibus
1523 1189 1682 1216 inutendam
1698 1195 1725 1216 et
1741 1189 1948 1216 custodiendam
1957 1211 1965 1222 ‚

443 1245 526 1276 prout
542 1238 670 1265 ecclesiae
685 1238 836 1273 placuerit,
852 1238 886 1264 ab
901 1237 1048 1270 omnijure
1063 1241 1090 1262 et
1109 1237 1250 1263 exactione
1264 1246 1324 1263 mea
1337 1246 1517 1273 meorumque
1531 1237 1633 1264 liberos
1648 1243 1674 1264 et
1688 1238 1793 1274 quitos,
1809 1237 1967 1265 conditione

443 1287 488 1313 tali
497 1285 657 1321 interposita
667 1290 697 1310 ut
708 1294 750 1311 me
759 1284 868 1311 sublato
879 1284 913 1310 de
924 1283 1023 1316 medi0‚
1036 1292 1087 1318 pro
1096 1292 1138 1309 me
1150 1288 1177 1309 et
1190 1293 1240 1319 pro
1251 1284 1367 1310 caeteris
1380 1284 1517 1310 defunctis
1529 1284 1660 1311 fidelibus
1670 1285 1805 1320 quotidie,
1815 1284 1880 1310 dum
1889 1284 1966 1316 licet,

442 1336 519 1360 missa
537 1333 660 1368 requiem
672 1337 811 1358 aeternam
826 1332 860 1357 ab
879 1330 1000 1365 ejusdem
1017 1330 1150 1356 ecclesiae
1164 1331 1298 1356 fratribus
1312 1331 1501 1366 persolvatur5
1517 1331 1601 1357 statui
1613 1332 1694 1357 etiam
1712 1336 1742 1357 ut
1757 1340 1789 1358 ex
1803 1332 1967 1367 praescripti

443 1381 565 1408 beneficii
579 1381 631 1406 mei
642 1379 823 1415 proventibus
835 1384 971 1414 perpetuo
982 1378 1075 1404 lumen
1091 1387 1182 1404 coram
1194 1378 1301 1404 Domini
1316 1387 1447 1414 corpore,
1462 1384 1489 1405 et
1502 1378 1529 1404 in
1544 1379 1732 1405 anniversario
1747 1387 1807 1405 meo
1819 1378 1967 1414 quotannis

438 1427 596 1463 jaugdictae
608 1426 737 1453 ecclesiae
752 1426 885 1452 sratribus
897 1426 1011 1451 resectio
1025 1425 1105 1451 solito
1118 1426 1274 1451 accuratius
1288 1431 1465 1460 procuretur,
1481 1430 1507 1451 et
1522 1426 1566 1461 pia
1580 1435 1610 1451 ac
1623 1425 1730 1452 liberali
1740 1425 1887 1452 devotione
1897 1426 1968 1452 ube-

442 1477 499 1502 rius
513 1475 701 1511 impendatur,
721 1474 853 1500 decimam
867 1483 978 1509 quoque
995 1472 1136 1499 fructuum
1156 1473 1241 1499 totius
1257 1478 1348 1499 terrae
1365 1482 1447 1508 quam
1465 1473 1565 1500 fratres
1579 1473 1736 1509 praedictae
1750 1473 1904 1499 Ninivensis
1922 1481 1968 1499 ec-

442 1524 538 1550 clesiae
560 1524 616 1549 suis
635 1522 759 1548 manibus
776 1522 989 1557 sumptibusque
1007 1525 1203 1553 sanaverunt,
1223 1526 1251 1547 et
1272 1521 1421 1547 Balduinus
1440 1521 1578 1547 Screilmse
1595 1522 1629 1547 de
1649 1531 1691 1548 me
1709 1526 1785 1547 tenet
1808 1521 1835 1546 in
1855 1520 1967 1547 feodum

443 1571 570 1597 ecclesiae
589 1570 740 1595 :Ninivensis
759 1578 792 1595 ex
808 1568 872 1602 jure
893 1577 1002 1603 semper
1025 1569 1084 1594 sore
1108 1577 1277 1603 recognosco
1291 1589 1298 1600 ,
1317 1567 1464 1604 promulgo
1485 1573 1568 1603 atque
1587 1568 1740 1602 confirm03
1763 1573 1853 1594 terrae
1872 1567 1967 1594 itidem

442 1618 537 1654 viginti
551 1623 607 1643 tres
622 1617 751 1643 bunarios
765 1616 848 1652 paulo
862 1617 950 1642 minus
966 1616 1008 1642 vel
1022 1616 1139 1651 amplius
1158 1625 1228 1651 quos
1247 1625 1262 1641 a
1283 1615 1394 1642 domino
1409 1616 1518 1642 Razone
1535 1616 1569 1642 de
1589 1616 1707 1648 Gavera,
1723 1616 1750 1642 in
1770 1615 1918 1651 parrochia
1931 1615 1966 1642 de

442 1665 551 1691 Felseca
565 1664 715 1690 Ninivensis
729 1663 842 1689 ecclesia
856 1663 909 1689 sub
929 1673 1020 1689 annua
1036 1664 1168 1699 pensione
1186 1664 1306 1698 suscepit
1326 1662 1519 1689 immortaliter
1534 1663 1715 1698 possidendos
1732 1672 1793 1690 meo
1811 1671 1924 1690 assensu
1938 1662 1967 1689 id

441 1721 499 1738 esse
514 1716 666 1747 protestor,
683 1715 710 1736 et
728 1715 818 1736 ratum
832 1710 962 1746 deinceps
976 1719 1137 1746 permanere
1158 1710 1311 1745 constituo;
1333 1710 1452 1736 sedecim
1469 1715 1560 1736 autem
1582 1710 1714 1736 bunarios
1732 1715 1759 1736 et
1779 1709 1921 1736 dimidium
1939 1710 1968 1737 in

443 1760 523 1785 terris
533 1780 540 1790 ,
555 1758 640 1794 pratis
654 1766 723 1793 quos
737 1757 764 1783 in
779 1757 919 1783 territorio
934 1762 961 1783 et
974 1757 1094 1783 dominio
1105 1757 1139 1783 de
1154 1756 1264 1783 Felseca
1278 1757 1312 1782 ab
1325 1756 1483 1783 hominibus
1496 1758 1598 1783 nostris
1613 1766 1660 1783 seu
1676 1757 1711 1782 ab
1730 1757 1827 1783 incolis
1840 1756 1968 1784 haeredi·-

442 1807 518 1832 tariis
534 1805 646 1832 ecclesia
666 1810 693 1831 et
720 1805 819 1831 fratres
847 1804 881 1830 de
898 1804 994 1831 Ninive
1013 1805 1202 1840 acquisierunt
1222 1809 1249 1830 et
1269 1804 1410 1840 possident
1429 1805 1456 1830 in
1479 1805 1610 1837 instanti7
1635 1805 1687 1840 ipsi
1706 1804 1809 1830 scilicet
1830 1804 1968 1831 Ninivensi

441 1854 570 1881 ecclesiae
583 1858 710 1888 respectu
724 1852 831 1878 Domini
845 1853 931 1878 nostri
949 1852 1152 1879 jhesu-Christi
1164 1852 1263 1879 devote
1278 1853 1363 1878 offero
1378 1857 1405 1879 et
1418 1852 1509 1884 salvo,
1531 1853 1690 1878 nominatim
1709 1861 1769 1878 meo
1781 1853 1858 1886 justo
1874 1861 1967 1879 annuo

442 1910 525 1928 censu
538 1901 712 1927 denariorum
724 1899 849 1926 videlicet
862 1905 889 1926 et
898 1909 1000 1926 avenae
1011 1910 1025 1926 a
1036 1900 1166 1926 coactivis
1173 1900 1361 1926 exactionibus
1370 1920 1377 1931 ‚
1393 1909 1408 1925 a
1420 1899 1501 1925 talliis
1509 1900 1612 1926 scilicet
1623 1905 1649 1925 et
1662 1899 1825 1935 placitorum
1837 1898 1970 1935 frequen-

444 1949 593 1975 tationibus
607 1953 633 1974 et
647 1948 835 1974 occasionibus
846 1968 852 1979 ,
872 1947 1039 1974 coremethio
1057 1953 1085 1974 et
1102 1948 1219 1974 caeteris
1235 1947 1424 1974 exactionibus
1441 1948 1581 1979 omnibus,
1597 1947 1711 1974 absolvo
1729 1952 1757 1973 et
1777 1956 1839 1973 cum
1853 1948 1969 1982 perenni

443 1996 569 2022 libertate
583 1997 620 2021 eis
630 1996 773 2022 contrado.
787 1995 814 2022 Si
825 2005 890 2022 vero
903 1996 987 2031 (quod
1000 1996 1079 2029 absit)
1094 1995 1194 2022 fratres
1207 1996 1233 2021 in
1248 1996 1325 2022 curia
1337 1995 1370 2022 de
1384 2000 1480 2031 gentes
1494 1995 1658 2022 forefactum
1667 1995 1771 2030 aliquid
1783 1995 1970 2021 commiserint

444 2043 531 2070 solum
550 2044 677 2069 damnum
699 2043 733 2069 ab
755 2044 793 2069 eis
811 2043 924 2078 pacifice
943 2049 1049 2070 remota
1072 2043 1200 2070 violentia
1220 2044 1370 2079 recipiatur
1383 2064 1390 2075 ‚
1412 2044 1564 2070 servientes
1583 2052 1695 2079 quoque
1712 2043 1834 2079 ipsorum
1853 2043 1876 2068 si
1895 2043 1968 2069 inter

444 2100 472 2117 se
490 2092 603 2116 invicem
620 2091 662 2117 vel
684 2090 836 2117 forinsecus
854 2096 991 2117 certarnen
1011 2091 1053 2117 vel
1073 2091 1214 2127 sanguinis
1233 2082 1352 2126 pugnam
1370 2091 1586 2119 commoverint,
1607 2089 1785 2116 indemnitate
1803 2089 1921 2115 fratrum
1941 2093 1970 2114 et

445 2138 547 2164 honore
565 2138 657 2163 curiae
675 2138 821 2163 observato
841 2137 1003 2163 forefactum
1020 2137 1104 2174 digne
1123 2142 1314 2173 componatur.
1336 2137 1452 2172 Insuper
1473 2142 1563 2163 autem
1585 2145 1754 2163 communem
1776 2135 1922 2162 utilitatem
1940 2136 1968 2162 in

447 2186 567 2220 pascuis,
583 2186 675 2220 aquiS,
689 2185 788 2220 sylvis,
802 2186 862 2211 viis.
878 2185 1006 2217 exitibus,
1021 2185 1180 2211 introitibus
1194 2190 1221 2211 et
1231 2184 1345 2220 reliquis
1356 2186 1486 2219 aysentiis
1496 2185 1623 2211 omnibus
1636 2190 1663 2211 et
1677 2184 1868 2210 communibus
1880 2183 1969 2209 homi-

444 2242 507 2258 num
524 2233 778 2264 commoditatibus,
800 2238 883 2268 prout
905 2242 933 2259 se
951 2233 1073 2259 extendit
1090 2233 1236 2268 parrochia
1255 2238 1282 2258 et
1296 2237 1417 2267 potestas
1435 2232 1469 2258 de
1487 2232 1611 2264 Felseca,
1626 2233 1708 2258 toties
1721 2231 1810 2257 dictae
1827 2230 1966 2256 Ninivensi

445 2279 573 2306 ecclesiae
584 2284 611 2305 et
626 2279 757 2305 fratribus
769 2279 839 2313 ejus,
850 2289 910 2306 cum
921 2279 1080 2315 praelibatis
1093 2280 1220 2306 omnibus
1231 2279 1340 2313 adjicio,
1355 2279 1509 2314 similiaque
1522 2279 1622 2305 ibidem
1636 2278 1770 2304 adomino
1782 2277 1891 2303 Razone
1904 2285 1970 2303 con-

444 2336 516 2352 cessa
531 2327 677 2355 confirmo,
694 2332 720 2352 et
736 2326 787 2352 hoc
800 2326 877 2352 nullo
892 2328 1055 2353 extersionis
1069 2327 1253 2353 emolumento
1266 2327 1313 2353 sed
1329 2327 1389 2353 solo
1405 2332 1533 2353 aeternae
1546 2326 1736 2353 retributionis
1750 2325 1865 2359 intuitu5
1881 2333 1967 2360 quum

447 2383 510 2399 vero
529 2375 554 2399 in
575 2383 640 2408 pace
659 2373 746 2399 factus
760 2378 800 2399 est
816 2373 891 2400 locus
903 2374 992 2401 dictae
1005 2376 1098 2401 curiae
1112 2375 1228 2400 Bochone
1242 2380 1269 2400 et
1282 2375 1367 2400 rebus
1384 2375 1511 2400 omnibus
1524 2374 1558 2400 ad
1572 2383 1601 2400 se
1616 2373 1819 2409 pertinentibus
1829 2381 1924 2408 pacem
1937 2377 1966 2398 et

446 2420 562 2453 quietem
582 2421 760 2446 firmissimam
775 2421 871 2453 indixi,
887 2422 996 2448 condidi
1014 2428 1097 2457 atque
1110 2422 1241 2454 sanctivi,
1257 2422 1388 2458 quamdiu
1405 2422 1517 2449 ecclesia
1535 2422 1570 2448 de
1588 2422 1698 2452 Ninive,
1714 2430 1765 2456 pro
1783 2420 1825 2446 his
1838 2419 1966 2446 omnibus

475 2515 483 2532 1
495 2514 522 2533 Ce
530 2513 641 2533 millesime
651 2520 673 2533 se
681 2517 757 2533 trouve
767 2520 793 2533 au
804 2513 843 2534 dos
854 2513 880 2534 de
890 2514 953 2535 l'aete
964 2519 987 2535 et
996 2514 1049 2535 dans
1060 2516 1080 2535 le
1091 2516 1206 2536 cartulaire
1214 2515 1240 2535 de
1251 2515 1349 2535 Malines.
