2118 3184
427 419 687 455 CHRONICON
717 420 929 454 BALDUINI
958 420 1258 456 NINOVOENSIS.
1526 423 1593 457 627

91 528 230 562 tricium
253 529 521 575 pertimescens.
549 529 610 574 qui
629 528 733 561 etiam
759 528 882 562 Attilae
900 535 1069 562 terrorem
1092 529 1256 573 incussit.
1282 529 1398 577 gladio
1422 530 1589 576 peremit,

89 598 154 633 pro
172 600 242 633 qua
262 600 297 621 re
316 587 475 634 sequenti
495 599 606 630 anno,
628 587 772 620 consilio
792 587 931 620 Maximi
952 587 1173 633 tyrannidem
1197 588 1414 631 meditantis⁷
1431 601 1450 622 a
1467 589 1592 622 Trasea

88 645 176 679 A‘e'tii
208 646 316 679 milite
349 646 610 679 Valentinianus
638 646 834 691 perimitur.
867 645 940 679 Sub
968 646 1139 680 Martiano
1169 647 1365 681 Johannorn
1401 648 1590 694 Baptistam

87 710 191 749 caput
213 716 317 738 suum
339 703 479 737 duobus
502 703 684 737 monachis
711 704 875 737 revelasse
891 731 898 736 .
924 703 1069 750 quidam
1096 706 1267 739 scribunt.
1296 706 1446 739 Turonis
1470 706 1592 739 beatus

87 761 235 795 Brictius
254 767 374 795 sancto
393 761 557 795 successit
575 761 726 795 Martino
745 773 807 807 per
828 774 938 795 annos
958 762 1038 807 xlvj.
1061 762 1130 802 Qui
1151 770 1230 797 ante
1249 764 1488 809 episcopatum
1509 775 1590 797 cum

87 819 228 853 beatum
250 818 440 852 Martinum
463 820 668 865 episcopum
694 820 813 853 multis
839 820 966 864 injuste
988 820 1154 854 laceraret
1176 821 1362 864 conviciis7
1389 821 1522 855 audivit
1546 822 1590 856 ab

85 877 160 922 ipso
185 876 323 911 dicente
345 889 380 910 se
403 877 564 910 futurum
588 884 666 923 post
691 890 772 911 eum
794 878 997 924 episcopum
1012 905 1020 920 7
1045 878 1105 912 sed
1127 879 1216 912 mala
1240 880 1349 912 multa
1376 892 1560 926 passurum
1579 907 1587 914 .

84 934 181 981 quod
199 941 233 969 et
256 936 417 982 probavit
434 943 590 970 eventus.
619 937 752 982 Nempe
771 937 1011 970 fornicationis
1034 943 1068 970 et
1090 938 1223 985 magiae
1243 945 1425 972 accusatus
1444 939 1478 972 in
1497 939 1590 984 cpis-

85 1000 212 1040 copatu
239 995 383 1040 injuste.
413 1007 494 1028 cum
521 1007 556 1028 se
582 1002 764 1043 purgasset
786 995 978 1037 incassum.
1006 995 1138 1029 infante
1163 1009 1228 1029 xxx
1253 996 1390 1030 dierum
1414 997 1515 1043 plane
1537 997 1589 1031 lo-

83 1059 214 1100 quente
228 1059 262 1087 et
276 1053 414 1087 dicente
428 1054 542 1099 ipsum
559 1066 628 1087 non
643 1066 715 1087 esse
730 1060 865 1099 patrem
879 1066 982 1086 suum
993 1081 1001 1096 ,Δ
1021 1054 1166 1099 portatis
1180 1067 1324 1101 quoque
1338 1056 1459 1101 prunis
1473 1056 1587 1089 illaesa

84 1118 178 1145 veste
193 1112 227 1145 in
243 1112 391 1159 gremio.
414 1124 475 1158 per
493 1112 715 1157 septennium
730 1112 871 1145 duobus
886 1112 949 1145 sibi
964 1112 1113 1145 vicissim
1131 1113 1330 1161 subrogatis
1343 1126 1362 1147 a
1378 1114 1460 1148 sede
1474 1115 1588 1148 exula-

84 1170 152 1211 vitq
169 1170 230 1215 qui
250 1171 431 1204 restitutus
449 1170 517 1204 hoc
536 1177 694 1216 tempore
713 1170 870 1204 creditur
884 1171 1049 1218 migrasse
1067 1170 1111 1204 ad
1131 1171 1322 1205 Christum.

132 1227 302 1261 Maximus
320 1234 490 1273 tyrannus
508 1240 590 1261 cuin
609 1227 819 1271 Eudoxiam.
849 1228 1004 1261 relictam
1028 1228 1258 1262 Valentiniani
1274 1256 1281 1272 a
1304 1230 1335 1263 vi
1355 1231 1545 1276 rapuisset,
1567 1243 1585 1265 a

85 1286 216 1332 populo
238 1286 461 1319 membratim
481 1285 704 1331 discerpitur.
726 1285 932 1319 Gensericus
945 1298 1027 1319 vero
1048 1287 1247 1329 Africanus,
1269 1287 1313 1321 ab
1333 1288 1487 1322 Eudoxia
1506 1301 1587 1323 con-

83 1351 137 1378 tra
151 1344 267 1390 ipsum
285 1349 466 1386 evocatus7
485 1343 632 1377 Romam
647 1343 750 1377 tertio
764 1343 820 1377 die
834 1343 1032 1391 ingreditur
1046 1351 1124 1390 post
1138 1345 1349 1378 exstinctum
1372 1346 1582 1391 Maximum.

83 1408 118 1436 at
135 1402 220 1436 urbs
240 1413 302 1448 per
325 1401 395 1446 xiiij
421 1400 494 1434 dies
515 1401 654 1447 penitus
677 1408 866 1435 evacuatur
890 1402 1016 1447 opibus
1042 1403 1233 1446 universis,
1259 1403 1451 1449 lapidibus.
1477 1406 1585 1439 mira-

82 1460 169 1495 culis
183 1466 218 1493 et
238 1459 327 1493 vasis
345 1459 537 1502 hebraicis,
562 1471 652 1505 quae
671 1459 770 1493 Titus
790 1459 834 1493 (le
853 1459 985 1493 Judaea
1003 1460 1185 1505 attulerat,
1206 1474 1298 1495 anno
1313 1462 1395 1508 xliiij
1416 1470 1495 1508 post
1507 1476 1585 1498 vas—

80 1519 248 1553 tationem
263 1518 390 1552 factam
408 1518 452 1551 ab
472 1517 606 1551 Alarico
621 1518 740 1561 hoste7
762 1525 878 1552 tamen
897 1525 1041 1564 precatu
1060 1519 1184 1553 Leonis
1198 1533 1308 1566 papae
1325 1521 1521 1555 abstinente
1539 1523 1583 1556 ab

82 1578 162 1625 igne
180 1583 215 1610 et
232 1575 349 1610 caede.
373 1576 442 1617 Qui
460 1575 542 1609 inde
555 1575 756 1624 digrediens
775 1576 1000 1622 Campaniam
1019 1584 1130 1611 vastat
1147 1585 1182 1611 et
1199 1577 1320 1624 diripit
1332 1606 1340 1621 ·,
1360 1579 1396 1612 in
1414 1592 1485 1626 qua
1499 1593 1584 1626 pro-

81 1635 165 1670 cella
183 1635 370 1677 Paulinus,
394 1634 548 1668 Nolanus
566 1635 767 1680 episcopus,
789 1634 875 1668 dum
895 1647 959 1681 pro
978 1635 1116 1681 captivo
1130 1636 1201 1670 filio
1219 1636 1344 1670 viduae
1365 1637 1530 1672 vicarium
1546 1651 1581 1672 se

82 1694 118 1727 in
134 1693 337 1728 servitutem
352 1693 491 1726 barbari
509 1693 670 1739 subjicit,
687 1706 809 1727 omnes
827 1694 982 1740 captivos
1001 1706 1082 1728 suae
1096 1694 1193 1728 urbis
1210 1695 1353 1741 recepit.

128 1752 276 1787 Romani
291 1752 451 1785 Abicium
469 1751 660 1798 quemdam
676 1753 924 1798 imperatorem
939 1753 1084 1787 faciunt.
1107 1754 1150 1787 At
1164 1754 1372 1798 Martianus7
1394 1754 1485 1789 facta
1497 1768 1581 1789 suo-

80 1823 159 1845 rum
175 1811 445 1857 conspiratione„
462 1811 660 1857 perimitur.
674 1812 730 1845 cui
743 1812 778 1844 in
791 1811 934 1845 Oriente
944 1811 1100 1846 succedit
1111 1812 1179 1846 Leo
1191 1813 1315 1858 major,
1329 1813 1390 1860 qui
1401 1814 1468 1859 xvij
1481 1815 1580 1848 annis

80 1870 275 1916 imperavit.
305 1869 426 1903 Abicio
452 1881 596 1916 quoque
619 1869 788 1903 defuncto
804 1897 812 1913 z
837 1870 1050 1915 Majorianus
1070 1870 1200 1904 Romae
1223 1870 1355 1905 invadit
1375 1871 1576 1917 imperium.

80 1928 160 1970 Quo
178 1934 258 1974 post
274 1928 321 1974 iiij
341 1940 450 1961 annos
463 1928 596 1970 occiso7
612 1927 769 1962 succedit
782 1927 928 1961 Severus
944 1928 989 1973 iiij
1005 1928 1121 1971 annis7
1138 1935 1218 1974 post
1231 1941 1337 1975 quem
1355 1929 1574 1964 Anthemius.

79 1986 159 2028 Quo
167 1985 286 2020 adhuc
293 1986 443 2029 vivente,
460 1986 613 2020 mittitur
625 1999 644 2019 a
659 1986 994 2032 Leoneimperatore
1008 1986 1176 2030 olibrius,
1193 1987 1427 2021 Occidentalis
1440 1988 1577 2035 imperii

74 2046 155 2092 jura
171 2051 408 2090 suscepturus.
432 2044 501 2086 Qui
517 2044 711 2087 Placidam.
728 2045 961 2078 Valentiniani
978 2045 1084 2079 filiam
1095 2073 1103 2089 7
1120 2045 1253 2080 ducens
1269 2046 1304 2079 in
1319 2058 1478 2089 uxorem³
1499 2054 1578 2092 post

78 2103 122 2149 vij
143 2114 278 2136 menses
298 2102 435 2148 imperii
459 2102 588 2136 Romae
606 2103 768 2136 moritur.
796 2103 848 2136 Ab
869 2102 937 2137 hoc
960 2103 1164 2137 Antiochiae
1187 2103 1381 2151 Margareta
1398 2104 1497 2152 virgo
1512 2117 1576 2150 pro

78 2161 181 2195 titulo
197 2160 459 2203 christianitatis
473 2161 694 2206 martyrizata
709 2161 865 2195 creditur
881 2161 939 2207 xiij
954 2161 1019 2195 kal.
1039 2162 1200 2209 Augusti.
1217 2161 1380 2196 Succedit
1394 2162 1573 2206 Luoerius,

73 2232 180 2267 quem
203 2219 363 2265 sequenti
381 2231 473 2252 anno
491 2231 599 2265 nepos
618 2220 788 2254 Patricius
807 2220 957 2265 ejectum
976 2219 1072 2266 apud
1093 2220 1234 2254 Salonas
1254 2221 1458 2266 episcopum
1478 2221 1575 2255 ordi—

77 2278 183 2312 navit.
205 2277 337 2324 Symon
355 2277 499 2310 eremita
516 2277 584 2311 hoc
598 2284 756 2323 tempore
776 2279 917 2321 claruit.
941 2279 1002 2325 qui
1022 2279 1054 2312 xl
1072 2279 1171 2312 annis
1189 2279 1344 2313 inclusus
1363 2279 1398 2312 in
1413 2280 1575 2314 columna

74 2337 180 2371 stetit.
199 2335 303 2382 Apud
323 2335 484 2369 Tolosam
502 2336 643 2383 sanguis
660 2342 732 2369 tota
751 2336 807 2370 die
821 2336 921 2370 fluxit
940 2337 1150 2385 largissime,
1172 2337 1269 2384 quod
1288 2338 1393 2372 Gothi
1412 2350 1476 2384 pro
1490 2351 1574 2385 por-

74 2400 172 2429 tento
191 2405 273 2428 suae
291 2392 497 2439 perditionis
515 2400 738 2439 acceperunt.
755 2394 916 2440 Hylarius
934 2407 1024 2441 papa
1038 2395 1069 2441 vj
1089 2396 1188 2429 annis
1205 2395 1307 2429 sedit.

126 2453 243 2486 Pictor
251 2451 397 2498 quidam
407 2463 488 2485 cum
499 2452 703 2485 salvatorem
715 2452 909 2486 secundum
920 2453 1108 2501 imaginem
1123 2453 1216 2487 Jovis
1229 2454 1373 2501 pingere
1387 2454 1552 2488 voluisset
1563 2483 1571 2497 .

75 2511 168 2545 aruit
178 2522 304 2544 manus
312 2510 399 2556 ejus,
411 2522 517 2556 quem
529 2510 669 2556 culpam
679 2511 877 2545 confessum
892 2511 1026 2546 orando
1039 2512 1172 2546 sanavit
1180 2511 1393 2555 Gennadius,
1409 2511 1575 2548 Constan-
