2137 3131
415 403 485 438 854
1025 394 1312 431 APPENDICES.

1097 533 1245 569 CXLIV.

419 632 529 665 Otlzon
542 631 581 664 (le
602 629 806 675 Trasoqnies
813 654 823 669 ,
840 626 892 659 dit
905 624 1053 667 l'Oncle,
1069 625 1184 658 donne
1197 623 1220 658 ἀ
1235 625 1392 671 l’ahhaye
1399 651 1408 666 ,
1424 636 1503 658 sous
1517 624 1551 658 la
1560 625 1750 659 redet-(moe
1763 624 1926 658 annuelle

459 690 498 722 de
514 688 607 722 deux
623 687 761 721 deniers
779 685 820 718 cle
838 684 873 718 F
872 683 996 717 landre
1002 710 1012 725 ‚
1031 682 1116 729 pres
1133 683 1175 716 de
1191 686 1247 717 δία·
1257 685 1454 729 jozcrnaum
1475 683 1516 718 de
1535 689 1628 718 terre
1655 682 1678 717 ἀ
1704 683 1921 730 Appelterre.

459 767 504 772 -—
520 746 656 779 Lonrsu.

1132 906 1202 929 1996.

448 982 476 1006 ln
490 981 597 1006 nomine
610 980 696 1005 Patris
716 984 743 1005 et
760 978 819 1004 Filii
832 983 859 1004 et
874 978 993 1013 Spiritus
1011 976 1114 1003 Sancti.
1132 976 1189 1013 Ego
1203 976 1269 1003 Osto
1287 977 1321 1003 de
1339 977 1513 1014 Traseqnies,
1529 977 1619 1004 dictus
1637 978 1814 1009 Avunculus,
1831 982 1926 1003 notum

410 1029 476 1055 racio
491 1033 543 1053 tam
560 1026 749 1063 praesentibus
763 1035 844 1061 quam
863 1024 964 1051 suturis
975 1045 982 1057 ‚
999 1024 1073 1060 quod
1084 1024 1119 1050 ob
1133 1029 1273 1050 aeternam
1284 1033 1355 1060 quae
1369 1025 1395 1050 in
1410 1024 1518 1051 Christo
1532 1030 1573 1051 est
1587 1024 1702 1051 salutem
1713 1046 1720 1057 ‚
1735 1026 1859 1061 quinque
1871 1024 1931 1050 die-

410 1076 476 1101 [aria
485 1096 492 1107 ‚
506 1084 549 1101 sex
564 1074 653 1110 virgas
668 1074 756 1099 minus
765 1094 772 1105 ‚
785 1072 877 1099 allodii
892 1072 944 1098 mei
958 1071 1029 1098 infra
1044 1071 1200 1107 parochiam
1213 1071 1247 1097 de
1262 1071 1391 1107 Apeltren
1400 1092 1409 1106 ,
1424 1076 1487 1098 ante
1499 1072 1603 1098 curiam
1615 1071 1649 1098 de
1663 1072 1750 1104 Loets,
1760 1080 1843 1107 supra
1856 1071 1926 1097 viam

409 1131 478 1158 quae
489 1121 576 1148 tendit
589 1130 685 1147 versus
696 1119 797 1146 Fordes
808 1119 926 1154 jacentia
937 1140 944 1151 ‚
961 1119 995 1144 ab
1005 1118 1078 1144 omni
1092 1118 1233 1145 exactione
1245 1123 1272 1145 et
1284 1118 1365 1144 talliis
1374 1118 1460 1145 libera
1469 1140 1476 1150 ,
1490 1118 1541 1144 sub
1552 1128 1644 1144 annuo
1655 1128 1739 1144 censu
1749 1118 1866 1144 duorum
1881 1117 1928 1144 de-

409 1170 547 1196 nariorum
557 1168 762 1200 flandrensium,
773 1167 806 1193 ad
815 1167 904 1193 natale
914 1166 1021 1192 Domini
1030 1166 1095 1192 mihi
1106 1171 1133 1192 et
1144 1166 1350 1193 successoribus
1361 1166 1427 1192 meis
1433 1165 1639 1198 solvendorum,
1651 1167 1677 1192 in
1686 1170 1848 1202 perpetuam
1857 1165 1930 1192 elee-

411 1226 547 1252 mosynam
562 1215 690 1242 ecclesiae
703 1214 807 1241 contuli
822 1214 975 1245 Ninivensi,
992 1218 1019 1240 et
1033 1218 1065 1240 ut
1079 1222 1161 1240 verus
1175 1213 1301 1240 dominus
1314 1218 1341 1239 et
1355 1213 1504 1239 advocatus
1522 1213 1708 1239 warandisiam
1721 1212 1876 1248 repromisi.
1890 1212 1928 1239 Ut.

409 1269 499 1290 autem
513 1263 563 1290 hoc
577 1268 665 1289 ratum
679 1267 837 1298 permaneat
848 1267 875 1288 et
892 1262 1083 1288 inconcussum
1097 1261 1199 1297 scripto
1216 1262 1353 1296 praesenti
1366 1261 1460 1287 studui
1474 1261 1665 1288 commendare
1679 1266 1707 1286 et
1718 1260 1799 1296 sigiili
1814 1261 1866 1287 mei
1879 1269 1928 1295 ap—

411 1311 538 1346 pensione
551 1311 692 1337 roborare.
712 1310 808 1336 Actum
823 1319 893 1335 anno
908 1309 1016 1336 Domini
1031 1308 1186 1335 MCCXXVI
1197 1330 1203 1339 ,
1218 1318 1310 1335 mense
1321 1308 1475 1335 Decembri.

1354 1375 1463 1407 Originai
1474 1394 1480 1400 .
1496 1383 1564 1400 sceau
1576 1383 1605 1400 en
1617 1376 1665 1400 cire
1674 1376 1749 1400 brune
1758 1375 1927 1406 endommage'.

1103 1643 1232 1677 CXLV.

458 1741 539 1774 Acte
552 1741 640 1774 d'mz
654 1740 801 1787 e'chanye
812 1740 882 1785 fait
896 1745 993 1773 entre
1007 1739 1151 1773 Arnoul
1163 1740 1204 1773 de
1223 1738 1452 1785 Grimberylze
1467 1745 1498 1772 et
1511 1739 1874 1785 l'ahhoeye.—-N1Novz.

1130 1924 1192 1947 10³7

450 1995 586 2021 Arnoldus
597 2016 604 2027 η
617 1996 706 2021 dictus
715 1995 749 2021 de
758 1995 927 2031 Grimbergis
937 2016 944 2025 ,
960 1995 1135 2030 prasentibus
1146 1996 1250 2030 pariter
1265 2000 1291 2020 et
1306 1994 1407 2020 suturis
1417 1996 1544 2021 omnibus
1552 1995 1654 2031 quibus
1662 2004 1791 2030 praesens
1798 1995 1930 2030 scriptum

410 2043 501 2068 videre
510 2043 655 2078 contigerit
668 2043 694 2068 in
709 2048 885 2078 perpetuum.
901 2043 1077 2069 Universitati
1092 2048 1199 2069 restrae
1210 2048 1305 2068 notum
1320 2042 1402 2073 facio,
1421 2043 1495 2078 quod
1505 2043 1638 2069 debebam
1651 2043 1782 2069 ecclesiae
1792 2043 1930 2069 Ninivensi

411 2090 548 2115 annuatim
559 2090 708 2116 octodecim
718 2091 845 2116 denarios
857 2090 1037 2123 flandrenses,
1049 2091 1076 2117 in
1086 2090 1130 2117 die
1142 2091 1228 2116 sancti
1238 2090 1348 2116 Martini
1359 2090 1514 2123 solvendos,
1527 2090 1560 2117 de
1571 2091 1650 2117 bonis
1659 2090 1712 2117 iilis
1723 2100 1793 2126 quae
1804 2090 1928 2117 waltero

412 2136 486 2162 militi
500 2137 533 2163 de
548 2136 659 2162 Houtem
674 2146 735 2162 cum
750 2146 834 2163 uxore
848 2147 911 2169 sua,
926 2147 988 2163 cum
1002 2147 1060 2164 eam
1074 2137 1311 2163 matrimonialiter
1327 2137 1459 2169 duceret,
1474 2147 1488 2163 a
1501 2137 1611 2163 domino
1625 2137 1658 2164 de
1671 2137 1742 2173 Erpa
1756 2137 1854 2163 collata
1869 2136 1929 2164 fue-

411 2189 490 2215 runt,
507 2189 533 2210 et
549 2184 704 2219 praedictae
720 2184 849 2211 ecclesiae
867 2185 900 2210 ab
921 2185 980 2220 ipso
999 2184 1122 2211 Waltero
1140 2185 1313 2220 postmodum
1333 2185 1360 2210 in
1383 2184 1570 2211 concambium
1588 2185 1706 2216 tradita,
1727 2190 1755 2210 et
1772 2184 1806 2210 de
1825 2184 1926 2211 eisdem

410 2231 486 2257 bonis
504 2231 635 2257 debebam
653 2231 739 2257 eidem
754 2231 883 2258 ecclesiae
897 2232 1022 2259 similiter
1036 2242 1122 2258 unum
1139 2232 1228 2258 firtale
1248 2232 1363 2268 siliginis
1382 2238 1409 2259 et
1427 2241 1513 2258 unum
1530 2232 1621 2258 firtale
1642 2241 1767 2264 menae,-
1781 2241 1887 2258 necnon
1901 2236 1930 2258 et

411 2287 493 2303 unum
508 2287 648 2313 caponem,
662 2278 808 2305 solvendos
818 2280 957 2305 annuatim
972 2280 998 2305 in
1014 2280 1057 2306 die
1069 2279 1294 2315 sanctiStephani
1310 2279 1342 2305 ad
1356 2280 1446 2306 natale
1458 2290 1465 2314 ς
1479 2285 1507 2306 at
1517 2285 1670 2306 memorata
1684 2279 1796 2306 ecclesia
1809 2279 1929 2306 debebat

413 2324 475 2350 mihi
493 2326 551 2351 vice
565 2335 643 2352 versa
661 2326 694 2352 de
708 2331 786 2361 parte
803 2336 852 2353 sua
863 2348 869 2359 7
889 2337 971 2362 quam
989 2327 1071 2353 habet
1085 2328 1112 2353 in
1133 2337 1227 2353 manso
1243 2328 1291 2363 qui
1307 2327 1358 2353 fuit
1377 2327 1519 2354 Gilleberti
1537 2327 1572 2354 de
1590 2327 1690 2354 Oulhre
1705 2333 1733 2354 et.
1741 2327 1815 2362 jacet
1826 2326 1926 2353 ibidem

408 2371 487 2403 juxta
503 2372 602 2398 atrium
613 2393 620 2404 ‚
636 2373 705 2399 duos
720 2382 837 2408 capones
851 2379 878 2400 et
895 2374 1054 2407 dimidium;
1072 2374 1190 2400 debebat
1210 2375 1290 2400 etiam
1310 2374 1375 2400 mihi
1388 2375 1423 2401 de
1437 2384 1523 2410 parvo
1539 2374 1649 2410 pratulo
1659 2395 1665 2407 ,
1681 2374 1754 2410 quod
1765 2374 1839 2408 jacet
1849 2383 1929 2400 secus

411 2423 510 2443 terram
525 2428 600 2444 suam
614 2419 687 2454 apud
701 2420 906 2456 Lanffloehrour,
918 2430 1004 2447 unum
1018 2430 1149 2456 caponem
1161 2442 1167 2452 ,
1180 2426 1207 2447 et
1220 2421 1254 2447 de
1267 2421 1392 2447 mansulo
1406 2422 1515 2455 jacente
1529 2421 1627 2447 subtus
1638 2442 1645 2453 ,
1664 2421 1779 2447 inferius
1797 2421 1929 2447 molendi-

411 2473 475 2489 num
489 2464 612 2491 abbatiae
622 2486 629 2497 ,
643 2471 762 2500 quatuor
770 2467 897 2493 denarios
908 2473 935 2494 et
946 2467 1002 2494 duo
1012 2468 1099 2494 attilia
1110 2477 1181 2503 quae
1192 2468 1282 2494 omnia
1294 2469 1320 2494 in
1333 2468 1377 2494 die
1391 2469 1477 2494 sancti
1489 2468 1621 2503 Stephani
1633 2468 1666 2494 ad
1680 2467 1769 2494 natale
1780 2468 1844 2494 mihi
1855 2467 1927 2494 dicta

411 2510 521 2537 ecclesia
535 2512 648 2548 singulis
666 2514 743 2539 anuis
757 2514 862 2540 solvere
881 2515 1036 2541 tenebatur.
1052 2515 1203 2542 Attendens
1223 2516 1308 2551 igitur
1323 2515 1396 2551 quod
1412 2516 1554 2551 praetatus
1573 2525 1672 2542 census
1684 2516 1731 2551 qui
1751 2525 1766 2541 a
1781 2524 1824 2541 me
1837 2515 1925 2541 dictae
