2118 3184
567 410 793 445 CHRONICA
824 412 991 446 AEGIDII
1020 412 1060 446 LI
1088 411 1251 446 MUISIS.
1597 412 1666 447 355

207 518 336 552 Eodem
355 518 432 561 dio.
451 530 469 552 a
484 518 561 551 villa
575 519 643 552 dou
660 518 773 560 Dum,
794 519 932 552 circiter
950 525 1106 553 centum.

208 577 245 609 ln
261 576 318 610 die
337 576 583 623 processionis.
601 590 619 610 a
639 583 758 610 monte
778 576 980 611 Caslctensi.
1003 577 1141 611 circiter
1157 578 1194 611 L.

206 635 244 668 ln
264 635 416 669 crastino
434 635 510 668 festi
526 636 772 681 processionis.
795 650 813 669 a
834 637 910 670 villa
929 636 973 669 dc
992 636 1110 678 Slusa.
1133 637 1272 671 circiter
1290 636 1383 671 CCL.

206 693 336 726 Eodem
357 692 414 726 die
428 720 435 726 .
458 706 476 726 a
495 693 572 726 villa
588 693 632 727 dc
655 694 786 727 Densa.
809 695 947 728 circiter
964 702 1120 728 centum.

207 751 335 785 Eodem
350 751 423 795 die.
446 764 464 785 a
483 752 560 785 villa
579 752 623 786 dc
638 752 836 795 Deirmnde.
853 754 991 787 circiter
1009 755 1199 801 sexaginta.

205 809 244 843 ln
265 816 366 844 nocte
381 810 490 844 sancti
507 810 650 844 Matthci
665 838 672 843 .
695 824 712 844 a
738 812 817 845 villa
839 811 1011 845 Montensi
1040 812 1074 845 in
1095 812 1294 853 llannonia.
1316 812 1454 845 circiter
1471 811 1523 845 CC
1537 817 1571 845 et
1588 810 1659 845 XL.

204 867 335 902 Eodem
351 868 408 902 (lie
426 882 444 902 a
465 869 542 902 villa
562 869 605 903 de
627 869 842 913 Aldenardo.
867 870 1004 904 circiter
1024 869 1115 904 CCC.

204 927 334 961 Eodem
354 927 411 961 (lie
424 955 431 969 .
457 940 476 961 a
502 928 578 961 villa
599 928 643 962 de
666 928 866 975 Genappex,
887 929 1025 962 circiter
1044 929 1167 962 sexties
1185 929 1321 977 viginti.

205 985 334 1020 Eodem
354 986 431 1020 die.
454 1000 472 1020 a
493 987 569 1021 villa
589 986 633 1020 de
653 987 778 1021 Insulis
791 1015 798 1029 .
820 988 959 1021 circiter
978 987 1134 1021 ducenti.

202 1045 242 1078 ln
260 1045 317 1079 die
339 1046 430 1079 beati
458 1046 623 1090 Matthei7
651 1053 823 1080 venerunt
845 1045 1019 1093 quaedam
1043 1047 1205 1080 mulieres
1227 1046 1272 1080 de
1291 1045 1468 1090 Flandria.
1489 1046 1579 1079 sicut
1597 1045 1660 1078 viri

155 1103 320 1138 facientes
332 1132 339 1137 .
361 1104 584 1151 discooperto
601 1105 713 1138 solum
729 1105 835 1139 dorso
852 1132 859 1147 .
881 1105 1020 1139 circiter
1033 1105 1110 1138 XX.

205 1162 385 1197 Dominica
401 1170 476 1209 post
496 1163 625 1196 festum
644 1163 789 1197 Matthei
803 1190 811 1206 τ
833 1176 851 1196 a
870 1163 949 1196 villa
967 1162 1011 1196 de
1027 1162 1206 1196 Maibodio
1218 1189 1226 1205 7
1248 1163 1387 1196 circiter
1400 1162 1464 1196 CC.

202 1220 332 1254 Eodem
352 1221 426 1264 die.
449 1234 468 1254 a
487 1221 565 1254 vitta
580 1221 624 1254 de
643 1220 797 1254 Bailluel
820 1221 855 1253 in
870 1220 1049 1263 Flandria.
1067 1221 1205 1254 circiter
1224 1219 1316 1254 CCC.

204 1279 321 1313 Tertia
342 1279 400 1313 die
425 1280 608 1322 Octobris.
637 1279 768 1313 scilicet
787 1279 822 1312 in
846 1285 948 1313 nocte
966 1279 1058 1312 beati
1078 1279 1266 1321 Francisci.
1288 1285 1461 1312 venerunt
1481 1290 1499 1311 a
1518 1278 1594 1312 villa
1617 1277 1661 1312 dc

153 1337 403 1381 Valenchenis.
424 1338 562 1371 circiter
581 1336 728 1371 CCCCL.

202 1396 334 1430 Notum
360 1396 401 1429 sit
430 1396 596 1429 omnibus
619 1395 717 1442 quod
736 1407 801 1444 ego
825 1395 978 1429 intellexi
997 1408 1015 1429 a
1039 1395 1252 1442 quibusdam
1278 1395 1518 1441 superioribus
1544 1395 1661 1428 electis

153 1466 171 1488 a
192 1455 443 1501 poenitentiam
468 1454 695 1498 facientibus7
720 1454 818 1501 quod
835 1455 1004 1488 intrantes
1021 1461 1055 1488 et
1069 1467 1150 1488 cum
1168 1455 1242 1489 aliis
1259 1466 1294 1488 sc
1310 1455 1500 1502 jungentes
1518 1454 1662 1500 promit-

152 1513 272 1547 tebant
291 1513 347 1546 illa
365 1525 456 1559 quae
471 1519 669 1559 sequuntur
687 1525 722 1547 se
741 1513 854 1546 facere
875 1519 911 1547 et
927 1519 1046 1546 tenere
1061 1525 1124 1559 pro
1140 1525 1241 1559 posse
1254 1525 1339 1557 suo7
1356 1519 1432 1547 toto
1450 1525 1557 1547 cursu
1570 1513 1660 1546 vitae

151 1583 253 1615 suae.
275 1572 357 1605 alias
375 1584 444 1605 non
467 1572 747 1618 recipiebantur,
771 1571 833 1606 sed
850 1572 1064 1606 intrantibus
1083 1579 1117 1605 et
1133 1573 1422 1618 promittentibus
1437 1573 1657 1620 legebantur.

200 1631 318 1664 Primo
354 1631 606 1677 promittebant
625 1631 795 1664 intrantes
813 1637 847 1665 et
865 1630 1031 1665 dicebant
1053 1644 1059 1664 :
1087 1645 1104 1661 «
1123 1631 1194 1665 Nos
1213 1631 1411 1679 obligamus
1428 1631 1659 1677 nosmetipsos

152 1689 195 1723 ad
214 1689 466 1724 dimittendum
486 1696 601 1723 totum
625 1696 659 1723 et
676 1690 895 1724 occasionem
922 1689 1155 1724 maleficiendi
1176 1690 1276 1736 juxta
1299 1702 1400 1736 posse
1421 1696 1600 1733 nostrum.
1626 1697 1661 1724 et

153 1747 198 1782 de
216 1749 381 1783 omnibus
400 1749 550 1795 peccatis
570 1748 614 1783 de
640 1749 771 1795 quibus
789 1748 1056 1783 recordabimur
1081 1749 1231 1782 faciendi
1252 1749 1501 1783 contritionem
1521 1755 1553 1782 et
1573 1761 1660 1782 con—

152 1807 337 1841 sessionem
357 1807 568 1855 generalem.
585 1807 674 1841 Item
694 1807 843 1841 faciendi
859 1807 903 1841 de
918 1808 1007 1841 bene
1018 1807 1197 1854 acquisitis
1213 1814 1463 1841 testamentum
1478 1807 1548 1841 sive
1562 1806 1660 1841 ordi-

152 1865 352 1908 nationem.
385 1864 504 1899 debita
531 1865 662 1899 solvere
684 1866 736 1899 vel
757 1866 953 1914 assignare³
979 1871 1013 1899 et
1039 1866 1152 1898 facere
1179 1865 1437 1899 restitutionem
1459 1865 1503 1899 de
1530 1865 1655 1899 alieno.

152 1924 238 1958 Item
257 1935 431 1970 ponemus
446 1935 509 1957 nos
526 1924 561 1957 in
580 1929 673 1957 statu
692 1924 786 1970 pacis
805 1930 839 1957 et
853 1923 1121 1957 emendabimus
1138 1929 1172 1956 et
1186 1922 1462 1971 indulgebimus.
1485 1923 1573 1957 Item
1593 1935 1658 1969 pro

145 1983 286 2030 juribus
300 1989 438 2017 sanctae
456 1982 618 2016 ecclesiae
636 1983 771 2017 honore
784 1988 819 2016 et
832 1983 992 2016 libertate
1003 2009 1011 2025 a
1030 1981 1119 2025 fide.
1137 1981 1297 2016 doctrina
1311 1988 1345 2015 et
1358 1982 1433 2030 lege
1450 1981 1655 2025 defendere,

149 2049 268 2076 tenere
293 2048 328 2075 et
354 2053 508 2084 servare.
533 2053 662 2088 corpus
684 2048 719 2075 et
737 2041 970 2088 possessiones
993 2053 1220 2086 exponemus.
1243 2041 1350 2084 Item,
1371 2040 1657 2089 recognoscendo

149 2099 247 2147 quod
266 2112 388 2134 omnes
409 2112 531 2134 sumus
549 2113 591 2134 ex
608 2113 679 2134 una
698 2101 841 2134 materia
865 2100 992 2143 creati.
1015 2099 1188 2146 redempti
1207 2112 1280 2133 uno
1299 2100 1412 2146 pretio
1425 2127 1433 2143 a
1453 2099 1564 2133 dotati
1583 2112 1656 2133 uno

150 2158 244 2193 dono
257 2185 265 2201 τ
287 2157 458 2192 debemus
471 2170 564 2191 unus
577 2158 726 2192 alterum
741 2158 885 2192 fratrem
901 2157 1075 2204 appellare
1088 2185 1095 2201 .
1112 2164 1145 2191 et
1160 2157 1258 2204 quod
1272 2157 1389 2191 nullus
1403 2169 1507 2191 suum
1523 2158 1657 2192 socium

151 2217 358 2251 nominabit.
386 2217 492 2259 Item.
515 2217 684 2251 intrantes
703 2217 834 2251 debent
851 2230 870 2251 a
891 2229 956 2250 suo
976 2223 1098 2250 curato
1112 2223 1231 2262 petere
1252 2216 1445 2260 licentiam.
1467 2223 1501 2250 et
1518 2217 1562 2250 ab
1581 2217 1656 2263 ipso

149 2287 290 2310 crucem
310 2275 483 2321 recipere7
507 2282 541 2309 et
559 2276 603 2309 ab
622 2288 730 2309 uxore
755 2287 817 2309 sua
837 2276 990 2323 legitima
1012 2281 1130 2321 petere
1149 2275 1323 2308 licentiam
1346 2281 1380 2308 et
1401 2275 1437 2308 in
1456 2273 1656 2309 obedientia

149 2334 290 2368 alterius
308 2346 344 2367 se
361 2333 525 2367 ordinare
543 2340 578 2367 et
602 2346 637 2367 se
662 2334 778 2379 ipsum
797 2333 1020 2379 disciplinarc
1037 2333 1181 2381 triginta
1199 2333 1312 2366 tribus
1331 2332 1475 2376 diebus.
1498 2345 1578 2367 cum
1598 2332 1655 2367 di-

150 2391 258 2427 midio
272 2391 392 2426 sedere
411 2404 481 2425 non
498 2404 603 2437 super
616 2392 770 2437 plumas.
790 2392 904 2438 jacere
922 2391 996 2425 sinc
1015 2391 1104 2424 linea
1122 2398 1153 2425 ct
1173 2391 1246 2425 sine
1261 2391 1398 2437 pluma,
1420 2398 1538 2425 tenere
1555 2391 1656 2425 silen—

151 2451 239 2485 tium
251 2478 259 2494 7
282 2451 346 2484 nisi
367 2450 425 2483 fiat
444 2462 507 2496 per
521 2450 717 2491 licentiamg
739 2450 975 2496 eleemosynas
991 2449 1144 2495 recipere
1164 2456 1197 2483 ct
1215 2462 1234 2483 a
1253 2449 1349 2483 nullo
1363 2456 1498 2495 petere.
1526 2450 1655 2484 intrare

148 2509 183 2542 in
201 2509 394 2555 hospitium
412 2507 456 2542 dc
475 2508 613 2542 licentia
628 2507 793 2554 hospitisg
809 2514 842 2542 et
856 2508 892 2541 in
906 2508 1052 2541 introitu
1067 2514 1101 2541 et
1119 2507 1223 2541 etiam
1243 2507 1277 2540 in
1297 2507 1390 2541 exitu
1410 2506 1526 2542 dicere
1546 2508 1654 2554 quin-
