2118 3184
788 429 1075 465 APPENDICES.
1623 433 1644 466 9
1673 434 1692 468 7

1647 434 1668 467 A*

862 551 1004 597 ectu.

182 642 326 677 Ge'rard
346 642 680 689 d'Erembocleqhem
701 648 734 676 et
756 654 808 675 ses
831 641 988 676 e'clwm'ns
1011 648 1171 677 attestent
1190 643 1414 689 qu'Avezoete
1436 644 1478 678 de
1501 643 1649 679 S1-Jean
1671 657 1691 678 (ι

225 701 358 742 donue',
376 700 468 734 (lans
485 700 530 734 les
544 701 676 745 formes
689 699 828 747 leyczles‘.
849 698 871 733 ἀ
887 700 1044 748 l'ablmye
1053 728 1063 743 ‚
1079 714 1150 735 une
1164 706 1256 735 terre
1266 701 1385 747 qu'elle
1398 704 1497 736 avait
1508 702 1640 737 achete'e
1653 703 1694 737 dv

226 759 358 806 Soylte'n.
376 759 417 793 de
432 759 556 793 Broec.
574 779 621 784 —
640 759 779 794 Νικονε.

904 911 974 934 1-28-2.

214 991 353 1017 [nivei-sis
366 991 468 1026 quibus
489 1000 619 1026 praesens
636 991 769 1026 scriptum
791 992 891 1018 intueri
912 991 1072 1028 contigerit,
1089 992 1228 1018 Gerardns
1243 993 1277 1019 de
1291 993 1531 1029 Erenbaldinghen
1549 998 1575 1019 et
1590 993 1696 1019 scabini

176 1038 298 1073 ejusdem
312 1038 364 1064 loci
377 1037 493 1064 salutem
504 1043 531 1064 et
545 1047 658 1064 noscere
673 1039 825 1064 veritatem.
843 1039 1019 1065 Universitati
1032 1044 1139 1065 vestrae
1150 1039 1336 1075 significamus
1344 1040 1418 1076 quod
1430 1040 1548 1066 Avezota
1561 1040 1595 1067 de
1607 1041 1635 1067 S.
1648 1040 1695 1066 Jo-

176 1086 265 1113 banne
282 1085 418 1111 Gandensi
431 1106 437 1117 ‚
459 1086 524 1111 emit
538 1085 657 1121 legitimo
669 1086 814 1120 emptionis
828 1091 970 1112 contractu
986 1095 1052 1121 erga
1071 1085 1236 1121 Soykinum‚
1260 1086 1362 1113 dictum
1382 1087 1416 1113 de
1437 1087 1535 1121 Broec,
1557 1097 1607 1122 pro
1626 1087 1697 1114 duo-

174 1134 261 1160 decim
276 1132 354 1158 libris
366 1131 561 1158 flandrensium
576 1141 709 1158 novorum
726 1132 878 1158 solutorum
891 1137 918 1158 et
932 1133 958 1158 in
976 1132 1120 1158 utilitatem
1135 1132 1199 1158 dieti
1214 1132 1325 1167 Soykini
1340 1143 1535 1160 conversorum
1547 1154 1553 1165 ,
1574 1134 1693 1160 modium

175 1180 380 1214 frumentijure
398 1179 582 1205 haereditario
594 1179 717 1206 solvendi
730 1180 871 1206 annuatim
889 1180 961 1206 inter
975 1179 1076 1206 festum
1090 1181 1211 1206 omnium
1225 1185 1383 1207 sanctorum
1401 1186 1428 1207 et
1443 1186 1564 1216 quatuor
1576 1181 1634 1208 dies
1648 1191 1696 1208 na-

177 1229 230 1256 tale
243 1228 350 1255 Domini
367 1228 489 1263 proximo
503 1227 697 1258 succedentes,
712 1227 745 1253 ad
758 1236 912 1253 mensuram
927 1227 1099 1254 Ninivensem
1113 1227 1374 1263 oppidiattingcntis
1385 1229 1475 1254 carius
1487 1228 1654 1255 frumentum
1668 1230 1694 1255 in

176 1277 286 1303 duobus
305 1275 440 1307 denariis,
462 1275 536 1310 quod
551 1273 645 1301 venale
659 1275 816 1301 invenietur
832 1275 858 1301 in
882 1276 942 1301 soro
960 1275 1108 1301 Ninivensi.
1123 1275 1202 1310 Quod
1220 1274 1388 1301 frumentum
1402 1276 1492 1302 dictus
1504 1276 1641 1311 Soykinns
1653 1277 1695 1303 vel

176 1325 218 1350 sui
229 1331 401 1350 successores
411 1322 481 1347 infra
495 1321 630 1347 abbatiam
644 1321 815 1347 Ninivensem
827 1321 964 1348 destinare
973 1322 1142 1348 tenebuntur
1150 1324 1207 1348 suis
1215 1322 1339 1348 custibus
1350 1327 1376 1348 et
1386 1323 1511 1357 expensis
1520 1323 1592 1349 inl'ra
1603 1324 1696 1349 termi-

175 1381 240 1397 num
250 1370 435 1396 antedictum.
451 1368 526 1395 Unde
535 1368 569 1394 ad
578 1369 732 1394 firmitatem
742 1368 885 1395 solutionis
898 1368 1054 1404 praedictae
1067 1368 1206 1394 faciendae
1217 1373 1244 1395 et
1255 1368 1442 1404 complendae,
1453 1369 1542 1396 dictus
1554 1370 1692 1405 Soykinus

175 1418 274 1444 dictam
285 1417 429 1442 Avezotam
443 1415 626 1441 haereditavit
640 1416 666 1441 in
681 1416 940 1450 quatuorjornariis
955 1421 982 1442 et
995 1416 1107 1442 dimidio
1122 1420 1211 1442 terrae
1225 1416 1350 1450 arabilis,
1366 1417 1434 1442 sitae
1448 1417 1474 1442 in
1487 1417 1596 1444 duobus
1611 1417 1691 1449 locis,

176 1465 228 1492 tria
236 1464 361 1500 jot-naria
374 1468 402 1490 et
415 1463 554 1489 dimidium
565 1463 645 1497 juxta
664 1463 803 1490 Scelekem
820 1463 986 1499 Dalrepulte.
1003 1463 1082 1489 Aliud
1099 1463 1255 1497 jornarium
1271 1464 1353 1489 situm
1369 1469 1410 1490 est
1430 1465 1456 1490 in
1477 1464 1566 1490 medio
1579 1474 1692 1500 campo.

171 1515 252 1547 juxta
267 1513 336 1539 viam
356 1520 427 1546 quae
447 1511 535 1537 tendit
557 1520 652 1537 versus
665 1510 786 1545 Haltert,
801 1511 836 1538 de
855 1521 909 1547 qua
930 1516 1004 1537 terra
1026 1511 1084 1546 ipse
1101 1511 1238 1546 Soykinus
1256 1516 1284 1537 et
1296 1521 1347 1537 sua
1363 1521 1432 1538 uxor
1447 1517 1587 1547 assumpto
1601 1521 1693 1538 seeum

178 1559 341 1586 mamburno
351 1558 495 1592 omnijure
503 1567 554 1583 suo
563 1558 638 1593 quod
649 1559 676 1584 in
687 1558 759 1584 dicta
771 1563 844 1585 terra
854 1558 956 1584 habere
965 1558 1140 1590 videbantur,
1151 1567 1180 1584 se
1192 1557 1407 1585 exfestucatione
1416 1564 1442 1584 et
1455 1560 1526 1585 trina
1535 1560 1693 1595 werpitione

178 1605 446 1633 exhaeredaverunt.
462 1604 496 1630 ad
507 1614 577 1640 opus
590 1604 678 1631 dictae
694 1605 829 1632 Avezotae
843 1605 992 1631 seeundum
1002 1605 1136 1639 judicium
1155 1610 1181 1631 et
1192 1614 1273 1631 usum
1286 1605 1459 1632 scabinorum
1474 1606 1691 1642 praedictorum.

179 1663 250 1689 quae
263 1658 336 1679 terra
350 1651 423 1678 dicto
436 1651 468 1678 G.
486 1651 621 1678 censualis
635 1657 676 1678 est
688 1653 714 1678 in
729 1652 818 1678 tribus
831 1652 924 1679 solidis
937 1657 964 1679 et
977 1653 1066 1679 tribus
1078 1652 1186 1689 gallinis
1195 1673 1202 1684 ‚
1218 1652 1252 1678 ad
1266 1652 1356 1679 natale
1368 1653 1475 1680 Domini
1490 1654 1631 1680 annuatim
1641 1655 1697 1681 sol-

181 1701 292 1734 vendis3
307 1706 335 1727 et
350 1700 431 1726 istum
447 1708 558 1725 censum
568 1699 658 1726 dietus
671 1699 700 1726 S.
714 1704 741 1725 et
755 1700 797 1726 sui
811 1709 984 1726 successores
997 1700 1166 1726 tenebuntur
1173 1699 1281 1726 solvere
1294 1699 1383 1726 dictae
1391 1700 1526 1727 Avezotae
1535 1721 1542 1734 ,
1555 1706 1582 1727 et
1591 1702 1649 1738 ipsa
1660 1702 1694 1728 de

177 1757 259 1775 manu
273 1757 322 1774 sua
335 1748 435 1773 iterum
448 1746 550 1772 dictum
564 1755 675 1772 censum
691 1746 798 1772 solvere
811 1747 923 1773 debebit
937 1746 1010 1772 dicto
1023 1746 1070 1778 G.5
1087 1751 1216 1781 tanquam
1233 1746 1267 1772 de
1277 1756 1326 1772 sua
1340 1746 1520 1773 haereditate.
1538 1748 1622 1774 Porro
1637 1749 1694 1775 dic-

178 1802 232 1822 tam
247 1801 348 1822 terram
359 1794 449 1820 dictus
461 1794 490 1820 S.
506 1794 549 1820 vel
563 1795 605 1820 sui
613 1803 785 1820 successores
800 1794 934 1821 tenebunt
948 1799 976 1820 et
990 1794 1113 1820 excolent
1125 1799 1255 1829 tanquam
1267 1803 1342 1819 suam
1352 1814 1360 1826 ,
1375 1794 1505 1829 quamdiu
1518 1795 1621 1821 dictum
1635 1795 1695 1822 sru-

177 1849 297 1870 mentum
307 1847 335 1869 et
346 1851 458 1869 censum
467 1842 599 1868 solverint
615 1841 685 1868 infra
697 1842 843 1868 terminum
858 1842 1036 1868 antedictum.
1049 1841 1076 1868 Si
1084 1850 1149 1868 vero
1160 1841 1250 1867 dictus
1262 1841 1399 1876 Soykinus
1412 1842 1455 1868 vel
1469 1844 1511 1868 sui
1523 1851 1693 1870 successores

177 1899 232 1918 non
246 1889 400 1922 solverent,
419 1888 493 1924 quod
507 1889 595 1921 absit,
615 1889 641 1915 in
661 1890 776 1915 termino
790 1898 918 1924 superius
937 1889 977 1915 sic
996 1897 1142 1924 expresso,
1163 1888 1231 1914 nihil
1243 1888 1316 1922 juris
1330 1889 1357 1914 in
1371 1894 1536 1924 perpetuum
1552 1890 1579 1915 in
1597 1890 1690 1917 eadem

176 1943 251 1964 terra
262 1937 448 1973 possiderent,
463 1936 512 1962 sed
525 1936 612 1962 libere
622 1941 649 1962 et
663 1936 787 1962 absolute
800 1936 873 1962 dicta
885 1941 960 1962 terra
973 1936 1009 1962 ad
1016 1935 1116 1962 dictam
1129 1936 1274 1962 Avezotam
1286 1935 1491 1962 devolveretur.
1507 1936 1555 1963 His
1566 1938 1692 1964 omnibus

177 1985 229 2011 rite
240 1991 269 2011 et
281 1984 398 2010 firmiter
411 1983 528 2019 peractis
540 2003 547 2015 ,
561 1983 634 2009 dicta
647 1983 767 2009 Avezota
781 1984 807 2009 in
818 1983 929 2009 instanti
940 1983 1042 2009 dictum
1056 1982 1176 2008 modium
1189 1982 1320 2008 frumenti
1332 1987 1360 2008 et
1370 1987 1471 2008 terram
1484 1983 1651 2018 praedictam
1666 1990 1692 2011 et

177 2031 310 2066 omnejus
323 2030 397 2066 quod
411 2030 557 2056 videbatur
572 2030 675 2057 habere
689 2030 806 2056 contulit
819 2035 847 2056 et
859 2030 960 2066 legavit
973 2030 1000 2055 in
1015 2039 1111 2065 puram
1122 2034 1149 2055 et
1162 2034 1324 2064 perpetuam
1338 2029 1537 2064 eleemosynam
1556 2037 1693 2058 monaste-

178 2079 220 2105 rio
234 2079 389 2110 Mun-ensi,
412 2087 440 2104 se
453 2077 649 2104 exfestucando
663 2079 734 2104 trina
744 2078 905 2114 werpitione
917 2082 944 2104 et
959 2077 1130 2103 investiendo
1147 2076 1260 2103 fratrem
1274 2076 1436 2103 Balduinnm
1451 2086 1614 2104 conversum
1628 2079 1692 2105 dicti

178 2126 350 2157 monasterii,
370 2126 528 2161 magistrum
542 2125 576 2152 de
593 2125 690 2157 Scora,
710 2130 883 2160 praesentem
894 2126 1053 2151 existentem
1069 2129 1096 2150 et
1108 2124 1284 2159 recipientem
1299 2124 1421 2150 eamdem
1434 2129 1534 2150 terram
1548 2130 1575 2151 et
1588 2125 1691 2152 dictum

178 2174 298 2201 modium
308 2173 438 2199 frumenti
447 2172 480 2199 ad
490 2182 560 2208 opus
573 2173 729 2199 monasterii
742 2173 885 2208 praedicti.
895 2173 1017 2199 Testinm
1031 2172 1078 2207 qui
1090 2171 1277 2197 interfuerunt
1289 2171 1339 2197 ista
1352 2176 1417 2197 sunt
1425 2171 1550 2198 nomina:
1565 2172 1689 2199 videlicet

178 2221 327 2248 Balduinus
344 2220 378 2246 de
396 2219 522 2255 Capella.
542 2219 626 2252 Raso,
644 2219 730 2246 frater
744 2220 850 2246 Gossini
867 2219 898 2245 tle
915 2218 1069 2255 Spieqlzele‚
1092 2218 1232 2244 ,Iohannes
1252 2217 1387 2249 Clericus,
1405 2217 1527 2253 Sygerus
1545 2218 1579 2245 de
1597 2219 1688 2255 Haga.

179 2268 317 2295 Walterus
333 2267 366 2294 de
379 2266 497 2293 Buscho.
511 2266 578 2293 Item
592 2266 732 2293 Walterus
745 2267 835 2293 dictus
849 2266 952 2293 Stombe
961 2287 967 2298 7
986 2265 1126 2292 Johannes
1137 2265 1168 2290 de
1182 2264 1352 2295 emerint-e,
1371 2264 1505 2290 Henricus
1518 2265 1672 2292 Waelraven
1682 2287 1688 2295 ,

178 2316 312 2342 Henricus
322 2314 353 2340 de
363 2313 538 2340 Scandebroec
547 2334 556 2348 ,
572 2313 692 2340 lacobus
702 2314 857 2349 presbyter.
874 2313 941 2339 Item
952 2313 1025 2348 apud
1035 2311 1141 2338 Haltert
1150 2316 1233 2338 testes
1244 2316 1307 2336 sunt
1321 2311 1381 2336 isti:
1398 2310 1537 2337 Johannes
1547 2311 1578 2338 de
1591 2312 1671 2339 Velde
1680 2334 1687 2347 ,

180 2363 312 2398 Lippinus
324 2361 456 2388 Noddinai
466 2382 474 2394 ,
490 2360 628 2388 Johannes
642 2361 676 2388 de
687 2361 813 2393 Vivario,
831 2361 965 2387 Heni-icus
978 2359 1148 2386 Chacherart.
1164 2358 1261 2384 Datum
1278 2367 1349 2384 anno
1364 2357 1470 2383 Domini
1482 2357 1671 2385 MCCLXXXH
1682 2381 1688 2391 ,

179 2419 270 2438 mense
282 2409 439 2436 Novembri.

992 2443 1100 2475 Original
1109 2462 1115 2473 7
1131 2442 1152 2466 le
1162 2450 1231 2466 sceau
1244 2450 1273 2466 en
1286 2441 1333 2466 cire
1350 2446 1413 2466 verte
1427 2442 1586 2474 endommage
1598 2443 1626 2466 de

1023 2484 1112 2510 Get-ard
1125 2488 1160 2508 est
1172 2484 1221 2508 seul
1232 2484 1353 2508 conserve.

896 2567 961 2577 Η
