2118 3184
592 397 818 432 CHRONICA
850 398 1015 432 ‚ts-,Glbll
1045 398 1085 432 Ll
1116 398 1278 433 MtsslSlS.
1627 402 1692 436 1525

170 505 214 540 ad
234 518 351 554 regem
369 506 534 540 Franciac
546 533 554 541 .
575 512 737 539 sanctum
753 504 972 539 Ludovicum
992 506 1321 540 christianissimum
1335 533 1343 549 -.
1364 513 1539 553 quatenus
1552 515 1691 542 sauctae

171 566 274 599 matri
298 566 462 599 ecclcsiae
485 565 707 608 sulweniret.v
739 565 924 598 cons-ilium
949 571 979 598 et
1008 565 1177 599 auxilium
1205 565 1318 599 eidem
1344 565 1596 612 imprmlcndo.
1621 567 1690 602 Rex

169 630 288 658 autem
301 651 310 661 ,
331 629 525 658 convocato
543 635 607 656 suo
627 623 772 656 consilio
785 650 793 656 .
811 623 986 656 commisit
1004 622 1097 657 istud
1113 624 1294 671 negotium
1311 623 1574 670 exsequendum
1592 626 1691 659 fratri

170 694 235 715 suo
252 682 392 725 Carolo.v
413 682 533 715 comiti
554 681 795 730 Andegaveusi
809 709 816 723 -.
839 688 871 715 vt
891 681 988 728 quod
1007 681 1052 716 de
1070 683 1236 730 gentibus
1255 690 1287 716 et
1310 683 1510 716 necessariis
1528 684 1592 717 sibi
1612 696 1690 730 pro—

171 740 323 784 videretff
352 747 386 775 et
415 740 562 775 celerius
588 747 684 775 recto
713 741 836 774 itinere
862 740 1008 774 domino
1035 754 1144 787 papae
1171 748 1205 775 vt
1229 741 1466 775 cardinalibus
1491 749 1525 775 ct
1551 750 1690 777 sanctae

172 800 336 834 ecclesiae
349 800 550 833 subveniret
564 826 571 832 .
589 806 622 833 et
638 800 684 833 ibi
699 812 734 832 se
751 805 987 845 praesentaret
1002 799 1046 833 ad
1061 812 1183 833 eorum
1201 801 1361 834 inimicos
1376 801 1637 848 impugnandos
1657 809 1692 836 et.

171 857 403 905 repellendos.
435 857 560 892 Comes
578 865 695 891 autem
722 857 901 906 gaudens,
927 870 1018 892 onus
1038 858 1131 892 istud
1159 859 1268 892 lactus
1293 859 1505 905 suscipicns‘„
1534 860 1569 893 in
1595 861 1690 894 brevi

170 917 380 964 complevit.
405 916 502 964 quod
529 917 594 950 sibi
622 917 736 951 fuerat
763 917 996 963 imperatum:
1028 924 1063 951 et
1084 918 1158 951 vale
1182 918 1312 951 faciens
1339 917 1486 951 domino
1509 919 1603 966 regi,
1626 919 1691 953 iter

170 975 341 1022 arripuit,
370 982 403 1009 ct
434 975 544 1009 secuti
570 981 653 1009 sunt
679 987 759 1008 cum
793 975 965 1008 nobilium
995 982 1027 1009 et
1063 976 1273 1023 ignobilium
1303 976 1453 1009 maxima
1471 976 1687 1020 multitudo7

171 1035 287 1081 primo
304 1035 387 1081 quia
409 1034 576 1068 dominus
596 1046 685 1080 papa
707 1040 739 1067 et
762 1035 860 1068 curia
880 1046 1024 1082 magnas
1043 1034 1278 1082 indulgentias
1298 1035 1520 1069 venientibus
1545 1048 1691 1069 conces—

170 1100 279 1136 serat.v
301 1100 335 1127 et
358 1094 481 1128 etiam.
504 1094 586 1140 quia
608 1094 770 1139 princeps
792 1100 867 1127 crat
885 1094 1185 1127 nominatissimus
1208 1100 1241 1126 et
1261 1093 1418 1136 curialis7
1444 1094 1477 1127 in
1504 1095 1610 1128 armis
1630 1106 1691 1128 ex-

170 1159 292 1200 pertus
310 1159 344 1186 et
363 1153 534 1186 virtutum
555 1151 702 1186 floribus
722 1164 804 1198 prae
823 1152 968 1187 cacteris
989 1158 1209 1197 perornatus.
1233 1151 1479 1197 'l'ransivitque
1504 1159 1639 1186 montes
1657 1159 1692 1186 et

174 1210 296 1257 Alpes,
320 1217 353 1244 et
381 1217 491 1245 totam
519 1210 768 1244 Lombardiam
784 1217 817 1243 et
838 1210 1044 1243 Toscaniam
1064 1216 1171 1255 atque
1192 1209 1399 1243 Romaniam
1413 1236 1421 1243 .
1447 1217 1478 1243 ct
1502 1217 1691 1257 antequam

171 1276 288 1317 posset
307 1269 352 1303 ad
371 1269 557 1303 dominum
574 1281 701 1314 papam
717 1268 899 1314 pervenire
912 1295 920 1310 e
944 1268 1073 1301 multos
1092 1268 1126 1300 in
1146 1266 1249 1301 dictis
1269 1268 1389 1314 patriis
1408 1269 1537 1313 reperit
1556 1276 1693 1303 contra-

171 1328 242 1362 rios
260 1334 295 1361 et
317 1327 480 1369 rebelles5
507 1333 539 1360 et
563 1326 682 1372 plures
708 1326 835 1359 habuit
861 1325 1030 1367 insultusff
1058 1326 1142 1372 quia
1170 1325 1310 1373 signum
1338 1337 1518 1359 armorum
1545 1338 1691 1361 suorum

169 1385 434 1431 discoopertum
452 1384 681 1430 portabatur:
702 1383 874 1430 victisque
896 1383 1062 1417 omnibus
1080 1383 1146 1417 sibi
1165 1383 1369 1426 contrariis,
1392 1384 1551 1429 pervenit
1573 1396 1692 1419 coram

170 1444 317 1479 domino
335 1455 426 1490 papa
444 1449 478 1476 et
492 1441 730 1476 cardinalibus
742 1469 751 1485 7
768 1454 786 1476 a
802 1442 934 1489 quibus
953 1454 1034 1476 cum
1054 1453 1184 1490 magno
1200 1441 1331 1489 gaudio
1350 1448 1385 1475 et
1403 1442 1539 1476 honore
1554 1450 1605 1476 est
1621 1456 1693 1477 sus-

171 1509 311 1550 ceptus:
333 1501 527 1547 habitaque
549 1500 803 1535 deliberatione
823 1501 859 1534 in
879 1501 984 1547 pleno
1003 1500 1229 1543 consistorio7
1250 1499 1417 1534 (lominus
1435 1513 1525 1547 papa
1543 1501 1588 1535 de
1606 1514 1692 1536 con—

170 1562 247 1596 silio
261 1561 412 1596 fratrum
425 1587 433 1603 e
450 1559 688 1594 Mainfredum
708 1560 1055 1594 excommunicatum
1070 1558 1336 1603 condemnavit7
1353 1558 1523 1606 deditque
1541 1573 1692 1609 regnum

172 1620 308 1655 Siciliae
327 1626 361 1654 et
380 1625 490 1653 totam
511 1619 660 1665 patriam
681 1619 801 1653 comiti
818 1618 942 1653 Carolo
955 1618 1133 1653 antedicto
1149 1630 1231 1652 cum
1245 1618 1491 1652 benedictione.
1508 1632 1587 1663 sua,
1609 1633 1692 1654 cum

173 1679 316 1713 mittens
334 1690 416 1712 cum
436 1677 508 1712 suis
523 1676 567 1711 ad
587 1677 748 1712 inimicos
768 1678 829 1712 Dei
849 1684 883 1711 et
901 1684 1042 1712 sanctae
1060 1677 1224 1711 ecclesiae
1242 1676 1488 1723 depellendos,
1511 1679 1692 1714 absolvens

172 1749 231 1772 eos
253 1749 273 1771 a
299 1737 455 1771 reatibus
473 1742 508 1769 et
531 1736 738 1769 commissis.
769 1736 937 1782 Princeps
956 1743 1074 1770 autem
1094 1735 1238 1770 Carolus
1256 1748 1338 1770 cum
1359 1736 1430 1770 suis
1457 1736 1654 1772 licentiatus
1672 1751 1691 1772 a

172 1795 319 1830 domino
331 1806 423 1841 papa
438 1800 473 1827 et
486 1793 741 1838 cardinalibus,
758 1795 943 1842 negotium
958 1794 1023 1828 sibi
1038 1794 1266 1828 commissum
1281 1794 1429 1840 arripuit
1443 1795 1688 1840 laetabundus7

173 1865 267 1889 anno
287 1853 427 1887 Domini
443 1852 638 1896 MCCLXV,
655 1853 796 1900 fuitque
813 1866 833 1887 a
851 1853 998 1888 domino
1012 1866 1102 1900 papa
1119 1852 1315 1897 Clemente7
1333 1854 1394 1900 qui
1412 1860 1498 1887 tunc
1512 1862 1687 1900 praeerat.

173 1913 209 1946 in
227 1923 348 1960 regem
367 1911 503 1945 Siciliae
521 1918 722 1946 coronatus.

222 1970 398 2004 Robertus
420 1975 538 2003 autem
558 1968 602 2003 de
628 1969 807 2013 flandria,
831 1983 940 2019 gener
961 1971 1037 2016 ejus
1058 1969 1091 2014 ¹,
1115 1976 1149 2004 et
1167 1969 1302 2004 habens
1325 1970 1401 2016 ejus
1419 1970 1525 2004 filiam
1544 1971 1580 2004 in
1603 1983 1691 2005 uxo-

175 2042 249 2064 rem
264 2056 272 2072 ‚
301 2041 393 2076 quae
418 2027 547 2061 Blanka
562 2027 576 2048 ²
602 2029 815 2073 vocabatur,
844 2030 936 2063 filius
959 2029 1218 2077 primogenitus
1243 2029 1381 2063 comitis
1404 2028 1584 2062 Flandriae
1606 2029 1693 2063 Gui-

174 2087 277 2122 donis
289 2115 298 2131 7
315 2093 456 2121 secutus
470 2093 522 2120 est
534 2098 615 2121 eum
631 2100 713 2122 cum
732 2101 859 2137 magna
875 2089 1047 2123 nobilium
1063 2086 1292 2122 multitudine
1308 2094 1343 2121 et
1357 2087 1476 2121 multis
1489 2088 1689 2132 armaturis,

175 2153 209 2181 et
227 2147 288 2180 ivit
306 2158 388 2180 cum
407 2157 448 2179 eo
463 2144 630 2180 dominus
648 2146 816 2195 Aegidius
830 2147 876 2181 Li
887 2146 1050 2189 Bruns⁵‚
1071 2146 1170 2180 miles
1188 2145 1328 2191 sapiens
1344 2146 1428 2179 etin
1443 2145 1549 2179 armis
1566 2158 1692 2193 exper—

214 2238 221 2256 ¹
243 2238 308 2264 Post
319 2237 461 2263 victoriam
475 2235 549 2271 apud
560 2235 745 2263 Beneventum
759 2246 845 2273 gener
857 2237 907 2264 Ca-

174 2285 225 2312 roli
241 2284 330 2311 sactus
343 2289 395 2310 est.

211 2331 224 2349 2
244 2330 417 2357 Catharinam
436 2334 515 2355 vocat
533 2327 767 2365 D'lloudeqlzerst‚
783 2329 832 2355 sed
846 2329 908 2365 pln-

173 2386 218 2404 res
240 2381 334 2403 nostro
354 2375 484 2411 scriptori
504 2374 680 2400 concinentes
705 2374 848 2409 Blancam5
871 2375 907 2401 ita

175 2422 396 2450 Sammarthani:
418 2435 428 2446 u
446 2420 565 2447 mand-e
580 2420 610 2446 de
628 2420 726 2455 Sicile,
744 2425 864 2447 comtesse
878 2421 908 2447 de

174 2469 321 2503 Flandm,
340 2468 385 2506 sul
403 2469 500 2494 mari'e'e
517 2469 534 2494 ιὶ
554 2468 649 2494 Robert
664 2467 727 2502 ΙΙΙ,
750 2468 790 2493 die
809 2467 839 2493 de
857 2467 909 2493 Βέ-

175 2515 267 2551 thane,
286 2520 366 2543 comte
379 2515 409 2542 de
422 2515 567 2550 flandra„
588 2515 634 2551 fils
649 2514 680 2541 de
703 2514 764 2551 Guy
777 2513 808 2541 de
824 2513 908 2541 Dam-

953 2240 1043 2274 pierre
1047 2254 1106 2271 ,....
1123 2235 1208 2271 lequel
1219 2240 1299 2261 comte
1313 2235 1408 2262 Robert
1421 2237 1516 2262 assisto
1530 2238 1556 2262 si
1565 2239 1693 2272 ye'ne'reu-

957 2289 1054 2311 semen!
1067 2284 1090 2309 le
1102 2283 1142 2307 roi
1152 2281 1310 2308 Clnartes....
1323 2282 1339 2307 ἁ
1349 2282 1375 2307 Iu
1386 2287 1520 2318 conquesle
1531 2283 1562 2308 de
1572 2282 1689 2310 Sicile...

957 2340 1007 2367 que
1027 2340 1054 2355 ce
1075 2329 1115 2354 roi
1129 2328 1220 2353 eslim«
1241 2337 1273 2353 ue
1291 2327 1314 2353 Ie
1332 2328 1446 2363 pout-nir
1458 2329 1522 2363 plus
1540 2327 1693 2364 diymmene

959 2378 1137 2411 re'compenser
1140 2393 1210 2400 ......
1237 2373 1316 2410 qu’en
1339 2374 1381 2399 lui
1396 2374 1501 2410 faisant
1520 2384 1643 2410 κροκι-εν
1661 2385 1691 2402 sa

958 2421 1105 2448 deuxiesme
1114 2420 1182 2457 fille.
1196 2432 1208 2443 r»
1225 2420 1348 2446 Ilistomt
1359 2429 1388 2446 m:
1399 2429 1428 2446 n
1438 2429 1526 2447 lusos
1538 2430 1568 2446 οε
1579 2420 1679 2447 ancz
1687 2441 1694 2453 ‚

959 2473 1024 2494 tom.
1039 2467 1083 2500 11,
1100 2476 1163 2503 pag.
1176 2465 1241 2493 299.

995 2513 1008 2533 ³
1028 2513 1143 2550 Legitur
1167 2512 1193 2538 in
1223 2511 1347 2548 margine
1370 2511 1471 2538 codicis
1498 2521 1578 2538 manu
1609 2511 1693 2538 seculi
