2137 3131
434 405 503 440 828
1030 398 1317 436 APPENDICES.

1138 525 1223 559 CIV.

438 610 583 657 [ἶνα-11110
600 621 640 653 (Ie
657 620 771 653 Garre
784 618 918 653 de'elare
933 631 998 664 que
1011 617 1206 651 Bamlom'n
1221 615 1304 650 Rad
1315 628 1337 648 α
1351 614 1434 649 ce'cle'
1446 614 1467 648 ἀ
1485 614 1643 661 l'ahhaye
1650 641 1660 656 ,
1677 625 1757 647 sous
1776 616 1948 648 certaines

528 678 735 719 condiamus,
750 677 796 711 les
813 676 922 711 droe‘ts
936 676 1024 722 qu’z'l
1035 677 1133 709 avait
1149 672 1173 708 ά
1186 674 1221 708 [α
1235 673 1331 708 clima
1351 673 1392 707 de
1411 672 1593 707 Lomhelce.
1617 692 1664 697 -
1678 670 1845 706 (ΖΜΝ-111111.

1048 851 1064 872 Α
1077 848 1221 873 Liedekerke
1232 867 1238 876 ,
1250 849 1324 872 1211.

468 924 522 958 Ego
534 923 615 950 Raso.
631 923 755 948 dominus
767 922 801 948 de
813 922 916 948 Gavera
927 927 954 948 et
967 922 1098 957 pincerna
1110 921 1254 947 Flandriae
1264 941 1271 952 .,
1287 920 1479 956 praesentibus
1492 925 1519 946 et
1533 919 1644 946 suturis.
1657 920 1747 955 Quum
1762 920 1870 947 labente
1883 925 1952 947 tem-

432 979 496 1005 pore
509 974 647 1005 gestorum
661 978 691 995 ex
708 968 777 995 sacili
790 968 893 994 labitur
907 968 1050 997 memoria,
1065 977 1099 994 ne
1113 967 1147 994 de
1158 977 1188 994 re
1201 973 1278 1004 gesta
1295 971 1390 993 nostro
1404 972 1529 1002 tempore
1542 967 1634 1003 aliqua
1648 968 1674 993 in
1690 972 1831 1002 posterum
1845 968 1952 994 oriatur

431 1017 614 1043 controversia
626 1037 632 1045 ,
652 1017 788 1051 praesenti
801 1016 916 1051 paginae
933 1015 1060 1042 duximus
1075 1015 1225 1042 inscribere
1237 1036 1244 1047 ,
1258 1014 1334 1050 quod
1347 1014 1497 1040 Balduinus
1508 1035 1515 1046 ⁷
1534 1019 1716 1050 cognomento
1735 1014 1813 1044 Rad,
1832 1014 1866 1041 de
1886 1024 1952 1041 con-

430 1073 509 1089 sensu
525 1068 618 1089 nostro
637 1063 752 1088 eontulit
766 1063 791 1088 in
806 1062 1005 1097 eleemosynam
1018 1061 1147 1088 ecclesiae
1162 1062 1300 1088 Ninivensi
1319 1061 1455 1096 quidquid
1465 1061 1538 1094 juris
1552 1061 1650 1087 habuit
1663 1061 1689 1087 in
1704 1061 1809 1087 decima
1824 1061 1858 1088 de
1871 1061 1954 1088 Lom-

431 1110 524 1137 hecha.
541 1120 622 1145 quam
634 1111 721 1136 tenuit
737 1111 762 1136 in
778 1110 892 1146 pignore
902 1119 916 1136 a
930 1110 1071 1136 Francone
1085 1110 1203 1136 Buce-art
1213 1114 1241 1136 et
1254 1118 1340 1135 uxore
1353 1109 1427 1143 ejus,
1444 1118 1495 1144 pro
1506 1108 1624 1144 quadam
1636 1118 1740 1135 summa
1755 1109 1888 1144 pecuniae
1901 1119 1952 1136 xxx

430 1158 530 1184 scilicet
541 1166 693 1183 marcarum
707 1157 870 1183 flandrensis
877 1162 1013 1188 monetae,
1025 1157 1114 1191 xxxiiij
1127 1156 1220 1183 solidis
1232 1165 1281 1192 pro
1295 1165 1386 1182 marca
1397 1155 1550 1187 solvendis,
1563 1161 1590 1182 et
1599 1177 1606 1188 ,
1619 1156 1691 1182 sicut
1700 1156 1734 1182 ab
1747 1156 1806 1191 ipso
1817 1155 1951 1183 Balduino

431 1205 491 1231 Rad
503 1204 556 1230 huc
569 1213 657 1239 usque
667 1203 812 1230 tenebatur
827 1205 853 1230 in
867 1205 982 1239 pignore
992 1225 998 1233 ,
1014 1204 1052 1230 ita
1065 1204 1100 1229 ab
1114 1205 1172 1238 ipsa
1185 1203 1325 1230 Ninive-nsi
1340 1202 1454 1229 ecclesia
1469 1203 1567 1229 amodo
1579 1203 1736 1235 tenebitur,
1754 1202 1842 1230 donec
1855 1203 1954 1239 aliquis

430 1262 509 1288 quem
521 1253 576 1287 ipsa
589 1251 693 1277 decima
704 1250 886 1277 haereditario
895 1251 960 1285 jure
971 1251 1105 1286 contingit
1116 1249 1267 1286 praefatam
1282 1251 1426 1286 pecuniam
1440 1251 1466 1276 in
1478 1250 1548 1276 sesto
1561 1250 1647 1276 sancti
1663 1250 1779 1276 Bavonis
1792 1255 1820 1277 et
1833 1260 1888 1277 non
1900 1251 1955 1277 alio

430 1306 551 1335 tempore
564 1299 680 1324 offerens
690 1319 696 1325 .
718 1300 803 1334 ipsam
816 1299 948 1325 decimam
961 1299 996 1325 de
1013 1308 1095 1325 manu
1113 1298 1243 1325 ecclesiae
1256 1298 1383 1324 redimat.
1405 1298 1466 1333 Ipse
1484 1307 1595 1333 quoque
1608 1297 1759 1324 Balduinus
1774 1298 1836 1323 Rad
1848 1302 1903 1324 tam
1921 1298 1956 1324 de

430 1348 520 1374 fructu
535 1346 653 1372 decimae
671 1355 751 1381 quam
770 1346 804 1372 de
821 1352 896 1372 sorte
914 1347 1047 1382 pecuniae
1063 1351 1159 1372 contra
1178 1355 1271 1372 omnes
1286 1346 1333 1381 qui
1348 1346 1406 1380 juri
1420 1351 1494 1371 stare
1511 1345 1650 1371 voluerint
1665 1345 1806 1381 praefatae
1820 1345 1952 1372 ecclesiae

432 1394 616 1420 warandisiam
632 1392 704 1419 ferre
719 1393 857 1419 tenebitur
867 1414 873 1424 ,
889 1398 915 1419 et
931 1394 1069 1419 munimen
1084 1393 1159 1428 quod
1173 1398 1204 1419 ut
1217 1393 1268 1419 sub
1285 1392 1425 1428 praedicta
1440 1391 1526 1418 forma
1540 1397 1630 1418 ratum
1646 1397 1673 1418 et
1684 1393 1877 1418 inconcussum
1891 1401 1955 1427 per—

431 1446 550 1468 maneat.
565 1451 693 1477 praesens
708 1441 839 1476 scriptum
850 1441 932 1477 sigilli
946 1441 998 1467 mei
1012 1442 1179 1476 appensione
1195 1444 1222 1467 et
1234 1441 1429 1467 canonicorum
1440 1440 1525 1475 ipsius
1535 1439 1664 1466 ecclesiae
1677 1445 1704 1466 et
1717 1439 1858 1466 hominum
1879 1449 1956 1466 meo-

433 1497 492 1514 rum
506 1489 658 1514 testimonio
667 1488 792 1514 duximus
803 1487 947 1514 roborare.
956 1488 1052 1514 Testes
1065 1488 1210 1514 Heinricus
1220 1508 1226 1515 ,
1237 1479 1351 1514 Daniel.
1368 1487 1540 1521 sacerdotes5
1554 1486 1692 1513 Gosuinus
1705 1486 1740 1513 de
1753 1486 1954 1514 scendelbeka.

432 1535 560 1570 Aegidius
572 1536 606 1562 de
616 1535 781 1562 Chemersake
792 1556 797 1562 .
810 1535 932 1571 Impinus
940 1535 974 1561 de
989 1534 1137 1571 Okenqhem
1148 1557 1154 1567 ‚
1170 1535 1284 1569 milites3
1300 1535 1440 1571 Rogerus;
1455 1534 1625 1568 Amelricus3
1639 1534 1759 1561 Colinus.
1773 1534 1934 1561 forestarius
1947 1546 1954 1569 3

433 1582 578 1608 Arnulsus.
600 1583 730 1608 notarius.
748 1583 845 1608 Actum
865 1591 937 1608 anno
956 1581 1075 1614 MCCXI,
1095 1583 1122 1608 in
1136 1582 1227 1619 vigilia
1240 1582 1314 1608 beati
1331 1581 1464 1608 Johannis
1482 1582 1635 1617 Baptistae.
1657 1582 1732 1617 apud
1753 1581 1906 1609 Lidekerke
1927 1582 1954 1608 in

434 1630 552 1656 oratorio
562 1651 568 1659 ,
585 1635 610 1655 et
624 1629 674 1655 hoc
693 1634 778 1655 totum
792 1628 894 1655 sactum
911 1634 952 1655 est
965 1629 1041 1656 salvo
1051 1629 1116 1663 jure
1135 1634 1241 1655 nostro.

1369 1675 1493 1706 Original.
1510 1683 1579 1699 sceau
1591 1675 1690 1699 deti-uit.

1155 1931 1224 1965 CV.

438 2029 586 2064 Gautz'er
602 2030 642 2064 de
657 2030 809 2077 Sotegsem
822 2030 936 2065 donne
953 2029 977 2064 ὰ
996 2031 1154 2078 l'ablmye
1168 2043 1239 2065 une
1257 2037 1349 2065 terre
1363 2030 1470 2065 situe'e
1488 2029 1512 2064 ἀ,
1540 2030 1949 2077 Velsicque.—Bocnou¹r.

1150 2210 1223 2233 1212.

474 2279 503 2304 ln
521 2280 627 2305 nomine
642 2285 751 2306 sanctae
764 2285 791 2305 et
804 2280 960 2307 individuae
975 2281 1127 2308 Trinitatis.
1145 2281 1202 2318 Ego
1214 2282 1341 2308 Galterus
1355 2283 1390 2309 de
1403 2282 1553 2319 Sollenqem
1566 2288 1595 2309 et.
1606 2291 1676 2308 uxor
1689 2291 1748 2308 mea
1762 2281 1882 2308 Riealdis
1897 2292 1958 2308 0111-

435 2326 514 2352 nibus
525 2326 575 2352 hoc
584 2327 715 2361 scriptum
729 2327 876 2353 lecturisin
888 2333 1062 2363 perpetuum.
1076 2329 1175 2355 Notum
1185 2329 1221 2355 sit
1234 2329 1426 2364 praesentibus
1434 2335 1462 2356 et
1473 2329 1587 2362 suturis,
1599 2328 1674 2365 quod
1683 2329 1796 2365 quidam
1806 2329 1842 2356 de
1855 2329 1936 2356 Gand
1946 2349 1954 2362 ,

435 2374 522 2399 dictus
536 2374 630 2399 Brama
640 2394 646 2403 ,
661 2383 722 2400 011111
736 2379 835 2400 terram
849 2384 930 2410 quam
944 2385 958 2401 a
971 2376 1048 2402 nobis
1062 2376 1205 2403 feodaliter
1216 2377 1327 2403 tenebat
1341 2378 1368 2403 in
1382 2377 1513 2413 parochia
1526 2377 1560 2403 de
1574 2376 1684 2403 Felseca
1696 2377 1724 2402 111
1735 2386 1832 2403 manus
1845 2381 1953 2403 nostras

437 2421 614 2455 resignasset,
629 2422 815 2448 consentiente
830 2423 943 2458 Aegidio
956 2422 1110 2458 Screilznse,
1123 2429 1150 2451 et
1163 2425 1298 2460 quidquid
1310 2425 1383 2459 juris
1395 2426 1422 2451 in
1440 2425 1492 2451 hac
1504 2430 1579 2451 terra
1589 2424 1709 2450 habebat
1724 2424 1873 2459 werpiente
1885 2445 1892 2453 ,
1904 2433 1955 2450 nos

439 2472 550 2501 propter
566 2477 624 2494 eam
638 2477 708 2503 quae
727 2470 754 2495 in
771 2469 886 2496 Domino
900 2476 942 2496 est
959 2471 1161 2506 adipiscendam
1181 2472 1297 2499 salutem
1308 2494 1315 2504 7
1337 2472 1488 2508 praefatam
1507 2477 1609 2498 terram
1627 2472 1757 2498 ecclesiae
1776 2465 1914 2498 Ninivensi
1927 2471 1954 2497 in

438 2519 594 2549 perpetuam
607 2514 803 2549 eleemosynam
814 2515 901 2543 libere
913 2517 1089 2544 contulimus.
1105 2518 1132 2545 Si
1147 2528 1212 2545 vero
1227 2529 1276 2554 pro
1296 2519 1347 2546 hac
1360 2519 1532 2554 eleemosyna
1547 2518 1647 2554 aliquis
1662 2518 1762 2545 fratres
1775 2518 1898 2552 ejusdem
1911 2527 1957 2544 ec-
