<?xml version="1.0" encoding="UTF-8"?>
<!DOCTYPE html PUBLIC "-//W3C//DTD XHTML 1.0 Transitional//EN"
    "http://www.w3.org/TR/xhtml1/DTD/xhtml1-transitional.dtd">
<html xmlns="http://www.w3.org/1999/xhtml" xml:lang="en" lang="en">
 <head>
  <title>
</title>
<meta http-equiv="Content-Type" content="text/html;charset=utf-8" />
  <meta name='ocr-system' content='tesseract 3.04.00' />
  <meta name='ocr-capabilities' content='ocr_page ocr_carea ocr_par ocr_line ocrx_word'/>
</head>
<body>
  <div class='ocr_page' id='page_1' title='image "./corpuschronicoru02smetuoft_0495.png"; bbox 0 0 2118 3184; ppageno 0'>
   <div class='ocr_carea' id='block_1_1' title="bbox 645 407 1654 447">
    <p class='ocr_par' dir='ltr' id='par_1_1' title="bbox 645 407 1654 447">
     <span class='ocr_line' id='line_1_1' title="bbox 645 407 1654 447; baseline 0.004 -5"><span class='ocrx_word' id='word_1_1' title='bbox 645 407 905 443; x_wconf 72' lang='lat' dir='ltr'>CHRoNlCON</span> <span class='ocrx_word' id='word_1_2' title='bbox 935 408 1144 443; x_wconf 73' lang='lat' dir='ltr'><strong>MUEVINI.</strong></span> <span class='ocrx_word' id='word_1_3' title='bbox 1584 413 1654 447; x_wconf 56' lang='lat'>463</span> 
     </span>
    </p>
   </div>
   <div class='ocr_carea' id='block_1_2' title="bbox 107 514 1654 2547">
    <p class='ocr_par' dir='ltr' id='par_1_2' title="bbox 129 514 1654 798">
     <span class='ocr_line' id='line_1_2' title="bbox 135 514 1654 566; baseline 0.003 -18"><span class='ocrx_word' id='word_1_4' title='bbox 135 526 213 548; x_wconf 90' lang='lat' dir='ltr'>rum</span> <span class='ocrx_word' id='word_1_5' title='bbox 225 515 385 562; x_wconf 75' lang='lat' dir='ltr'>gentium</span> <span class='ocrx_word' id='word_1_6' title='bbox 401 542 407 557; x_wconf 67' lang='lat'><em>‚</em></span> <span class='ocrx_word' id='word_1_7' title='bbox 426 514 505 548; x_wconf 85' lang='lat' dir='ltr'>ideo</span> <span class='ocrx_word' id='word_1_8' title='bbox 524 515 620 548; x_wconf 88' lang='lat' dir='ltr'>curia</span> <span class='ocrx_word' id='word_1_9' title='bbox 635 514 848 548; x_wconf 76' lang='lat' dir='ltr'>condemnat</span> <span class='ocrx_word' id='word_1_10' title='bbox 864 516 1094 562; x_wconf 73' lang='lat' dir='ltr'>praepositos7</span> <span class='ocrx_word' id='word_1_11' title='bbox 1106 516 1243 561; x_wconf 86' lang='lat' dir='ltr'>juratos</span> <span class='ocrx_word' id='word_1_12' title='bbox 1254 543 1263 559; x_wconf 56' lang='lat'>³</span> <span class='ocrx_word' id='word_1_13' title='bbox 1279 517 1458 562; x_wconf 75' lang='lat' dir='ltr'>scabinos,</span> <span class='ocrx_word' id='word_1_14' title='bbox 1478 519 1654 566; x_wconf 74' lang='lat' dir='ltr'>guberna-</span> 
     </span>
     <span class='ocr_line' id='line_1_3' title="bbox 135 573 1650 621; baseline 0.004 -15"><span class='ocrx_word' id='word_1_15' title='bbox 135 579 228 606; x_wconf 87' lang='lat' dir='ltr'>tores</span> <span class='ocrx_word' id='word_1_16' title='bbox 251 580 286 606; x_wconf 86' lang='lat' dir='ltr'>et</span> <span class='ocrx_word' id='word_1_17' title='bbox 312 580 422 607; x_wconf 86' lang='lat' dir='ltr'>totam</span> <span class='ocrx_word' id='word_1_18' title='bbox 450 573 690 607; x_wconf 83' lang='lat' dir='ltr'>communiam</span> <span class='ocrx_word' id='word_1_19' title='bbox 718 573 867 606; x_wconf 71' lang='lat' dir='ltr'>civitatis</span> <span class='ocrx_word' id='word_1_20' title='bbox 893 586 973 607; x_wconf 87' lang='lat' dir='ltr'>cmn</span> <span class='ocrx_word' id='word_1_21' title='bbox 1007 575 1216 620; x_wconf 77' lang='lat' dir='ltr'>corporibus</span> <span class='ocrx_word' id='word_1_22' title='bbox 1247 575 1440 621; x_wconf 61' lang='lat' dir='ltr'>perditam„</span> <span class='ocrx_word' id='word_1_23' title='bbox 1471 590 1511 611; x_wconf 83' lang='lat' dir='ltr'>ac</span> <span class='ocrx_word' id='word_1_24' title='bbox 1536 585 1650 612; x_wconf 85' lang='lat' dir='ltr'>totum</span> 
     </span>
     <span class='ocr_line' id='line_1_4' title="bbox 134 631 1651 678; baseline 0.005 -14"><span class='ocrx_word' id='word_1_25' title='bbox 134 637 265 664; x_wconf 85' lang='lat' dir='ltr'>statum</span> <span class='ocrx_word' id='word_1_26' title='bbox 281 631 429 665; x_wconf 73' lang='lat' dir='ltr'>civitatis</span> <span class='ocrx_word' id='word_1_27' title='bbox 443 638 478 664; x_wconf 89' lang='lat' dir='ltr'>et</span> <span class='ocrx_word' id='word_1_28' title='bbox 492 632 610 664; x_wconf 91' lang='lat' dir='ltr'>omnia</span> <span class='ocrx_word' id='word_1_29' title='bbox 626 631 719 665; x_wconf 92' lang='lat' dir='ltr'>bona</span> <span class='ocrx_word' id='word_1_30' title='bbox 737 632 788 665; x_wconf 77' lang='lat' dir='ltr'>vel</span> <span class='ocrx_word' id='word_1_31' title='bbox 799 633 880 677; x_wconf 74' lang='lat' dir='ltr'>jura</span> <span class='ocrx_word' id='word_1_32' title='bbox 896 633 1106 678; x_wconf 77' lang='lat' dir='ltr'>pertinentia</span> <span class='ocrx_word' id='word_1_33' title='bbox 1126 635 1373 669; x_wconf 76' lang='lat' dir='ltr'>communitati</span> <span class='ocrx_word' id='word_1_34' title='bbox 1388 648 1469 670; x_wconf 89' lang='lat' dir='ltr'>eum</span> <span class='ocrx_word' id='word_1_35' title='bbox 1486 637 1651 671; x_wconf 89' lang='lat' dir='ltr'>omnibus</span> 
     </span>
     <span class='ocr_line' id='line_1_5' title="bbox 129 689 1649 736; baseline 0.005 -13"><span class='ocrx_word' id='word_1_36' title='bbox 129 689 271 734; x_wconf 87' lang='lat' dir='ltr'>juribus</span> <span class='ocrx_word' id='word_1_37' title='bbox 284 702 376 736; x_wconf 81' lang='lat' dir='ltr'>quac</span> <span class='ocrx_word' id='word_1_38' title='bbox 390 690 541 724; x_wconf 84' lang='lat' dir='ltr'>habebat</span> <span class='ocrx_word' id='word_1_39' title='bbox 563 690 614 723; x_wconf 69' lang='lat' dir='ltr'>vel</span> <span class='ocrx_word' id='word_1_40' title='bbox 634 690 764 724; x_wconf 75' lang='lat' dir='ltr'>habere</span> <span class='ocrx_word' id='word_1_41' title='bbox 780 697 915 736; x_wconf 78' lang='lat' dir='ltr'>poterat</span> <span class='ocrx_word' id='word_1_42' title='bbox 931 697 1011 725; x_wconf 87' lang='lat' dir='ltr'>aute</span> <span class='ocrx_word' id='word_1_43' title='bbox 1030 693 1294 726; x_wconf 77' lang='lat' dir='ltr'>communitatis</span> <span class='ocrx_word' id='word_1_44' title='bbox 1309 694 1553 730; x_wconf 85' lang='lat' dir='ltr'>fundationem</span> <span class='ocrx_word' id='word_1_45' title='bbox 1568 708 1649 730; x_wconf 88' lang='lat' dir='ltr'>cum</span> 
     </span>
     <span class='ocr_line' id='line_1_6' title="bbox 133 748 1307 798; baseline 0.003 -17"><span class='ocrx_word' id='word_1_46' title='bbox 133 748 394 793; x_wconf 60' lang='lat' dir='ltr'>omnijustitia,</span> <span class='ocrx_word' id='word_1_47' title='bbox 412 755 447 782; x_wconf 88' lang='lat' dir='ltr'>et</span> <span class='ocrx_word' id='word_1_48' title='bbox 465 755 609 782; x_wconf 78' lang='lat' dir='ltr'>ari-estat</span> <span class='ocrx_word' id='word_1_49' title='bbox 629 748 817 782; x_wconf 77' lang='lat' dir='ltr'>confiscata</span> <span class='ocrx_word' id='word_1_50' title='bbox 831 755 864 782; x_wconf 87' lang='lat' dir='ltr'>et</span> <span class='ocrx_word' id='word_1_51' title='bbox 882 749 1057 795; x_wconf 85' lang='lat' dir='ltr'>applicata</span> <span class='ocrx_word' id='word_1_52' title='bbox 1071 750 1143 795; x_wconf 78' lang='lat' dir='ltr'>juri</span> <span class='ocrx_word' id='word_1_53' title='bbox 1162 751 1265 798; x_wconf 74' lang='lat' dir='ltr'>regis.</span> <span class='ocrx_word' id='word_1_54' title='bbox 1289 767 1307 784; x_wconf 91' lang='lat'>»</span> 
     </span>
    </p>

    <p class='ocr_par' dir='ltr' id='par_1_3' title="bbox 128 805 1652 1673">
     <span class='ocr_line' id='line_1_7' title="bbox 183 805 1652 856; baseline 0.004 -17"><span class='ocrx_word' id='word_1_55' title='bbox 183 806 242 839; x_wconf 85' lang='lat' dir='ltr'>His</span> <span class='ocrx_word' id='word_1_56' title='bbox 262 805 409 841; x_wconf 76' lang='lat' dir='ltr'>auditis.</span> <span class='ocrx_word' id='word_1_57' title='bbox 435 807 691 849; x_wconf 47' lang='lat' dir='ltr'>&#39;fornaci-uses.¹</span> <span class='ocrx_word' id='word_1_58' title='bbox 717 806 879 841; x_wconf 86' lang='lat' dir='ltr'>videlicet</span> <span class='ocrx_word' id='word_1_59' title='bbox 900 808 1053 853; x_wconf 86' lang='lat' dir='ltr'>populus</span> <span class='ocrx_word' id='word_1_60' title='bbox 1076 809 1294 845; x_wconf 44' lang='lat' dir='ltr'>conmuni&amp;</span> <span class='ocrx_word' id='word_1_61' title='bbox 1316 811 1432 856; x_wconf 87' lang='lat' dir='ltr'>primo</span> <span class='ocrx_word' id='word_1_62' title='bbox 1461 813 1652 848; x_wconf 83' lang='lat' dir='ltr'>noluerunt</span> 
     </span>
     <span class='ocr_line' id='line_1_8' title="bbox 132 863 1648 917; baseline 0.005 -20"><span class='ocrx_word' id='word_1_63' title='bbox 132 863 350 898; x_wconf 83' lang='lat' dir='ltr'>concordare</span> <span class='ocrx_word' id='word_1_64' title='bbox 363 863 461 910; x_wconf 91' lang='lat' dir='ltr'>quod</span> <span class='ocrx_word' id='word_1_65' title='bbox 475 865 595 898; x_wconf 80' lang='lat' dir='ltr'>civitas</span> <span class='ocrx_word' id='word_1_66' title='bbox 611 864 832 899; x_wconf 74' lang='lat' dir='ltr'>redderetur.</span> <span class='ocrx_word' id='word_1_67' title='bbox 851 865 1009 899; x_wconf 83' lang='lat' dir='ltr'>Tandem</span> <span class='ocrx_word' id='word_1_68' title='bbox 1022 865 1259 900; x_wconf 75' lang='lat' dir='ltr'>mediantibus</span> <span class='ocrx_word' id='word_1_69' title='bbox 1273 867 1441 902; x_wconf 71' lang='lat' dir='ltr'>divitibus</span> <span class='ocrx_word' id='word_1_70' title='bbox 1455 870 1631 917; x_wconf 83' lang='lat' dir='ltr'>aliquibus</span> <span class='ocrx_word' id='word_1_71' title='bbox 1641 900 1648 905; x_wconf 94' lang='lat'><em>.</em></span> 
     </span>
     <span class='ocr_line' id='line_1_9' title="bbox 134 921 1648 973; baseline 0.005 -17"><span class='ocrx_word' id='word_1_72' title='bbox 134 922 196 969; x_wconf 87' lang='lat' dir='ltr'>qui</span> <span class='ocrx_word' id='word_1_73' title='bbox 222 921 398 957; x_wconf 90' lang='lat' dir='ltr'>dominari</span> <span class='ocrx_word' id='word_1_74' title='bbox 425 924 595 969; x_wconf 86' lang='lat' dir='ltr'>putabant</span> <span class='ocrx_word' id='word_1_75' title='bbox 619 936 659 957; x_wconf 84' lang='lat' dir='ltr'>ac</span> <span class='ocrx_word' id='word_1_76' title='bbox 686 924 791 957; x_wconf 81' lang='lat' dir='ltr'>etiam</span> <span class='ocrx_word' id='word_1_77' title='bbox 816 924 942 958; x_wconf 87' lang='lat' dir='ltr'>timore</span> <span class='ocrx_word' id='word_1_78' title='bbox 966 924 1169 958; x_wconf 67' lang='lat' dir='ltr'>divitiarum</span> <span class='ocrx_word' id='word_1_79' title='bbox 1198 938 1342 960; x_wconf 86' lang='lat' dir='ltr'>suarum</span> <span class='ocrx_word' id='word_1_80' title='bbox 1368 927 1648 973; x_wconf 84' lang='lat' dir='ltr'>perdendarum.</span> 
     </span>
     <span class='ocr_line' id='line_1_10' title="bbox 132 981 1649 1030; baseline 0.005 -16"><span class='ocrx_word' id='word_1_81' title='bbox 132 981 348 1015; x_wconf 88' lang='lat' dir='ltr'>unanimiter</span> <span class='ocrx_word' id='word_1_82' title='bbox 366 989 621 1016; x_wconf 86' lang='lat' dir='ltr'>consenserunt</span> <span class='ocrx_word' id='word_1_83' title='bbox 639 989 677 1015; x_wconf 92' lang='lat' dir='ltr'>ut</span> <span class='ocrx_word' id='word_1_84' title='bbox 696 982 816 1016; x_wconf 79' lang='lat' dir='ltr'>civitas</span> <span class='ocrx_word' id='word_1_85' title='bbox 832 981 1043 1016; x_wconf 83' lang='lat' dir='ltr'>redderetur</span> <span class='ocrx_word' id='word_1_86' title='bbox 1066 983 1101 1016; x_wconf 93' lang='lat' dir='ltr'>in</span> <span class='ocrx_word' id='word_1_87' title='bbox 1125 996 1231 1017; x_wconf 90' lang='lat' dir='ltr'>manu</span> <span class='ocrx_word' id='word_1_88' title='bbox 1253 985 1399 1030; x_wconf 84' lang='lat' dir='ltr'>praefati</span> <span class='ocrx_word' id='word_1_89' title='bbox 1418 986 1548 1021; x_wconf 90' lang='lat' dir='ltr'>militis.</span> <span class='ocrx_word' id='word_1_90' title='bbox 1571 988 1649 1022; x_wconf 87' lang='lat' dir='ltr'>Post</span> 
     </span>
     <span class='ocr_line' id='line_1_11' title="bbox 132 1039 1648 1087; baseline 0.004 -13"><span class='ocrx_word' id='word_1_91' title='bbox 132 1039 221 1074; x_wconf 84' lang='lat' dir='ltr'>haec</span> <span class='ocrx_word' id='word_1_92' title='bbox 234 1039 328 1074; x_wconf 89' lang='lat' dir='ltr'>idem</span> <span class='ocrx_word' id='word_1_93' title='bbox 345 1041 443 1074; x_wconf 84' lang='lat' dir='ltr'>miles</span> <span class='ocrx_word' id='word_1_94' title='bbox 458 1041 493 1074; x_wconf 89' lang='lat' dir='ltr'>in</span> <span class='ocrx_word' id='word_1_95' title='bbox 509 1041 688 1075; x_wconf 86' lang='lat' dir='ltr'>Franciam</span> <span class='ocrx_word' id='word_1_96' title='bbox 703 1053 862 1075; x_wconf 83' lang='lat' dir='ltr'>reversus</span> <span class='ocrx_word' id='word_1_97' title='bbox 876 1041 1017 1087; x_wconf 83' lang='lat' dir='ltr'>reliquit</span> <span class='ocrx_word' id='word_1_98' title='bbox 1034 1041 1314 1076; x_wconf 74' lang='lat' dir='ltr'>&#39;fornacensibus</span> <span class='ocrx_word' id='word_1_99' title='bbox 1329 1055 1439 1078; x_wconf 89' lang='lat' dir='ltr'>unum</span> <span class='ocrx_word' id='word_1_100' title='bbox 1457 1051 1628 1079; x_wconf 87' lang='lat' dir='ltr'>rectorem</span> <span class='ocrx_word' id='word_1_101' title='bbox 1641 1073 1648 1079; x_wconf 92' lang='lat'>.</span> 
     </span>
     <span class='ocr_line' id='line_1_12' title="bbox 132 1098 1650 1152; baseline 0.004 -20"><span class='ocrx_word' id='word_1_102' title='bbox 132 1098 277 1132; x_wconf 88' lang='lat' dir='ltr'>nomine</span> <span class='ocrx_word' id='word_1_103' title='bbox 300 1099 445 1132; x_wconf 88' lang='lat' dir='ltr'>Petrum</span> <span class='ocrx_word' id='word_1_104' title='bbox 464 1099 506 1132; x_wconf 77' lang='lat' dir='ltr'>cle</span> <span class='ocrx_word' id='word_1_105' title='bbox 527 1099 554 1132; x_wconf 77' lang='lat' dir='ltr'>le</span> <span class='ocrx_word' id='word_1_106' title='bbox 573 1098 761 1140; x_wconf 65' lang='lat' dir='ltr'>Mar-liert»,</span> <span class='ocrx_word' id='word_1_107' title='bbox 784 1105 960 1145; x_wconf 87' lang='lat' dir='ltr'>quatenus</span> <span class='ocrx_word' id='word_1_108' title='bbox 983 1111 1042 1133; x_wconf 86' lang='lat' dir='ltr'>eos</span> <span class='ocrx_word' id='word_1_109' title='bbox 1066 1112 1178 1145; x_wconf 82' lang='lat' dir='ltr'>usque</span> <span class='ocrx_word' id='word_1_110' title='bbox 1198 1099 1243 1134; x_wconf 86' lang='lat' dir='ltr'>ad</span> <span class='ocrx_word' id='word_1_111' title='bbox 1269 1102 1532 1147; x_wconf 84' lang='lat' dir='ltr'>responsionem</span> <span class='ocrx_word' id='word_1_112' title='bbox 1561 1105 1650 1152; x_wconf 75' lang='lat' dir='ltr'>regis</span> 
     </span>
     <span class='ocr_line' id='line_1_13' title="bbox 132 1157 1650 1206; baseline 0.004 -16"><span class='ocrx_word' id='word_1_113' title='bbox 132 1163 281 1205; x_wconf 76' lang='lat' dir='ltr'>regeret.</span> <span class='ocrx_word' id='word_1_114' title='bbox 303 1157 430 1191; x_wconf 85' lang='lat' dir='ltr'>Postea</span> <span class='ocrx_word' id='word_1_115' title='bbox 448 1170 530 1191; x_wconf 79' lang='lat' dir='ltr'>vero</span> <span class='ocrx_word' id='word_1_116' title='bbox 549 1158 735 1203; x_wconf 89' lang='lat' dir='ltr'>impetrata</span> <span class='ocrx_word' id='word_1_117' title='bbox 750 1158 818 1191; x_wconf 88' lang='lat' dir='ltr'>fuit</span> <span class='ocrx_word' id='word_1_118' title='bbox 830 1170 850 1191; x_wconf 92' lang='lat' dir='ltr'>a</span> <span class='ocrx_word' id='word_1_119' title='bbox 868 1170 950 1205; x_wconf 74' lang='lat' dir='ltr'>rege</span> <span class='ocrx_word' id='word_1_120' title='bbox 962 1157 1138 1203; x_wconf 80' lang='lat' dir='ltr'>quaedam</span> <span class='ocrx_word' id='word_1_121' title='bbox 1157 1159 1269 1205; x_wconf 70' lang='lat' dir='ltr'>gratia</span> <span class='ocrx_word' id='word_1_122' title='bbox 1283 1185 1292 1201; x_wconf 72' lang='grc'>,</span> <span class='ocrx_word' id='word_1_123' title='bbox 1312 1172 1374 1204; x_wconf 87' lang='lat' dir='ltr'>per</span> <span class='ocrx_word' id='word_1_124' title='bbox 1389 1173 1495 1206; x_wconf 88' lang='lat' dir='ltr'>quam</span> <span class='ocrx_word' id='word_1_125' title='bbox 1511 1162 1650 1196; x_wconf 89' lang='lat' dir='ltr'>reddita</span> 
     </span>
     <span class='ocr_line' id='line_1_14' title="bbox 132 1215 1650 1261; baseline 0.004 -13"><span class='ocrx_word' id='word_1_126' title='bbox 132 1215 201 1248; x_wconf 88' lang='lat' dir='ltr'>fuit</span> <span class='ocrx_word' id='word_1_127' title='bbox 213 1216 262 1249; x_wconf 88' lang='lat' dir='ltr'>eis</span> <span class='ocrx_word' id='word_1_128' title='bbox 275 1215 478 1249; x_wconf 88' lang='lat' dir='ltr'>eommunia</span> <span class='ocrx_word' id='word_1_129' title='bbox 497 1221 531 1248; x_wconf 87' lang='lat' dir='ltr'>et</span> <span class='ocrx_word' id='word_1_130' title='bbox 550 1227 720 1261; x_wconf 89' lang='lat' dir='ltr'>campana</span> <span class='ocrx_word' id='word_1_131' title='bbox 734 1215 1000 1249; x_wconf 84' lang='lat' dir='ltr'>communitatis</span> <span class='ocrx_word' id='word_1_132' title='bbox 1018 1222 1053 1248; x_wconf 86' lang='lat' dir='ltr'>et</span> <span class='ocrx_word' id='word_1_133' title='bbox 1071 1215 1185 1249; x_wconf 89' lang='lat' dir='ltr'>omnis</span> <span class='ocrx_word' id='word_1_134' title='bbox 1195 1216 1331 1261; x_wconf 82' lang='lat' dir='ltr'>justitia</span> <span class='ocrx_word' id='word_1_135' title='bbox 1346 1217 1391 1251; x_wconf 89' lang='lat' dir='ltr'>ad</span> <span class='ocrx_word' id='word_1_136' title='bbox 1405 1230 1490 1252; x_wconf 89' lang='lat' dir='ltr'>usus</span> <span class='ocrx_word' id='word_1_137' title='bbox 1509 1227 1544 1253; x_wconf 88' lang='lat' dir='ltr'>et</span> <span class='ocrx_word' id='word_1_138' title='bbox 1563 1233 1650 1254; x_wconf 89' lang='lat' dir='ltr'>con-</span> 
     </span>
     <span class='ocr_line' id='line_1_15' title="bbox 133 1273 1649 1325; baseline 0.004 -18"><span class='ocrx_word' id='word_1_139' title='bbox 133 1273 338 1307; x_wconf 88' lang='lat' dir='ltr'>suetudines</span> <span class='ocrx_word' id='word_1_140' title='bbox 351 1274 518 1316; x_wconf 62' lang='lat' dir='ltr'>civitatis7</span> <span class='ocrx_word' id='word_1_141' title='bbox 539 1274 692 1319; x_wconf 78' lang='lat' dir='ltr'>exceptis</span> <span class='ocrx_word' id='word_1_142' title='bbox 711 1274 918 1320; x_wconf 83' lang='lat' dir='ltr'>praepositis</span> <span class='ocrx_word' id='word_1_143' title='bbox 936 1280 970 1306; x_wconf 84' lang='lat' dir='ltr'>et</span> <span class='ocrx_word' id='word_1_144' title='bbox 989 1274 1107 1307; x_wconf 88' lang='lat' dir='ltr'>banno</span> <span class='ocrx_word' id='word_1_145' title='bbox 1126 1281 1310 1308; x_wconf 87' lang='lat' dir='ltr'>consueto.</span> <span class='ocrx_word' id='word_1_146' title='bbox 1326 1276 1510 1311; x_wconf 83' lang='lat' dir='ltr'>Praefatus</span> <span class='ocrx_word' id='word_1_147' title='bbox 1530 1279 1649 1325; x_wconf 88' lang='lat' dir='ltr'>itaque</span> 
     </span>
     <span class='ocr_line' id='line_1_16' title="bbox 134 1331 1651 1382; baseline 0.005 -17"><span class='ocrx_word' id='word_1_148' title='bbox 134 1337 250 1366; x_wconf 79' lang='lat' dir='ltr'>rector</span> <span class='ocrx_word' id='word_1_149' title='bbox 269 1331 395 1365; x_wconf 82' lang='lat' dir='ltr'>Petrus</span> <span class='ocrx_word' id='word_1_150' title='bbox 413 1343 432 1365; x_wconf 88' lang='lat' dir='ltr'>a</span> <span class='ocrx_word' id='word_1_151' title='bbox 454 1343 536 1379; x_wconf 78' lang='lat' dir='ltr'>rege</span> <span class='ocrx_word' id='word_1_152' title='bbox 555 1331 768 1365; x_wconf 86' lang='lat' dir='ltr'>constitutus</span> <span class='ocrx_word' id='word_1_153' title='bbox 787 1332 1006 1379; x_wconf 80' lang='lat' dir='ltr'>gubernator</span> <span class='ocrx_word' id='word_1_154' title='bbox 1029 1331 1278 1375; x_wconf 64' lang='lat' dir='ltr'>Tornaeensis,</span> <span class='ocrx_word' id='word_1_155' title='bbox 1302 1333 1446 1380; x_wconf 87' lang='lat' dir='ltr'>insuper</span> <span class='ocrx_word' id='word_1_156' title='bbox 1465 1348 1651 1382; x_wconf 87' lang='lat' dir='ltr'>supremus</span> 
     </span>
     <span class='ocr_line' id='line_1_17' title="bbox 133 1389 1650 1442; baseline 0.004 -18"><span class='ocrx_word' id='word_1_157' title='bbox 133 1389 282 1424; x_wconf 87' lang='lat' dir='ltr'>ballivus</span> <span class='ocrx_word' id='word_1_158' title='bbox 300 1390 509 1433; x_wconf 69' lang='lat' dir='ltr'>Iusulensis,</span> <span class='ocrx_word' id='word_1_159' title='bbox 532 1390 741 1432; x_wconf 50' lang='lat' dir='ltr'>Duaceusis5</span> <span class='ocrx_word' id='word_1_160' title='bbox 767 1390 1016 1424; x_wconf 87' lang='lat' dir='ltr'>Bethunieusis</span> <span class='ocrx_word' id='word_1_161' title='bbox 1039 1397 1074 1424; x_wconf 88' lang='lat' dir='ltr'>et</span> <span class='ocrx_word' id='word_1_162' title='bbox 1097 1391 1211 1424; x_wconf 85' lang='lat' dir='ltr'>omnis</span> <span class='ocrx_word' id='word_1_163' title='bbox 1229 1398 1342 1426; x_wconf 86' lang='lat' dir='ltr'>terrae</span> <span class='ocrx_word' id='word_1_164' title='bbox 1360 1394 1476 1441; x_wconf 78' lang='lat' dir='ltr'>regiae</span> <span class='ocrx_word' id='word_1_165' title='bbox 1495 1397 1650 1442; x_wconf 89' lang='lat' dir='ltr'>acquisi-</span> 
     </span>
     <span class='ocr_line' id='line_1_18' title="bbox 128 1447 1648 1501; baseline 0.005 -19"><span class='ocrx_word' id='word_1_166' title='bbox 128 1454 204 1492; x_wconf 73' lang='lat' dir='ltr'>tae7</span> <span class='ocrx_word' id='word_1_167' title='bbox 221 1448 376 1494; x_wconf 85' lang='lat' dir='ltr'>praefuit</span> <span class='ocrx_word' id='word_1_168' title='bbox 390 1449 490 1482; x_wconf 90' lang='lat' dir='ltr'>annis</span> <span class='ocrx_word' id='word_1_169' title='bbox 503 1455 671 1495; x_wconf 87' lang='lat' dir='ltr'>quatuor.</span> <span class='ocrx_word' id='word_1_170' title='bbox 693 1448 774 1489; x_wconf 86' lang='lat' dir='ltr'>Quo</span> <span class='ocrx_word' id='word_1_171' title='bbox 790 1460 855 1494; x_wconf 88' lang='lat' dir='ltr'>pro</span> <span class='ocrx_word' id='word_1_172' title='bbox 873 1447 1089 1494; x_wconf 88' lang='lat' dir='ltr'>quibusdam</span> <span class='ocrx_word' id='word_1_173' title='bbox 1108 1449 1306 1484; x_wconf 80' lang='lat' dir='ltr'>excessibus</span> <span class='ocrx_word' id='word_1_174' title='bbox 1325 1457 1359 1484; x_wconf 91' lang='lat' dir='ltr'>et</span> <span class='ocrx_word' id='word_1_175' title='bbox 1376 1453 1565 1500; x_wconf 84' lang='lat' dir='ltr'>praecipue</span> <span class='ocrx_word' id='word_1_176' title='bbox 1584 1467 1648 1501; x_wconf 87' lang='lat' dir='ltr'>pro</span> 
     </span>
     <span class='ocr_line' id='line_1_19' title="bbox 130 1506 1648 1558; baseline 0.004 -17"><span class='ocrx_word' id='word_1_177' title='bbox 130 1506 288 1554; x_wconf 89' lang='lat' dir='ltr'>quodam</span> <span class='ocrx_word' id='word_1_178' title='bbox 307 1507 480 1541; x_wconf 89' lang='lat' dir='ltr'>Balduino</span> <span class='ocrx_word' id='word_1_179' title='bbox 501 1506 545 1541; x_wconf 84' lang='lat' dir='ltr'>de</span> <span class='ocrx_word' id='word_1_180' title='bbox 565 1507 684 1550; x_wconf 71' lang='lat' dir='ltr'>fllede,</span> <span class='ocrx_word' id='word_1_181' title='bbox 711 1520 820 1554; x_wconf 89' lang='lat' dir='ltr'>quem</span> <span class='ocrx_word' id='word_1_182' title='bbox 844 1507 978 1553; x_wconf 81' lang='lat' dir='ltr'>absque</span> <span class='ocrx_word' id='word_1_183' title='bbox 1004 1507 1079 1555; x_wconf 70' lang='lat' dir='ltr'>lege</span> <span class='ocrx_word' id='word_1_184' title='bbox 1102 1514 1136 1541; x_wconf 87' lang='lat' dir='ltr'>et</span> <span class='ocrx_word' id='word_1_185' title='bbox 1156 1507 1292 1553; x_wconf 88' lang='lat' dir='ltr'>judicio</span> <span class='ocrx_word' id='word_1_186' title='bbox 1317 1510 1409 1544; x_wconf 85' lang='lat' dir='ltr'>trahi</span> <span class='ocrx_word' id='word_1_187' title='bbox 1428 1518 1464 1544; x_wconf 89' lang='lat' dir='ltr'>et</span> <span class='ocrx_word' id='word_1_188' title='bbox 1481 1514 1648 1558; x_wconf 82' lang='lat' dir='ltr'>suspendi</span> 
     </span>
     <span class='ocr_line' id='line_1_20' title="bbox 131 1566 1651 1612; baseline 0.004 -12"><span class='ocrx_word' id='word_1_189' title='bbox 131 1566 282 1609; x_wconf 77' lang='lat' dir='ltr'>fecerat7</span> <span class='ocrx_word' id='word_1_190' title='bbox 304 1578 368 1612; x_wconf 89' lang='lat' dir='ltr'>per</span> <span class='ocrx_word' id='word_1_191' title='bbox 387 1567 521 1600; x_wconf 89' lang='lat' dir='ltr'>curiam</span> <span class='ocrx_word' id='word_1_192' title='bbox 545 1567 581 1600; x_wconf 89' lang='lat' dir='ltr'>iu</span> <span class='ocrx_word' id='word_1_193' title='bbox 602 1567 821 1612; x_wconf 88' lang='lat' dir='ltr'>parlamento</span> <span class='ocrx_word' id='word_1_194' title='bbox 844 1566 1029 1600; x_wconf 86' lang='lat' dir='ltr'>Parisiensi</span> <span class='ocrx_word' id='word_1_195' title='bbox 1054 1572 1191 1610; x_wconf 62' lang='lat' dir='ltr'>amoto7</span> <span class='ocrx_word' id='word_1_196' title='bbox 1217 1569 1384 1603; x_wconf 87' lang='lat' dir='ltr'>successit</span> <span class='ocrx_word' id='word_1_197' title='bbox 1401 1569 1431 1603; x_wconf 90' lang='lat' dir='ltr'>ei</span> <span class='ocrx_word' id='word_1_198' title='bbox 1454 1571 1581 1605; x_wconf 87' lang='lat' dir='ltr'>nobilis</span> <span class='ocrx_word' id='word_1_199' title='bbox 1599 1573 1651 1606; x_wconf 73' lang='lat' dir='ltr'>vir</span> 
     </span>
     <span class='ocr_line' id='line_1_21' title="bbox 132 1624 1650 1673; baseline 0.003 -14"><span class='ocrx_word' id='word_1_200' title='bbox 132 1624 335 1660; x_wconf 88' lang='lat' dir='ltr'>Fredericus</span> <span class='ocrx_word' id='word_1_201' title='bbox 359 1625 404 1659; x_wconf 90' lang='lat' dir='ltr'>de</span> <span class='ocrx_word' id='word_1_202' title='bbox 426 1625 643 1671; x_wconf 64' lang='lat' dir='ltr'>Denysz&#39;czce7</span> <span class='ocrx_word' id='word_1_203' title='bbox 674 1626 735 1672; x_wconf 87' lang='lat' dir='ltr'>qui</span> <span class='ocrx_word' id='word_1_204' title='bbox 761 1626 980 1673; x_wconf 78' lang='lat' dir='ltr'>gubernator</span> <span class='ocrx_word' id='word_1_205' title='bbox 1002 1625 1133 1658; x_wconf 80' lang='lat' dir='ltr'>exstitit</span> <span class='ocrx_word' id='word_1_206' title='bbox 1159 1625 1232 1659; x_wconf 86' lang='lat' dir='ltr'>fere</span> <span class='ocrx_word' id='word_1_207' title='bbox 1258 1626 1400 1662; x_wconf 88' lang='lat' dir='ltr'>duobus</span> <span class='ocrx_word' id='word_1_208' title='bbox 1426 1629 1539 1663; x_wconf 91' lang='lat' dir='ltr'>annis.</span> <span class='ocrx_word' id='word_1_209' title='bbox 1567 1631 1650 1664; x_wconf 83' lang='lat' dir='ltr'>Post</span> 
     </span>
    </p>

    <p class='ocr_par' dir='ltr' id='par_1_4' title="bbox 107 1683 1648 1907">
     <span class='ocr_line' id='line_1_22' title="bbox 107 1683 1647 1731; baseline 0.003 -13"><span class='ocrx_word' id='word_1_210' title='bbox 107 1723 109 1725; x_wconf 21' lang='lat'><strong><em>¹</em></strong></span> <span class='ocrx_word' id='word_1_211' title='bbox 130 1684 228 1718; x_wconf 89' lang='lat' dir='ltr'>hunc</span> <span class='ocrx_word' id='word_1_212' title='bbox 246 1684 402 1730; x_wconf 84' lang='lat' dir='ltr'>praefuit</span> <span class='ocrx_word' id='word_1_213' title='bbox 419 1683 639 1718; x_wconf 89' lang='lat' dir='ltr'>Godemarus</span> <span class='ocrx_word' id='word_1_214' title='bbox 660 1684 743 1718; x_wconf 76' lang='lat' dir='ltr'>Dou</span> <span class='ocrx_word' id='word_1_215' title='bbox 764 1684 874 1731; x_wconf 69' lang='lat' dir='ltr'>Fayt,</span> <span class='ocrx_word' id='word_1_216' title='bbox 897 1696 1009 1730; x_wconf 90' lang='lat' dir='ltr'>usque</span> <span class='ocrx_word' id='word_1_217' title='bbox 1033 1683 1077 1718; x_wconf 88' lang='lat' dir='ltr'>ad</span> <span class='ocrx_word' id='word_1_218' title='bbox 1099 1696 1233 1718; x_wconf 86' lang='lat' dir='ltr'>annum</span> <span class='ocrx_word' id='word_1_219' title='bbox 1259 1686 1399 1721; x_wconf 87' lang='lat' dir='ltr'>Domini</span> <span class='ocrx_word' id='word_1_220' title='bbox 1423 1688 1647 1723; x_wconf 88' lang='lat' dir='ltr'>millesimum</span> 
     </span>
     <span class='ocr_line' id='line_1_23' title="bbox 127 1742 1648 1793; baseline 0.003 -16"><span class='ocrx_word' id='word_1_221' title='bbox 127 1743 416 1777; x_wconf 86' lang='lat' dir='ltr'>trecentesimum</span> <span class='ocrx_word' id='word_1_222' title='bbox 433 1742 767 1791; x_wconf 66' lang='lat' dir='ltr'>quadragesimumg</span> <span class='ocrx_word' id='word_1_223' title='bbox 789 1750 824 1777; x_wconf 86' lang='lat' dir='ltr'>et</span> <span class='ocrx_word' id='word_1_224' title='bbox 841 1750 927 1777; x_wconf 89' lang='lat' dir='ltr'>tunc</span> <span class='ocrx_word' id='word_1_225' title='bbox 946 1742 1070 1777; x_wconf 88' lang='lat' dir='ltr'>eadem</span> <span class='ocrx_word' id='word_1_226' title='bbox 1089 1743 1210 1777; x_wconf 83' lang='lat' dir='ltr'>civitas</span> <span class='ocrx_word' id='word_1_227' title='bbox 1231 1744 1462 1780; x_wconf 84' lang='lat' dir='ltr'>Tornacensis</span> <span class='ocrx_word' id='word_1_228' title='bbox 1482 1759 1547 1793; x_wconf 86' lang='lat' dir='ltr'>pro</span> <span class='ocrx_word' id='word_1_229' title='bbox 1570 1748 1648 1782; x_wconf 85' lang='lat' dir='ltr'>lau-</span> 
     </span>
     <span class='ocr_line' id='line_1_24' title="bbox 129 1800 1648 1851; baseline 0.003 -16"><span class='ocrx_word' id='word_1_230' title='bbox 129 1801 236 1835; x_wconf 84' lang='lat' dir='ltr'>dabili</span> <span class='ocrx_word' id='word_1_231' title='bbox 255 1813 296 1836; x_wconf 91' lang='lat' dir='ltr'>ac</span> <span class='ocrx_word' id='word_1_232' title='bbox 315 1807 416 1849; x_wconf 77' lang='lat' dir='ltr'>grato</span> <span class='ocrx_word' id='word_1_233' title='bbox 438 1801 578 1835; x_wconf 86' lang='lat' dir='ltr'>servitio</span> <span class='ocrx_word' id='word_1_234' title='bbox 598 1801 697 1848; x_wconf 89' lang='lat' dir='ltr'>quod</span> <span class='ocrx_word' id='word_1_235' title='bbox 717 1801 888 1847; x_wconf 87' lang='lat' dir='ltr'>majestati</span> <span class='ocrx_word' id='word_1_236' title='bbox 908 1802 1024 1849; x_wconf 78' lang='lat' dir='ltr'>regiae</span> <span class='ocrx_word' id='word_1_237' title='bbox 1042 1800 1194 1835; x_wconf 85' lang='lat' dir='ltr'>fideliter</span> <span class='ocrx_word' id='word_1_238' title='bbox 1212 1802 1421 1838; x_wconf 75' lang='lat' dir='ltr'>exhibuerat</span> <span class='ocrx_word' id='word_1_239' title='bbox 1433 1831 1441 1847; x_wconf 58' lang='lat'>7</span> <span class='ocrx_word' id='word_1_240' title='bbox 1459 1811 1499 1839; x_wconf 88' lang='lat' dir='ltr'>ut</span> <span class='ocrx_word' id='word_1_241' title='bbox 1513 1807 1648 1851; x_wconf 87' lang='lat' dir='ltr'>patebit</span> 
     </span>
     <span class='ocr_line' id='line_1_25' title="bbox 130 1859 1178 1907; baseline 0 -14"><span class='ocrx_word' id='word_1_242' title='bbox 130 1859 299 1902; x_wconf 69' lang='lat' dir='ltr'>iuferius,</span> <span class='ocrx_word' id='word_1_243' title='bbox 320 1859 364 1894; x_wconf 91' lang='lat' dir='ltr'>ad</span> <span class='ocrx_word' id='word_1_244' title='bbox 380 1859 563 1905; x_wconf 84' lang='lat' dir='ltr'>pristinam</span> <span class='ocrx_word' id='word_1_245' title='bbox 582 1866 617 1893; x_wconf 90' lang='lat' dir='ltr'>et</span> <span class='ocrx_word' id='word_1_246' title='bbox 634 1860 818 1906; x_wconf 87' lang='lat' dir='ltr'>antiquam</span> <span class='ocrx_word' id='word_1_247' title='bbox 833 1859 938 1894; x_wconf 87' lang='lat' dir='ltr'>rediit</span> <span class='ocrx_word' id='word_1_248' title='bbox 956 1859 1178 1907; x_wconf 78' lang='lat' dir='ltr'>dignitatem.</span> 
     </span>
    </p>

    <p class='ocr_par' dir='ltr' id='par_1_5' title="bbox 129 1916 1651 2023">
     <span class='ocr_line' id='line_1_26' title="bbox 179 1916 1651 1965; baseline 0.004 -14"><span class='ocrx_word' id='word_1_249' title='bbox 179 1916 312 1952; x_wconf 90' lang='lat' dir='ltr'>Eodem</span> <span class='ocrx_word' id='word_1_250' title='bbox 328 1929 441 1961; x_wconf 69' lang='lat' dir='ltr'>anno,</span> <span class='ocrx_word' id='word_1_251' title='bbox 461 1923 559 1951; x_wconf 86' lang='lat' dir='ltr'>tanta</span> <span class='ocrx_word' id='word_1_252' title='bbox 574 1918 643 1952; x_wconf 83' lang='lat' dir='ltr'>fuit</span> <span class='ocrx_word' id='word_1_253' title='bbox 655 1917 872 1952; x_wconf 83' lang='lat' dir='ltr'>abundantia</span> <span class='ocrx_word' id='word_1_254' title='bbox 889 1918 957 1951; x_wconf 86' lang='lat' dir='ltr'>vini</span> <span class='ocrx_word' id='word_1_255' title='bbox 973 1918 1171 1963; x_wconf 71' lang='lat' dir='ltr'>inopinata,</span> <span class='ocrx_word' id='word_1_256' title='bbox 1187 1918 1286 1965; x_wconf 87' lang='lat' dir='ltr'>quod</span> <span class='ocrx_word' id='word_1_257' title='bbox 1300 1919 1394 1954; x_wconf 84' lang='lat' dir='ltr'>dolia</span> <span class='ocrx_word' id='word_1_258' title='bbox 1409 1921 1651 1957; x_wconf 79' lang='lat' dir='ltr'>vendebantur</span> 
     </span>
     <span class='ocr_line' id='line_1_27' title="bbox 129 1975 1200 2023; baseline 0 -13"><span class='ocrx_word' id='word_1_259' title='bbox 129 1982 285 2023; x_wconf 87' lang='lat' dir='ltr'>quatuor</span> <span class='ocrx_word' id='word_1_260' title='bbox 303 1982 338 2009; x_wconf 86' lang='lat' dir='ltr'>et</span> <span class='ocrx_word' id='word_1_261' title='bbox 355 1975 480 2023; x_wconf 74' lang='lat' dir='ltr'>viginti</span> <span class='ocrx_word' id='word_1_262' title='bbox 494 1975 613 2010; x_wconf 87' lang='lat' dir='ltr'>solidis</span> <span class='ocrx_word' id='word_1_263' title='bbox 632 1976 887 2010; x_wconf 88' lang='lat' dir='ltr'>Parisiensibus</span> <span class='ocrx_word' id='word_1_264' title='bbox 906 1976 1006 2010; x_wconf 88' lang='lat' dir='ltr'>fortis</span> <span class='ocrx_word' id='word_1_265' title='bbox 1025 1983 1200 2010; x_wconf 88' lang='lat' dir='ltr'>monetae.</span> 
     </span>
    </p>

    <p class='ocr_par' dir='ltr' id='par_1_6' title="bbox 130 2034 1650 2256">
     <span class='ocr_line' id='line_1_28' title="bbox 179 2034 1646 2082; baseline 0.003 -14"><span class='ocrx_word' id='word_1_266' title='bbox 179 2035 282 2068; x_wconf 89' lang='lat' dir='ltr'>Anno</span> <span class='ocrx_word' id='word_1_267' title='bbox 313 2034 455 2068; x_wconf 90' lang='lat' dir='ltr'>Domini</span> <span class='ocrx_word' id='word_1_268' title='bbox 483 2034 769 2078; x_wconf 68' lang='lat' dir='ltr'>MCCCXXXHI,</span> <span class='ocrx_word' id='word_1_269' title='bbox 804 2047 924 2069; x_wconf 86' lang='lat' dir='ltr'>mense</span> <span class='ocrx_word' id='word_1_270' title='bbox 952 2035 1079 2081; x_wconf 69' lang='lat' dir='ltr'>Aprili7</span> <span class='ocrx_word' id='word_1_271' title='bbox 1114 2036 1327 2071; x_wconf 83' lang='lat' dir='ltr'>Guillermus</span> <span class='ocrx_word' id='word_1_272' title='bbox 1355 2037 1399 2072; x_wconf 87' lang='lat' dir='ltr'>de</span> <span class='ocrx_word' id='word_1_273' title='bbox 1434 2038 1646 2082; x_wconf 68' lang='lat' dir='ltr'>Ventaclonr,</span> 
     </span>
     <span class='ocr_line' id='line_1_29' title="bbox 131 2092 1650 2138; baseline 0.004 -12"><span class='ocrx_word' id='word_1_274' title='bbox 131 2092 361 2127; x_wconf 71' lang='lat' dir='ltr'>&#39;romanensis</span> <span class='ocrx_word' id='word_1_275' title='bbox 380 2092 583 2138; x_wconf 62' lang='lat' dir='ltr'>episcopus,</span> <span class='ocrx_word' id='word_1_276' title='bbox 601 2092 696 2126; x_wconf 90' lang='lat' dir='ltr'>diem</span> <span class='ocrx_word' id='word_1_277' title='bbox 716 2093 842 2127; x_wconf 83' lang='lat' dir='ltr'>clausit</span> <span class='ocrx_word' id='word_1_278' title='bbox 858 2099 1069 2126; x_wconf 84' lang='lat' dir='ltr'>extremum.</span> <span class='ocrx_word' id='word_1_279' title='bbox 1084 2093 1154 2134; x_wconf 82' lang='lat' dir='ltr'>Qui</span> <span class='ocrx_word' id='word_1_280' title='bbox 1170 2094 1286 2128; x_wconf 81' lang='lat' dir='ltr'>fuerat</span> <span class='ocrx_word' id='word_1_281' title='bbox 1303 2096 1499 2130; x_wconf 85' lang='lat' dir='ltr'>monachus</span> <span class='ocrx_word' id='word_1_282' title='bbox 1513 2097 1650 2132; x_wconf 85' lang='lat' dir='ltr'>Clunia-</span> 
     </span>
     <span class='ocr_line' id='line_1_30' title="bbox 130 2151 1648 2202; baseline 0.005 -18"><span class='ocrx_word' id='word_1_283' title='bbox 130 2151 260 2192; x_wconf 68' lang='lat' dir='ltr'>censis7</span> <span class='ocrx_word' id='word_1_284' title='bbox 281 2151 511 2197; x_wconf 88' lang='lat' dir='ltr'>sepultusque</span> <span class='ocrx_word' id='word_1_285' title='bbox 524 2158 577 2185; x_wconf 87' lang='lat' dir='ltr'>est</span> <span class='ocrx_word' id='word_1_286' title='bbox 593 2164 676 2185; x_wconf 88' lang='lat' dir='ltr'>cum</span> <span class='ocrx_word' id='word_1_287' title='bbox 696 2152 832 2186; x_wconf 89' lang='lat' dir='ltr'>honore</span> <span class='ocrx_word' id='word_1_288' title='bbox 850 2151 972 2185; x_wconf 87' lang='lat' dir='ltr'>debito</span> <span class='ocrx_word' id='word_1_289' title='bbox 990 2152 1026 2185; x_wconf 91' lang='lat' dir='ltr'>in</span> <span class='ocrx_word' id='word_1_290' title='bbox 1041 2152 1184 2186; x_wconf 87' lang='lat' dir='ltr'>ecclesia</span> <span class='ocrx_word' id='word_1_291' title='bbox 1200 2153 1414 2188; x_wconf 85' lang='lat' dir='ltr'>Tornacensi</span> <span class='ocrx_word' id='word_1_292' title='bbox 1433 2161 1514 2189; x_wconf 88' lang='lat' dir='ltr'>ante</span> <span class='ocrx_word' id='word_1_293' title='bbox 1535 2157 1648 2202; x_wconf 87' lang='lat' dir='ltr'>majus</span> 
     </span>
     <span class='ocr_line' id='line_1_31' title="bbox 130 2208 1646 2256; baseline 0.003 -13"><span class='ocrx_word' id='word_1_294' title='bbox 130 2209 250 2243; x_wconf 86' lang='lat' dir='ltr'>altare.</span> <span class='ocrx_word' id='word_1_295' title='bbox 268 2208 332 2243; x_wconf 89' lang='lat' dir='ltr'>Cui</span> <span class='ocrx_word' id='word_1_296' title='bbox 346 2210 513 2244; x_wconf 82' lang='lat' dir='ltr'>successit</span> <span class='ocrx_word' id='word_1_297' title='bbox 533 2210 759 2244; x_wconf 76' lang='lat' dir='ltr'>&#39;l&#39;heobaldus</span> <span class='ocrx_word' id='word_1_298' title='bbox 777 2210 822 2244; x_wconf 90' lang='lat' dir='ltr'>de</span> <span class='ocrx_word' id='word_1_299' title='bbox 837 2210 1043 2252; x_wconf 57' lang='lat' dir='ltr'>Sausozsrov,</span> <span class='ocrx_word' id='word_1_300' title='bbox 1065 2217 1100 2244; x_wconf 86' lang='lat' dir='ltr'>et</span> <span class='ocrx_word' id='word_1_301' title='bbox 1116 2211 1271 2256; x_wconf 86' lang='lat' dir='ltr'>praefuit</span> <span class='ocrx_word' id='word_1_302' title='bbox 1284 2213 1385 2246; x_wconf 86' lang='lat' dir='ltr'>annis</span> <span class='ocrx_word' id='word_1_303' title='bbox 1404 2213 1476 2247; x_wconf 86' lang='lat' dir='ltr'>fere</span> <span class='ocrx_word' id='word_1_304' title='bbox 1491 2213 1646 2249; x_wconf 86' lang='lat' dir='ltr'>duobus.</span> 
     </span>
    </p>

    <p class='ocr_par' dir='ltr' id='par_1_7' title="bbox 129 2267 1644 2372">
     <span class='ocr_line' id='line_1_32' title="bbox 179 2267 1644 2315; baseline 0.004 -14"><span class='ocrx_word' id='word_1_305' title='bbox 179 2267 219 2301; x_wconf 90' lang='lat' dir='ltr'>In</span> <span class='ocrx_word' id='word_1_306' title='bbox 241 2267 318 2313; x_wconf 89' lang='lat' dir='ltr'>ipso</span> <span class='ocrx_word' id='word_1_307' title='bbox 335 2279 479 2314; x_wconf 89' lang='lat' dir='ltr'>quoque</span> <span class='ocrx_word' id='word_1_308' title='bbox 494 2280 587 2302; x_wconf 89' lang='lat' dir='ltr'>anno</span> <span class='ocrx_word' id='word_1_309' title='bbox 600 2295 609 2311; x_wconf 66' lang='lat' dir='ltr'>a</span> <span class='ocrx_word' id='word_1_310' title='bbox 629 2268 697 2302; x_wconf 88' lang='lat' dir='ltr'>fuit</span> <span class='ocrx_word' id='word_1_311' title='bbox 715 2268 834 2303; x_wconf 87' lang='lat' dir='ltr'>adhuc</span> <span class='ocrx_word' id='word_1_312' title='bbox 854 2275 949 2302; x_wconf 81' lang='lat' dir='ltr'>tanta</span> <span class='ocrx_word' id='word_1_313' title='bbox 966 2268 1184 2304; x_wconf 86' lang='lat' dir='ltr'>abundantia</span> <span class='ocrx_word' id='word_1_314' title='bbox 1204 2271 1273 2305; x_wconf 90' lang='lat' dir='ltr'>viui</span> <span class='ocrx_word' id='word_1_315' title='bbox 1293 2277 1327 2305; x_wconf 87' lang='lat' dir='ltr'>et</span> <span class='ocrx_word' id='word_1_316' title='bbox 1347 2272 1423 2306; x_wconf 83' lang='lat' dir='ltr'>vina</span> <span class='ocrx_word' id='word_1_317' title='bbox 1443 2278 1514 2306; x_wconf 88' lang='lat' dir='ltr'>tam</span> <span class='ocrx_word' id='word_1_318' title='bbox 1532 2273 1624 2307; x_wconf 90' lang='lat' dir='ltr'>bona</span> <span class='ocrx_word' id='word_1_319' title='bbox 1637 2301 1644 2315; x_wconf 81' lang='lat'>-.</span> 
     </span>
     <span class='ocr_line' id='line_1_33' title="bbox 129 2325 1188 2372; baseline 0.001 -12"><span class='ocrx_word' id='word_1_320' title='bbox 129 2325 245 2372; x_wconf 68' lang='lat' dir='ltr'>quod,</span> <span class='ocrx_word' id='word_1_321' title='bbox 273 2326 372 2360; x_wconf 84' lang='lat' dir='ltr'>novis</span> <span class='ocrx_word' id='word_1_322' title='bbox 390 2326 720 2371; x_wconf 89' lang='lat' dir='ltr'>supervenientibus</span> <span class='ocrx_word' id='word_1_323' title='bbox 733 2353 742 2369; x_wconf 62' lang='lat'>7</span> <span class='ocrx_word' id='word_1_324' title='bbox 764 2327 1042 2372; x_wconf 85' lang='lat' dir='ltr'>projiciebantur</span> <span class='ocrx_word' id='word_1_325' title='bbox 1059 2334 1188 2361; x_wconf 75' lang='lat' dir='ltr'>vetera.</span> 
     </span>
    </p>

    <p class='ocr_par' dir='ltr' id='par_1_8' title="bbox 130 2383 1648 2547">
     <span class='ocr_line' id='line_1_34' title="bbox 181 2383 1648 2435; baseline 0.005 -18"><span class='ocrx_word' id='word_1_326' title='bbox 181 2385 283 2418; x_wconf 88' lang='lat' dir='ltr'>Anno</span> <span class='ocrx_word' id='word_1_327' title='bbox 301 2384 442 2418; x_wconf 89' lang='lat' dir='ltr'>Domini</span> <span class='ocrx_word' id='word_1_328' title='bbox 458 2383 735 2429; x_wconf 67' lang='lat' dir='ltr'>MCCCXXXIV,</span> <span class='ocrx_word' id='word_1_329' title='bbox 757 2397 866 2419; x_wconf 88' lang='lat' dir='ltr'>nonas</span> <span class='ocrx_word' id='word_1_330' title='bbox 882 2386 1084 2420; x_wconf 89' lang='lat' dir='ltr'>Decembris</span> <span class='ocrx_word' id='word_1_331' title='bbox 1096 2413 1105 2429; x_wconf 81' lang='lat'>.,</span> <span class='ocrx_word' id='word_1_332' title='bbox 1130 2386 1187 2421; x_wconf 91' lang='lat' dir='ltr'>die</span> <span class='ocrx_word' id='word_1_333' title='bbox 1202 2387 1384 2422; x_wconf 89' lang='lat' dir='ltr'>Dominica</span> <span class='ocrx_word' id='word_1_334' title='bbox 1398 2401 1468 2435; x_wconf 86' lang='lat' dir='ltr'>qua</span> <span class='ocrx_word' id='word_1_335' title='bbox 1485 2396 1648 2425; x_wconf 86' lang='lat' dir='ltr'>cantatur</span> 
     </span>
     <span class='ocr_line' id='line_1_35' title="bbox 130 2441 1646 2491; baseline 0.004 -14"><span class='ocrx_word' id='word_1_336' title='bbox 130 2442 322 2477; x_wconf 85' lang='lat' dir='ltr'>Jerusalem</span> <span class='ocrx_word' id='word_1_337' title='bbox 333 2469 342 2486; x_wconf 79' lang='grc'><em>,</em></span> <span class='ocrx_word' id='word_1_338' title='bbox 361 2441 554 2477; x_wconf 87' lang='lat' dir='ltr'>indictione</span> <span class='ocrx_word' id='word_1_339' title='bbox 570 2442 615 2486; x_wconf 74' lang='grc' dir='ltr'>ΙΙ,</span> <span class='ocrx_word' id='word_1_340' title='bbox 633 2443 796 2491; x_wconf 79' lang='lat' dir='ltr'>migravit</span> <span class='ocrx_word' id='word_1_341' title='bbox 809 2444 853 2477; x_wconf 87' lang='lat' dir='ltr'>ab</span> <span class='ocrx_word' id='word_1_342' title='bbox 866 2444 935 2479; x_wconf 89' lang='lat' dir='ltr'>hoc</span> <span class='ocrx_word' id='word_1_343' title='bbox 951 2444 1070 2479; x_wconf 89' lang='lat' dir='ltr'>seculo</span> <span class='ocrx_word' id='word_1_344' title='bbox 1085 2444 1194 2479; x_wconf 89' lang='lat' dir='ltr'>felicis</span> <span class='ocrx_word' id='word_1_345' title='bbox 1209 2445 1462 2481; x_wconf 86' lang='lat' dir='ltr'>recordationis</span> <span class='ocrx_word' id='word_1_346' title='bbox 1480 2446 1646 2483; x_wconf 90' lang='lat' dir='ltr'>dominus</span> 
     </span>
     <span class='ocr_line' id='line_1_36' title="bbox 130 2500 1645 2547; baseline 0.005 -13"><span class='ocrx_word' id='word_1_347' title='bbox 130 2500 327 2545; x_wconf 76' lang='lat' dir='ltr'>Johannes,</span> <span class='ocrx_word' id='word_1_348' title='bbox 344 2513 436 2547; x_wconf 88' lang='lat' dir='ltr'>papa</span> <span class='ocrx_word' id='word_1_349' title='bbox 449 2501 635 2536; x_wconf 87' lang='lat' dir='ltr'>vicesimus</span> <span class='ocrx_word' id='word_1_350' title='bbox 654 2501 843 2537; x_wconf 87' lang='lat' dir='ltr'>secundus.</span> <span class='ocrx_word' id='word_1_351' title='bbox 862 2502 925 2537; x_wconf 91' lang='lat' dir='ltr'>Hic</span> <span class='ocrx_word' id='word_1_352' title='bbox 938 2509 1057 2538; x_wconf 88' lang='lat' dir='ltr'>autem</span> <span class='ocrx_word' id='word_1_353' title='bbox 1072 2504 1290 2538; x_wconf 86' lang='lat' dir='ltr'>solemnizari</span> <span class='ocrx_word' id='word_1_354' title='bbox 1309 2505 1461 2540; x_wconf 88' lang='lat' dir='ltr'>instituit</span> <span class='ocrx_word' id='word_1_355' title='bbox 1474 2506 1645 2543; x_wconf 79' lang='lat' dir='ltr'>festivita-</span> 
     </span>
    </p>
   </div>
  </div>
 </body>
</html>
