2118 3184
763 402 905 436 APPEN
913 401 1049 436 DICES.
1587 402 1658 437 865

137 510 210 536 muni
229 519 341 536 assensu
362 515 456 536 nostro
476 511 614 545 utrimque
631 509 741 536 factam.
759 509 882 544 qualibet
899 510 1052 535 temeritate
1070 510 1163 535 venire
1179 509 1357 541 tentantium,
1375 509 1508 545 scriptum
1525 518 1655 544 praesens

134 557 214 593 sigilli
233 558 318 583 nostri
338 558 485 584 munimine
502 567 563 583 cum
585 558 694 583 testium
716 556 910 582 subnotatione
928 556 1053 582 duximus
1071 557 1269 583 roborandum.
1288 558 1401 593 Signum
1421 557 1471 583 viri
1491 556 1656 583 venerabilis

135 604 273 639 ltadulphi
286 625 292 631 .
309 605 414 630 abbatis
429 604 463 630 de
478 604 588 637 Ninive3
605 603 633 629 S.
650 603 742 628 l'ratris
757 602 871 628 Walter-i
890 603 990 631 Rever:
1005 604 1112 635 Leonii,
1130 604 1293 639 praepositi.
1310 609 1337 630 et
1354 603 1487 637 Danielis,
1503 603 1634 639 capellani
1648 625 1653 631 ,

135 651 307 677 sacerdotum
327 656 354 677 et
373 651 565 676 canonicorum
584 650 786 683 Ninivensium3
808 650 871 676 item
892 650 920 676 S.
941 650 1071 681 Walteri,
1092 651 1199 682 militis,
1221 651 1302 677 villici
1321 651 1354 678 de
1374 651 1498 687 :lpeltr05
1514 650 1605 677 Gerini
1621 650 1654 676 de

137 698 198 724 Piro
211 703 237 724 et
250 697 382 724 Johannis
397 697 477 723 Fabri
487 696 520 723 de
534 696 658 732 Apeltre.
669 697 765 722 Actum
781 696 806 722 iu
821 697 974 731 praesentia
989 697 1087 723 nobilis
1097 697 1218 723 mulieris
1230 698 1349 724 Ousiliae
1359 719 1365 729 ,
1380 699 1472 724 uxoris
1483 707 1558 724 meae
1570 719 1576 730 ‚
1589 698 1655 724 feria

135 746 215 772 tertia
230 750 292 771 ante
307 745 474 771 nativitatem
492 744 563 770 beati
577 743 710 770 Johannis
723 743 871 778 Baptistae.
890 752 960 769 anuo
973 744 1078 779 gratiae
1092 743 1243 770 MCCXXX.

1159 809 1267 840 Originat
1276 827 1282 832 .
1296 817 1364 833 sceau
1378 809 1476 834 deti-uit.

845 1067 944 1102 CLX.

137 1165 327 1213 Eozqelbert
335 1193 345 1208 ,
364 1169 528 1213 smffizeur
543 1166 754 1214 d’Ayylzem,
780 1171 898 1200 atteste
917 1172 949 1199 et
964 1165 1078 1211 ratifi'e
1100 1166 1135 1199 la
1152 1165 1321 1199 domnion
1338 1166 1379 1200 de
1397 1168 1655 1212 sz‘oejournaua'

186 1224 226 1258 de
250 1230 342 1258 terre
359 1223 382 1258 ci
401 1224 602 1266 Harthelce‚
625 1237 690 1271 que
710 1237 769 1259 son
790 1224 907 1259 rassal
923 1224 1054 1258 Rohert
1070 1224 1111 1258 de
1130 1224 1279 1258 Bossart
1297 1237 1319 1258 a
1335 1225 1422 1270 faite
1440 1223 1464 1258 ἀ,
1481 1225 1651 1272 l’ahhaye.

187 1302 234 1307 —
244 1282 422 1316 Ham-next.

761 1440 778 1461 A
797 1437 935 1468 stria-hom,
955 1438 1027 1462 1250.

174 1511 230 1548 Ego
243 1511 430 1547 Ingelbertus‚
443 1510 570 1536 dominus
580 1510 614 1536 de
627 1510 777 1545 Aienyhien
787 1530 794 1540 ,
809 1514 903 1535 notum
916 1508 985 1535 sacio
998 1509 1189 1545 praesentibus
1201 1514 1228 1535 et
1240 1508 1340 1535 suturis
1350 1530 1356 1541 ,
1371 1509 1446 1545 quod
1457 1519 1517 1536 cum
1529 1509 1655 1536 dominus

138 1557 291 1591 ssebertus,
307 1558 384 1584 miles
396 1558 430 1584 de
448 1558 571 1592 Bessan,
585 1557 619 1583 de
635 1566 746 1583 assensu
762 1562 789 1583 et
801 1556 943 1583 voluntate
957 1557 1116 1589 llelewidis,
1133 1558 1225 1583 uxoris
1239 1566 1319 1589 suae,
1335 1558 1501 1583 constitutus
1517 1557 1542 1583 in
1560 1557 1655 1583 ultima

136 1605 279 1632 voluntate
295 1605 402 1632 dederit
416 1605 553 1631 Ninivensi
567 1603 697 1630 ecclestae
715 1604 741 1630 in
762 1603 875 1630 liberam
894 1609 921 1630 et
939 1609 1102 1640 perpetuam
1121 1603 1319 1639 eleemosynam
1331 1625 1337 1635 ,
1359 1604 1468 1630 nomine
1481 1606 1635 1631 testamenti
1647 1626 1653 1636 ,

135 1653 246 1680 circiter
257 1662 303 1679 sex
317 1653 431 1679 dietat-ia
446 1657 536 1678 terrae
550 1673 556 1683 7
579 1661 676 1687 parum
696 1651 758 1687 plus
773 1651 816 1678 vel
835 1652 923 1678 minus
933 1673 940 1684 ‚
955 1651 1072 1686 jacentis
1088 1652 1164 1686 juxta
1178 1652 1282 1677 curiam
1300 1651 1334 1677 de
1351 1651 1502 1678 Hartbeeca
1512 1672 1519 1683 ‚
1542 1657 1625 1686 prout
1640 1661 1655 1677 a

134 1701 272 1727 communi
283 1700 326 1726 via
337 1699 495 1726 extenditur
504 1698 619 1724 inferius
629 1707 707 1724 secus
718 1698 852 1724 vivarium
861 1719 867 1730 ,
882 1707 964 1734 quam
978 1703 1079 1724 terram
1092 1708 1106 1724 a
1120 1708 1162 1724 me
1174 1698 1286 1724 tenebat
1296 1698 1322 1724 in
1332 1697 1440 1724 feodum
1453 1707 1460 1724 ε
1474 1697 1595 1724 eamdem
1607 1698 1656 1724 do—

136 1748 274 1774 nationem
293 1747 327 1773 de
343 1745 482 1782 praedicta
500 1750 573 1772 terra
590 1750 755 1771 memoratae
770 1745 900 1772 eeclesiae
917 1745 1014 1771 saetam
1031 1750 1136 1781 gratam
1151 1744 1238 1771 habeo
1256 1750 1284 1771 et
1299 1749 1452 1780 acceptam,
1469 1749 1497 1771 et
1515 1754 1595 1771 omne
1609 1745 1656 1779 jus

137 1794 213 1830 quod
228 1794 254 1820 in
271 1793 365 1821 eadem
380 1799 454 1819 terra
473 1793 556 1819 habui
571 1792 658 1819 eidem
674 1792 804 1819 ecclesiae
816 1793 842 1818 in
859 1802 955 1828 puram
969 1793 1169 1828 eleemosynam
1180 1792 1305 1819 similiter
1317 1792 1438 1825 contuli,
1454 1792 1604 1818 decernens
1616 1794 1656 1818 ni—

137 1841 285 1868 hilominus
295 1841 418 1876 utipsam
431 1846 530 1867 terram
542 1840 569 1866 in
582 1845 746 1876 perpetuum
758 1845 849 1866 teneat
860 1841 894 1866 ab
905 1841 978 1866 omni
991 1841 1131 1867 exactione
1143 1845 1170 1866 et
1182 1840 1440 1866 calumnialiberam
1453 1845 1480 1866 et
1490 1840 1636 1866 immunem
1647 1862 1653 1871 ,

138 1894 170 1915 ut.
183 1888 278 1916 saltem
293 1898 325 1915 ex
338 1888 390 1915 hoc
412 1888 483 1914 sacto
504 1887 614 1923 aliquod
634 1888 783 1914 remedium
803 1888 908 1914 animae
924 1898 1000 1914 meae
1015 1898 1030 1914 a
1046 1888 1161 1914 Domino
1182 1897 1236 1914 non
1251 1887 1354 1914 frustra
1369 1896 1482 1923 sperare
1498 1887 1611 1913 debeam
1628 1893 1655 1913 et

138 1937 237 1963 merito
249 1936 384 1962 invenire.
396 1936 432 1962 Ut
442 1940 533 1962 autem
546 1940 708 1971 praenotata
718 1935 833 1961 ecclesia
842 1935 995 1962 Ninivensis
1010 1940 1110 1962 terram
1121 1935 1220 1961 dictam
1233 1935 1304 1961 sicut
1316 1944 1407 1961 veram
1419 1934 1616 1969 eleemosynam
1631 1935 1657 1960 in

141 1989 307 2019 perpetuum
323 1983 436 2019 pacifice
453 1982 591 2018 possideat
605 1987 632 2009 et
650 1983 743 2018 quiete
753 2004 759 2015 3
781 1983 913 2018 scriptum
928 1992 1058 2018 praesens
1069 1983 1159 2019 sigillo
1176 1992 1236 2009 meo
1249 1983 1409 2009 roboratum
1425 1982 1512 2008 eidem
1527 1982 1656 2007 ecclesiae

138 2030 447 2058 censuiconl'erendum.
463 2031 548 2057 Porro
560 2030 624 2056 huic
632 2030 704 2056 sacto
715 2030 912 2063 interfuerunt,
924 2035 1054 2066 tanquam
1066 2035 1149 2057 testes
1159 2051 1166 2063 ‚
1177 2030 1317 2056 Walterus
1330 2029 1363 2056 de
1375 2029 1505 2062 ffluslzem,
1518 2028 1612 2054 Daniel
1623 2028 1656 2054 de

142 2077 302 2104 Buschebroc
311 2098 320 2112 ,
331 2077 430 2104 milites
440 2098 447 2110 ,
462 2077 585 2103 homines
597 2078 664 2111 mei;
678 2077 804 2104 oliverus
814 2077 848 2103 de
859 2077 989 2104 Timbeka
1003 2083 1030 2104 et
1043 2077 1217 2113 Ingelbertus
1227 2098 1234 2110 7
1249 2077 1341 2103 famuli
1352 2077 1414 2103 mei.
1427 2076 1523 2102 Actum
1535 2076 1561 2101 in
1573 2075 1654 2102 domo

140 2134 199 2152 mea
213 2125 240 2150 in
251 2123 401 2158 Stricltout,
415 2123 483 2150 seria
496 2128 594 2159 quarta
607 2129 669 2160 post
682 2123 780 2151 festum
795 2124 867 2151 beati
881 2124 981 2158 Lucae,
996 2134 1068 2151 anno
1082 2125 1281 2151 Incarnationis
1294 2124 1444 2150 dominicae
1458 2122 1609 2149 MCCXXX.

1061 2191 1185 2223 Original„
1206 2199 1274 2215 sceau
1288 2199 1316 2214 en
1331 2191 1379 2214 cire
1391 2190 1475 2214 brune,

878 2266 950 2277 l

267 2564 353 2599 Tom.
383 2565 428 2599 ΙΙ.
1471 2564 1536 2598 109
