2118 3184
629 405 891 440 CHRONICON
922 406 1127 440 MUEvtNi.
1565 408 1635 440 1069

119 528 184 549 nus
206 527 292 561 papa
317 514 526 548 Benedictus
555 514 648 547 misit
669 513 713 547 ad
735 526 793 546 eos
815 513 905 547 duos
927 513 1139 556 cardinales,
1169 513 1330 547 videlicet
1355 514 1517 555 l‘etruui,
1545 514 1633 547 tituli

118 574 152 607 S.
180 573 343 607 l‘raxedis
366 574 611 619 presbyterum
638 571 850 606 cardinalem
866 599 873 611 ,
897 579 929 605 et
953 571 1205 615 bertrandum,
1232 572 1267 605 S.
1294 572 1422 606 Mariae
1439 572 1483 606 de
1505 573 1636 618 Aquiro

118 632 307 666 diaconum
322 659 330 669 ,
354 643 416 677 pro
435 643 519 676 paee
539 629 781 663 reformanda.
803 629 863 663 sed
887 630 973 663 nihil
993 632 1234 675 profecerunt.

169 690 298 724 Eodem
319 702 411 724 anno
426 717 433 727 .
457 688 676 731 Ludoxicus.
701 701 818 722 coines
840 688 1035 722 flandriae.
1059 689 1140 723 fecit
1159 689 1426 735 apl‘nelieudere
1445 689 1636 736 quemdam

120 749 265 782 militem
281 776 289 790 -.
315 754 552 796 cognomento
577 747 877 782 Curtriacensem.
904 748 1238 794 apprehensumque
1258 749 1352 782 misit
1376 749 1410 782 iu
1438 761 1633 782 carcerem.

121 820 184 854 pro
201 820 242 841 eo
256 807 354 854 quod
368 807 504 840 occulte
520 806 754 839 auxiliabatur
769 807 841 854 regi
859 806 1015 853 Angliae.
1036 807 1157 839 Postea
1176 819 1257 840 vero
1277 820 1358 840 eum
1379 808 1413 841 in
1435 808 1542 845 lecto.
1564 820 1636 853 quo

122 866 283 900 infirmus
301 865 520 907 decubabat.
547 863 710 898 decollari
731 864 814 898 fecit
835 871 869 897 et
887 865 978 898 bona
997 877 1059 898 sua
1078 865 1141 898 sibi
1162 865 1361 911 applicavit..
1385 867 1484 906 Quae
1503 879 1573 900 res.
1600 873 1635 899 ut

120 923 266 971 quidam
286 924 422 965 ferunt.
446 923 509 956 fuit
527 935 630 956 eausa
649 922 848 956 rebellionis
868 922 1131 956 Flandrensium
1143 950 1151 957 .
1168 924 1252 969 quia
1270 930 1309 957 ut
1328 924 1396 957 hoc
1415 925 1546 958 factum
1564 938 1639 970 per-

120 983 216 1017 venit.
232 982 276 1017 ad
295 982 533 1030 cognitionem
560 981 658 1014 villae
677 980 894 1025 Gandensis.
921 981 1021 1026 cujus
1048 982 1111 1015 iste
1137 982 1235 1015 miles
1255 983 1339 1016 civis
1365 984 1497 1017 fuerat.
1526 984 1636 1017 citem

120 1054 224 1076 suum
240 1041 493 1088 requisierunt,
516 1039 577 1073 sed
598 1039 766 1073 rehabere
783 1052 853 1072 non
873 1046 1078 1085 potueruut.
1103 1040 1180 1081 Qua
1205 1040 1249 1073 de
1273 1053 1376 1074 causa
1395 1048 1517 1075 eontra
1537 1055 1639 1087 prae-

124 1101 236 1134 fatum
251 1100 416 1134 comitem
435 1099 565 1138 viatus,
583 1111 680 1132 arma
694 1104 729 1131 ct
743 1098 975 1141 munitiones7
993 1099 1092 1144 quasi
1107 1098 1151 1132 ad
1168 1099 1389 1143 bellandum,
1407 1108 1635 1146 paraverunt.

124 1159 301 1206 simulque
327 1159 571 1205 praefecerunt
601 1157 666 1191 sibi
696 1156 911 1203 quemdam7
940 1157 1001 1203 qui
1029 1158 1222 1191 vocabatur
1247 1158 1399 1192 Jacobus
1427 1159 1636 1195 IIarlerelle.

123 1218 167 1252 ad
188 1219 288 1264 cujus
308 1225 434 1251 nutum
453 1223 522 1251 tota
543 1216 621 1249 villa
639 1215 926 1263 gubernabatur:
949 1228 1013 1249 nec
1036 1228 1153 1249 comes
1174 1216 1260 1249 haec
1279 1217 1467 1251 emendare
1487 1226 1635 1264 poterat.

125 1276 231 1319 Quod
258 1283 298 1309 ut
322 1274 427 1311 vidit,
457 1274 658 1319 impetravit.
675 1286 694 1306 a
713 1285 795 1320 rege
815 1273 994 1316 Franciae7
1023 1273 1106 1319 quia
1135 1286 1199 1319 pro
1224 1286 1327 1308 causa
1354 1276 1451 1322 regni
1477 1284 1571 1320 (ει-31,
1602 1285 1638 1310 ut

121 1333 531 1374 excommunicarentur,
556 1337 596 1364 ut
614 1330 759 1363 rebelles
779 1337 901 1363 contra
917 1330 1104 1364 dominum
1125 1344 1230 1364 suum
1243 1359 1251 1373 7
1270 1334 1478 1367 auctoritate
1497 1342 1639 1380 aposto-

122 1393 200 1427 lica.
218 1393 444 1437 Fueruntque
463 1388 758 1423 excommunicati
771 1415 779 1431 7
798 1388 981 1422 Dominiea
997 1401 1068 1434 qua
1085 1395 1248 1422 cantatur
1262 1390 1410 1424 Laetare
1424 1391 1637 1429 Jerusalem.

123 1452 159 1486 in
173 1451 250 1485 foro
266 1449 477 1484 Tornacensi
491 1475 499 1491 Ἰ
521 1446 765 1494 praesentibus
779 1447 944 1492 episcopo
961 1446 1221 1493 Sylvanectensi
1237 1455 1272 1482 et
1287 1449 1414 1483 abbate
1430 1449 1465 1483 S.
1485 1451 1639 1497 Dionysii

123 1511 159 1544 in
178 1510 333 1544 Francia.

172 1567 322 1602 Grandis
341 1579 487 1615 guerra,
508 1566 577 1599 hoc
597 1571 769 1611 tempore,
790 1564 858 1598 fuit
876 1565 968 1598 inter
987 1565 1192 1611 episcopum
1210 1566 1439 1601 Leodiensem
1460 1575 1495 1601 et
1512 1568 1640 1602 ducem

126 1627 353 1670 Brabantiae,
379 1626 426 1660 ita
446 1632 503 1668 ut,
526 1624 617 1658 bello
638 1624 682 1657 ab
706 1630 858 1670 utraque
881 1630 979 1670 parte
998 1630 1162 1670 peracto,
1189 1625 1225 1658 in
1249 1637 1374 1672 campo
1396 1628 1636 1661 convenirent.

124 1686 193 1721 Sed
208 1685 462 1720 interveniente
481 1683 677 1730 proborum
697 1682 866 1725 consilio„
890 1682 1031 1716 tandem
1052 1682 1370 1718 concordaverunt.

174 1746 275 1779 Anno
294 1744 435 1778 Domini
451 1741 754 1785 MCCCXXXVII„
778 1741 863 1775 feria
886 1740 1041 1775 secunda
1056 1748 1135 1787 post
1153 1742 1281 1776 Ramos
1302 1743 1503 1778 Palmarum
1522 1772 1529 1786 7
1549 1746 1642 1778 venit.

125 1802 427 1838 conestabularius
446 1800 627 1843 Franciae„
644 1798 874 1845 Rodulphus7
896 1811 1013 1833 comes
1032 1799 1076 1833 de
1092 1800 1168 1842 Eu,
1190 1807 1224 1834 et
1243 1800 1335 1834 filius
1353 1801 1445 1847 ejus7
1463 1814 1579 1837 comes
1598 1803 1642 1837 de

129 1862 237 1896 Gz'nes
245 1888 256 1904 ,
275 1860 451 1906 adjunctis
469 1859 534 1893 sibi
554 1858 716 1905 pluribus
737 1858 915 1892 nobilibus
942 1871 1023 1892 cum
1042 1858 1136 1891 mille
1155 1860 1342 1893 armaturis
1355 1887 1363 1903 .,
1384 1867 1425 1894 ut
1442 1860 1638 1895 dicebatur.

125 1921 167 1954 Et
185 1920 344 1961 recessit„
362 1919 459 1953 nullo
478 1918 620 1966 negotio
634 1924 796 1963 peracto7
818 1917 903 1950 feria
919 1917 1020 1950 tertia
1036 1923 1116 1950 ante
1131 1917 1373 1952 Pentecosten.
1397 1919 1521 1953 Postea
1541 1920 1641 1954 rediit

126 1979 250 2026 quinta
274 1977 331 2012 die
353 1977 481 2011 mensis
501 1976 669 2024 Augusti,
691 1988 784 2009 anno
805 1975 1007 2018 XXXVIII,
1028 1982 1063 2009 et
1081 1976 1222 2010 recessit
1241 1977 1276 2009 in
1294 1977 1383 2011 festo
1403 1977 1643 2012 decollationis

126 2037 314 2084 Baptistae.
336 2037 469 2071 Iterum
489 2035 594 2069 rediit
612 2035 647 2068 in
667 2035 756 2068 festo
777 2034 963 2077 Matthaei.
985 2046 1024 2068 ac
1044 2035 1185 2068 recessit
1202 2035 1237 2068 in
1257 2036 1346 2070 festo
1365 2036 1490 2070 Lucae.

175 2098 277 2130 Anno
292 2095 433 2130 Domini
448 2094 745 2129 MCCCXXXVIII
757 2121 766 2137 7
784 2094 878 2127 venit
892 2093 1096 2136 Eduardus7
1114 2106 1172 2127 rex
1188 2094 1383 2142 Anglorum
1394 2122 1403 2139 7
1420 2108 1501 2129 eum
1516 2097 1642 2143 grandi

127 2154 301 2197 exercitu,
321 2154 412 2188 circa
432 2154 683 2196 Pentecosten,
704 2153 740 2186 in
758 2151 891 2186 ducatu
911 2152 1118 2185 Brabantiae
1135 2152 1170 2185 in
1188 2153 1266 2186 villa
1281 2153 1325 2187 de
1345 2153 1521 2197 Anu-fers,
1542 2167 1645 2188 man-

127 2214 243 2259 sitque
264 2212 312 2245 ibi
339 2224 402 2258 per
427 2217 536 2245 totam
556 2217 736 2244 aestatem.
763 2210 843 2251 Quo
866 2217 1024 2256 tempore
1044 2210 1190 2244 fuci-unt
1208 2211 1310 2256 plura
1334 2212 1551 2257 parlamenta
1572 2220 1645 2247 tan}

127 2271 364 2318 praelatorum
388 2282 495 2316 quam
518 2269 711 2312 baronum,
740 2269 871 2314 quibus
894 2268 1119 2314 parlamentis
1145 2276 1346 2314 praesentes
1373 2269 1519 2304 fuerunt
1542 2284 1645 2317 prae-

127 2329 212 2364 dicti
231 2328 442 2371 cardinales.
464 2327 675 2373 apostolicae
697 2326 788 2360 sedis
808 2327 935 2360 nuntii.

176 2386 308 2422 Eodem
335 2399 449 2428 anno.
476 2398 595 2419 mense
619 2386 796 2433 Augusto,
822 2385 917 2419 venit
941 2385 1144 2431 Philippus,
1172 2398 1231 2419 rex
1254 2387 1489 2425 Francorum.
1511 2388 1547 2422 in
1567 2389 1646 2422 villa

125 2445 350 2480 Ambianensi
366 2457 448 2479 cuin
468 2456 595 2491 magna
610 2444 733 2477 militia
748 2456 788 2477 ac
801 2444 940 2477 infinito
955 2444 1108 2477 exercitu
1123 2471 1131 2487 a
1152 2450 1224 2478 tam
1244 2445 1343 2493 regni
1360 2446 1522 2481 Franciae
1536 2459 1644 2493 quam

127 2504 277 2538 aliorum
297 2515 489 2552 regnorum
504 2529 513 2547 7
531 2501 693 2536 videlicet
711 2502 896 2548 Hispaniae
908 2529 917 2546 ,
938 2502 1111 2537 Navarrae
1132 2509 1166 2537 et
1184 2502 1331 2537 Siciliae.
