2137 3131
400 374 470 409 9714
1006 365 1030 398 A
1037 362 1151 398 PPEN
1157 361 1295 397 DICES.

1015 509 1291 543 CCLXXXVIII.

404 610 490 647 (1'111‘,
509 605 627 651 0¹11?th
645 604 684 637 cle
707 602 893 643 Camhraz',
919 600 1111 634 ronow-elle
1131 600 1165 633 la
1183 602 1380 634 conoessz'on
1395 602 1482 645 sitite
1500 599 1523 634 ἀ
1541 601 1700 647 l’ahhaye
1712 613 1788 647 par
1809 601 1914 635 Guil-

447 667 575 706 laame,
601 676 660 697 son
680 660 937 709 Jwe'de'eesseur,
963 672 1012 693 cm
1033 661 1125 704 mqjet
1147 658 1188 693 de.
1206 658 1238 692 la
1258 671 1342 693 cure
1360 658 1400 692 (le
1415 658 1452 692 la
1471 659 1680 707 chapellem'e
1695 660 1736 693 cle
1765 659 1911 693 Voorde.

445 746 488 750 ——
512 723 645 756 Lon'rsn.

1112 874 1184 898 1297.

432 962 531 993 fluido,
555 960 726 986 miseratione
744 958 835 984 divina
853 957 1054 983 Cameracensis
1075 957 1234 992 episcopus,
1253 957 1355 984 dilecto
1372 957 1451 983 nobis
1472 958 1499 983 in
1519 957 1627 984 Christo
1643 957 1737 983 abbati
1757 957 1914 983 monasterii

397 1020 442 1036 seu
457 1009 585 1036 ecclcsiae
600 1006 764 1038 Ninivensis„
782 1005 1060 1031 Praemonstratensis
1075 1004 1178 1030 ordinis
1188 1026 1194 1037 ,
1213 1010 1323 1031 nostrae
1337 1005 1485 1038 dioecesis,
1502 1005 1618 1031 salutem
1636 1006 1663 1031 in
1678 1005 1805 1031 Domino.
1823 1003 1915 1030 Placet

396 1058 486 1089 nobis⁷
502 1061 633 1092 qnantum
649 1056 674 1080 in
688 1054 765 1079 nobis
779 1058 833 1085 est⁷
850 1053 924 1088 quod
938 1053 1139 1088 quamprimum
1158 1052 1343 1088 parochialem
1357 1052 1499 1079 ecclesiam
1516 1053 1550 1079 de
1573 1052 1674 1078 Vordes
1692 1057 1719 1079 et
1733 1051 1912 1088 capellaniam

396 1106 444 1131 loci
457 1104 577 1137 ejusdem
599 1100 795 1127 Cameracensis
813 1100 961 1130 dioecesis,
979 1109 1050 1135 quae
1067 1099 1100 1125 ad
1116 1104 1234 1124 vestram
1253 1099 1425 1125 collationem
1444 1109 1493 1125 seu
1510 1100 1759 1135 praesentationem
1774 1099 1915 1134 pertinere

396 1152 533 1179 videaturq
547 1159 595 1185 per
607 1153 719 1174 mortem
732 1147 774 1172 vel
786 1146 899 1172 liberam
908 1147 1121 1182 resignationem
1133 1145 1276 1177 Johannis5
1290 1156 1362 1172 nunc
1374 1147 1488 1172 rectoris
1498 1146 1587 1172 dictae
1598 1146 1764 1182 parochialis
1773 1145 1914 1176 ecclesiae,

396 1205 421 1226 et
436 1198 543 1224 chrici
553 1218 560 1229 ‚
575 1195 707 1231 capellani
721 1193 885 1229 capellaniae
900 1193 1056 1229 praedictae
1066 1214 1072 1226 ,
1089 1193 1132 1219 vel
1146 1192 1212 1218 alias
1225 1203 1401 1229 quocumque
1412 1193 1493 1219 modo
1508 1193 1630 1230 legitimo
1645 1202 1742 1219 vacare
1755 1192 1914 1229 contigerit,

396 1247 468 1282 quod
483 1251 534 1271 tam
552 1245 584 1270 ad
601 1245 699 1270 dictam
718 1241 899 1277 parochialem
918 1241 1074 1273 ecclesiam,
1091 1251 1172 1276 quam
1191 1240 1369 1276 capellaniam
1384 1242 1529 1267 canonicos
1549 1241 1680 1268 ecclesiae
1694 1251 1743 1267 seu
1757 1241 1915 1267 monasterii

397 1294 478 1320 vestri
492 1293 623 1328 praedicti
640 1292 750 1317 idoncos
761 1312 766 1321 ,
783 1290 816 1316 de
831 1289 932 1325 quibus
946 1289 1070 1315 videritis
1088 1289 1217 1324 expedire
1232 1290 1258 1314 in
1277 1294 1443 1324 perpetuum
1458 1295 1635 1324 praesentare
1649 1288 1776 1325 possitiS,
1791 1293 1819 1314 et
1832 1289 1913 1314 etiam

395 1343 416 1367 si
438 1341 578 1368 volueritis
598 1339 787 1375 praesentetis,
808 1337 865 1363 IIoc
879 1337 912 1363 ad
929 1337 1078 1372 praemissa
1098 1337 1255 1372 specialiter
1276 1336 1432 1368 intellecto,
1452 1337 1527 1372 quod
1542 1337 1666 1363 canonici
1682 1337 1766 1363 vestri
1781 1336 1916 1372 praedicti

396 1398 465 1424 quos
481 1398 528 1423 per
542 1397 588 1413 vos
606 1386 639 1412 ad
654 1386 760 1412 easdem
782 1384 922 1411 ecclesiam
943 1384 976 1410 de
997 1383 1096 1409 Vordes
1115 1389 1142 1410 et
1162 1384 1340 1419 capellaniam
1355 1383 1406 1410 loci
1426 1384 1549 1419 ejusdem
1565 1385 1737 1420 praesentari
1752 1383 1913 1419 contigerit,

397 1446 457 1462 cuin
467 1434 574 1461 admissi
584 1433 685 1459 suerint
696 1433 729 1458 ad
740 1432 857 1461 easdem,
872 1432 899 1457 in
908 1430 1035 1457 omnibus
1044 1431 1158 1465 juribus
1169 1431 1247 1457 nobis
1256 1436 1283 1457 et
1295 1430 1488 1457 archidiacono
1497 1431 1549 1457 loci
1563 1431 1662 1457 debitis
1671 1452 1677 1464 ‚
1694 1431 1773 1457 nobis
1785 1436 1812 1457 et
1826 1430 1914 1457 eidem

397 1483 587 1509 archidiacono
604 1491 634 1507 ac
653 1486 761 1506 nostrae
772 1479 973 1513 jurisdictioni,
995 1479 1067 1504 sicut
1084 1483 1207 1505 rectores
1223 1484 1249 1505 et
1267 1477 1402 1514 capellani
1421 1478 1559 1505 seculares
1575 1478 1754 1505 ecclesiarum
1773 1477 1917 1514 parochia-

396 1531 460 1557 lium
475 1535 501 1555 et
515 1529 715 1564 capellanorum
730 1532 839 1553 nostrae
859 1526 991 1552 dioecesis
1004 1547 1010 1558 ‚
1028 1526 1054 1551 in
1071 1526 1198 1552 omnibus
1210 1531 1236 1552 et
1249 1535 1299 1561 per
1312 1526 1402 1551 omnia
1419 1526 1529 1551 obnoxii
1545 1530 1672 1552 maneant
1686 1530 1713 1551 et
1731 1525 1866 1551 adstricti.
1882 1524 1914 1550 ln

395 1579 519 1612 cujusrei
532 1576 713 1603 testimonium
726 1575 843 1610 sigillum
856 1579 979 1599 nostrum
989 1573 1180 1609 praesentibus
1189 1578 1230 1600 est
1238 1583 1401 1609 appensum.
1413 1573 1513 1599 Datum
1522 1583 1594 1599 anno
1602 1573 1710 1599 Domini
1721 1572 1914 1603 MCCXCVIII,

395 1626 438 1651 die
452 1625 579 1651 Mercurii
593 1623 833 1659 post'l'rinitatem.
850 1621 1057 1647 Concessionem
1071 1621 1199 1656 superius
1214 1620 1311 1647 factam
1321 1642 1328 1653 ‚
1342 1620 1545 1647 videlieetutin
1558 1625 1723 1656 perpetuum
1736 1626 1914 1656 praesentare

396 1673 515 1709 possitis,
529 1672 721 1708 approbamus.
738 1670 835 1696 Datum
845 1691 851 1696 .
868 1675 898 1696 ut
912 1678 1005 1704 supra.

1343 1714 1466 1747 original.
1480 1722 1549 1739 sceau
1560 1723 1589 1739 en
1599 1715 1647 1740 cire
1657 1723 1734 1747 rouge
1742 1715 1911 1748 endommage.

1027 1989 1271 2024 CCLXXXIX.

399 2087 460 2121 Les
479 2087 606 2133 doyens
626 2086 667 2120 cle
689 2086 901 2121 Gwammont
917 2092 950 2120 et
965 2086 1005 2120 cle
1027 2085 1132 2120 Halle
1157 2092 1319 2120 attesteozt
1336 2099 1401 2133 que
1424 2086 1529 2122 Gv'lles
1544 2087 1586 2122 de
1602 2088 1750 2123 Puttere
1768 2102 1792 2123 a
1805 2090 1879 2135 fait
1892 2089 1914 2124 ἁ

433 2146 587 2192 l'ahlmgse
598 2145 643 2179 les
656 2145 721 2192 [⁶²98
734 2151 765 2179 et
778 2145 823 2179 les
836 2145 1021 2180 donatc'ons
1030 2145 1133 2192 qu-’z'ls
1145 2146 1331 2192 indc'quent
1342 2146 1434 2180 dans
1446 2152 1528 2180 cette
1542 2147 1871 2183 charta—Ourna.

1115 2323 1188 2347 1299.

436 2392 574 2417 Universis
588 2397 746 2427 praesentes
762 2393 866 2419 litteras
880 2393 1064 2428 inspecturis,
1081 2394 1236 2428 Johannes,
1252 2396 1400 2431 presbyter
1414 2396 1448 2422 de
1463 2395 1558 2422 Bracla
1577 2394 1718 2428 inferiori,
1734 2399 1761 2421 et
1774 2395 1911 2427 Jacobus‚

400 2439 541 2474 presbyter
555 2439 588 2465 de
603 2439 771 2473 Galmardes,
786 2440 819 2466 de
832 2440 1035 2467 Geraldimonte
1049 2452 1080 2468 ac
1094 2442 1128 2468 de
1143 2442 1200 2468 Hal
1212 2443 1444 2469 christianitatum
1458 2443 1553 2470 decani
1563 2464 1570 2477 ,
1587 2442 1703 2469 salutem
1717 2443 1744 2469 in
1758 2443 1875 2469 Domino
1887 2448 1914 2469 et

402 2485 520 2510 notitiam
534 2486 664 2512 veritatis.
680 2486 831 2515 Noveritis,
848 2487 920 2522 quod
936 2487 1065 2523 Aegidius
1075 2510 1081 2517 ,
1098 2489 1187 2516 dictus
1203 2490 1298 2517 Pullre
1312 2490 1346 2517 dc
1361 2490 1482 2522 Lebeloe,
1500 2495 1614 2525 propter
1624 2489 1676 2516 hoc
1689 2499 1780 2516 coram
1795 2489 1874 2516 nobis
1885 2499 1915 2515 ac
