2137 3131
431 399 501 434 802).
1032 387 1321 424 APPENDICES.

1120 516 1243 551 LXIII.

438 606 583 653 Erosme
601 614 641 647 (le
659 612 773 647 Gav're
786 610 951 657 confirmo
967 607 991 643 (ὶ
1004 609 1161 655 l’ahhaye
1177 608 1211 641 la
1219 609 1416 655 possession
1428 606 1487 641 cles
1501 607 1599 641 biens
1611 611 1677 653 qui
1686 609 1741 644 lm'
1751 608 1945 656 competent

908 667 931 702 ἀ
949 667 1167 702 Lz'eclekerhe.
1188 688 1235 693 —
1251 667 1463 701 Lmnmxmum.

1087 848 1104 870 Α
1113 847 1189 870 Gavre
1198 865 1204 871 .
1218 846 1290 870 1190.

471 920 501 946 ln
516 919 622 944 nomine
638 918 723 944 Patris
738 923 764 944 et
778 917 836 943 Filii
850 922 877 943 et
890 917 1009 953 Spiritus
1023 916 1126 943 Sancti.
1142 917 1214 943 Razo
1228 917 1262 943 de
1276 916 1382 943 Gavera
1398 922 1426 943 et
1442 925 1512 943 uxor
1525 917 1584 952 ejus
1603 917 1734 950 Claricia,
1750 922 1778 944 et
1792 917 1878 944 frater
1893 918 1953 953 ejus

436 968 521 994 Razo,
538 971 564 991 et
578 965 651 991 filius
666 964 724 999 ejus
736 964 828 991 itidem
844 964 916 990 Razo
928 985 935 997 ‚
948 973 1009 990 cum
1024 965 1139 990 caeteris
1152 964 1247 990 liberis
1257 985 1264 996 ,
1280 969 1334 990 tam
1348 963 1448 990 suturis
1467 973 1549 1000 quam
1564 964 1757 1000 praesentibus
1767 985 1774 997 ‚
1791 965 1955 992 auctoritate

436 1014 592 1050 pontificum
605 1022 778 1038 romanorum
791 1017 817 1038 et
829 1013 1020 1047 episcoporum
1030 1012 1266 1038 Cameracensium
1278 1032 1285 1044 7
1298 1021 1404 1038 necnon
1414 1017 1442 1038 et
1455 1013 1630 1038 attestatione
1646 1011 1843 1038 catholicorum
1855 1012 1958 1048 princi-

438 1071 501 1097 pum
515 1066 541 1087 et
555 1061 669 1086 aliorum
685 1060 806 1086 fidelium
823 1060 973 1086 certissime
990 1060 1167 1095 cognovimus
1177 1081 1184 1092 ⁷
1198 1059 1271 1095 quod
1287 1059 1320 1085 de
1334 1059 1434 1086 allodio
1447 1059 1640 1086 Lidekercensi
1657 1060 1716 1095 ipsa
1730 1058 1900 1086 Liedekerka
1912 1068 1957 1086 ec-

439 1108 533 1139 clesia,
551 1107 610 1143 lege
624 1107 678 1142 poli
692 1112 720 1133 ct
733 1106 797 1138 sori,
811 1111 894 1132 totam
909 1106 1039 1133 decimam
1050 1127 1057 1139 ‚
1071 1106 1198 1133 videlicet
1210 1106 1278 1133 duas
1292 1106 1390 1142 garbas
1404 1111 1431 1132 et
1445 1107 1552 1133 tertiam
1564 1107 1620 1133 sive
1633 1106 1666 1132 de
1679 1115 1746 1142 agro
1757 1106 1853 1132 arabili
1866 1106 1909 1133 vel
1921 1106 1956 1132 de

437 1155 516 1181 sartis
530 1154 662 1189 antiquis⁷
678 1153 721 1180 vel
736 1153 814 1179 novis
824 1174 831 1186 ‚
849 1153 891 1179 vel
905 1153 939 1180 de
957 1163 1023 1189 agro
1037 1163 1098 1180 cum
1113 1163 1214 1189 pascuo
1228 1159 1256 1180 et
1273 1154 1427 1185 communi,
1441 1158 1489 1180 aut
1501 1153 1535 1180 de
1554 1153 1701 1189 paludibus
1716 1153 1756 1179 vel
1769 1154 1856 1189 pratis
1870 1163 1956 1180 anno—

438 1213 498 1229 nam
512 1201 685 1238 portantibus
695 1222 701 1234 ‚
717 1211 765 1227 seu
777 1201 810 1227 de
821 1201 944 1237 qualibet
955 1201 1022 1227 inibi
1033 1201 1203 1238 agricultura
1218 1201 1258 1227 vel
1270 1207 1344 1227 sarto
1357 1201 1484 1228 sariendo
1495 1201 1615 1238 legitime
1629 1206 1657 1228 et
1669 1202 1727 1227 sine
1740 1201 1958 1227 contradictione

437 1260 524 1286 usque
536 1249 569 1276 ad
579 1255 701 1285 tempora
709 1253 802 1275 nostra
814 1249 976 1285 possederit.
989 1249 1068 1285 Quod
1080 1255 1171 1276 autem
1185 1249 1218 1275 ad
1229 1259 1279 1276 nos
1293 1250 1494 1275 rationabiliter
1505 1249 1650 1285 processit,
1667 1249 1701 1275 ad
1714 1254 1838 1284 posteros
1849 1257 1958 1275 succes-

438 1307 513 1324 sores
523 1302 630 1323 nostros
643 1297 809 1323 traducimus
818 1317 825 1330 ‚
839 1302 866 1323 et
877 1302 966 1323 ratum
981 1297 1040 1323 fore
1051 1302 1079 1324 et
1089 1297 1193 1333 absque
1207 1297 1399 1323 reclamatione
1409 1298 1496 1324 teneri
1511 1297 1649 1323 volumus.
1660 1297 1774 1323 Terram
1788 1297 1869 1322 ctiam
1882 1296 1957 1322 illam

439 1354 519 1380 quam
532 1353 581 1379 per
593 1353 700 1370 manum
714 1349 835 1370 nostram
845 1353 936 1370 coram
951 1345 1108 1371 hominibus
1121 1345 1221 1371 nostris
1236 1345 1270 1371 de
1284 1345 1450 1371 Godescalco
1460 1345 1494 1371 de
1509 1344 1691 1381 Ghisenghem
1706 1344 1859 1370 Ninivensis
1870 1343 1959 1370 eccle-

440 1393 478 1418 sia
496 1392 522 1417 in
537 1392 734 1427 eleemosynam
748 1393 885 1428 suscepit,
905 1393 956 1428 ipsi
974 1393 1112 1419 Ninivensi
1131 1393 1261 1420 ecclesiae
1277 1393 1440 1419 confirmare
1455 1399 1482 1419 et
1499 1398 1594 1419 tenere
1613 1392 1756 1419 debemus.
1774 1391 1847 1418 Haec
1866 1396 1959 1418 autem

440 1444 467 1465 et
480 1439 568 1465 onmia
582 1448 651 1474 quae
664 1438 787 1474 praefata
799 1439 912 1466 ecclesia
924 1449 1011 1475 usque
1024 1440 1057 1466 ad
1071 1449 1119 1466 nos
1135 1440 1256 1475 possedit
1265 1461 1272 1471 ‚
1285 1445 1381 1466 nostro
1395 1441 1499 1475 scripto
1511 1445 1539 1466 et
1553 1439 1642 1475 sigillo
1656 1444 1683 1465 et
1695 1438 1836 1465 hominum
1850 1443 1961 1464 nostro—

442 1496 501 1512 rum
513 1491 540 1512 et
553 1486 666 1512 aliorum
678 1486 800 1512 fidelium
811 1487 967 1513 testimonio
978 1508 984 1519 ‚
999 1492 1031 1512 ut
1047 1487 1208 1513 inconvulse
1226 1493 1371 1514 teneantur
1386 1487 1549 1513 confirmare
1563 1491 1591 1512 et
1605 1486 1776 1512 auctorizare
1789 1485 1958 1512 curavimus.

443 1533 471 1559 S.
484 1533 596 1559 Anekini
606 1538 633 1559 et
644 1533 758 1565 Eblflui,
774 1538 801 1560 et
817 1533 946 1560 Willelmi
961 1533 1076 1560 fratrum
1089 1534 1122 1560 de
1137 1534 1230 1568 Lilar3
1247 1535 1275 1561 S.
1290 1534 1415 1560 Baldnini
1429 1533 1556 1560 deBelsel
1567 1538 1594 1560 et
1602 1533 1732 1560 Willelmi
1742 1532 1776 1559 de
1791 1532 1958 1558 Vendorhod.

443 1580 514 1606 Haec
528 1586 617 1607 autern
633 1586 691 1607 acta
705 1585 769 1607 sunt
782 1581 856 1617 apud
867 1581 998 1608 Gaveram
1011 1591 1082 1608 anno
1093 1581 1243 1608 dominicae
1259 1582 1457 1608 Incarnationis
1474 1580 1577 1608 MCXC.

1429 1647 1536 1679 Original
1547 1666 1554 1674 ,
1569 1654 1638 1671 sceau
1648 1654 1677 1670 en
1688 1646 1735 1670 cire
1744 1646 1828 1670 brune.

1171 1734 1244 1745 ll

1143 1911 1264 1946 LXIV.

451 1995 648 2030 Guz'llamne
666 1997 707 2031 cle
726 1996 902 2041 Be'chune,
919 2001 988 2033 sire
1006 1999 1048 2033 de
1074 1998 1106 2032 T
1104 1998 1287 2040 ermonde,
1311 2004 1343 2032 ec
1360 1996 1531 2032 Matln'lde
1545 2009 1586 2031 sa
1596 1997 1745 2042 fernme,
1766 2000 1965 2042 eoeemptent

615 2055 655 2088 de
676 2062 767 2089 toute
785 2055 898 2103 espece
921 2058 961 2091 de
979 2058 1089 2092 droz'ts
1110 2058 1156 2092 les
1176 2060 1327 2091 voz'tures
1345 2056 1386 2090 de
1407 2056 1564 2102 l’abbaye
1582 2055 1624 2089 de
1641 2053 1790 2089 Ninove.

1069 2235 1086 2256 Α
1101 2232 1251 2256 Tcrmonde.
1268 2233 1340 2256 1190.

486 2298 627 2333 Imprimee
645 2300 711 2325 dans
726 2300 851 2333 Mimans,
866 2301 964 2327 Donat.
984 2302 1072 2339 Bely„
1088 2303 1136 2329 lib.
1152 2303 1175 2329 11
1188 2324 1194 2336 ‚
1213 2312 1274 2338 cap.
1290 2302 1421 2333 XLVIII,
1437 2306 1464 2327 et
1479 2301 1547 2327 dans
1560 2301 1599 2327 les
1613 2309 1732 2336 preuves
1742 2299 1780 2326 du
1793 2305 1858 2326 tom.
1877 2299 1902 2326 11
1915 2299 1964 2325 des

454 2344 571 2371 Annales
587 2346 642 2371 ord.
658 2349 779 2381 Praem„
794 2348 846 2374 col.
863 2348 1027 2376 CCXXXVI.

1146 2407 1277 2439 L'original
1294 2411 1329 2431 est
1341 2415 1387 2431 aux
1398 2406 1502 2431 archiv-es
1522 2406 1551 2429 de
1568 2405 1591 2429 la
1611 2404 1711 2429 Flandre
1729 2403 1858 2433 orientale,
1875 2410 1930 2427 avec
1947 2402 1967 2426 le

1182 2457 1250 2474 sceau
1264 2458 1293 2474 en
1305 2449 1352 2474 cire
1363 2449 1439 2473 hrune
1448 2468 1454 2474 .
1470 2448 1639 2479 endommage.
