<?xml version="1.0" encoding="UTF-8"?>
<!DOCTYPE html PUBLIC "-//W3C//DTD XHTML 1.0 Transitional//EN"
    "http://www.w3.org/TR/xhtml1/DTD/xhtml1-transitional.dtd">
<html xmlns="http://www.w3.org/1999/xhtml" xml:lang="en" lang="en">
 <head>
  <title>
</title>
<meta http-equiv="Content-Type" content="text/html;charset=utf-8" />
  <meta name='ocr-system' content='tesseract 3.04.00' />
  <meta name='ocr-capabilities' content='ocr_page ocr_carea ocr_par ocr_line ocrx_word'/>
</head>
<body>
  <div class='ocr_page' id='page_1' title='image "./corpuschronicoru02smetuoft_0640.png"; bbox 0 0 2137 3131; ppageno 0'>
   <div class='ocr_carea' id='block_1_1' title="bbox 461 370 1625 410">
    <p class='ocr_par' dir='ltr' id='par_1_1' title="bbox 461 370 1625 410">
     <span class='ocr_line' id='line_1_1' title="bbox 461 370 1625 410; baseline -0.006 0"><span class='ocrx_word' id='word_1_1' title='bbox 461 375 530 410; x_wconf 89' lang='grc'>608</span> <span class='ocrx_word' id='word_1_2' title='bbox 803 372 977 408; x_wconf 87' lang='lat' dir='ltr'>CORPUS</span> <span class='ocrx_word' id='word_1_3' title='bbox 1004 371 1152 406; x_wconf 68' lang='lat' dir='ltr'><strong>CHRON</strong></span> <span class='ocrx_word' id='word_1_4' title='bbox 1161 371 1333 406; x_wconf 83' lang='lat' dir='ltr'>lCORUM</span> <span class='ocrx_word' id='word_1_5' title='bbox 1362 370 1625 404; x_wconf 83' lang='lat' dir='ltr'><strong>FLANDRIAE.</strong></span> 
     </span>
    </p>
   </div>
   <div class='ocr_carea' id='block_1_2' title="bbox 454 477 1975 2395">
    <p class='ocr_par' dir='ltr' id='par_1_2' title="bbox 459 477 1974 805">
     <span class='ocr_line' id='line_1_2' title="bbox 461 477 1972 526; baseline -0.004 -10"><span class='ocrx_word' id='word_1_6' title='bbox 461 496 542 516; x_wconf 83' lang='lat' dir='ltr'>cuin</span> <span class='ocrx_word' id='word_1_7' title='bbox 562 483 663 516; x_wconf 88' lang='lat' dir='ltr'>sociis</span> <span class='ocrx_word' id='word_1_8' title='bbox 683 482 739 526; x_wconf 78' lang='lat' dir='ltr'>vjm</span> <span class='ocrx_word' id='word_1_9' title='bbox 761 481 788 514; x_wconf 86' lang='grc' dir='ltr'>Ι)</span> <span class='ocrx_word' id='word_1_10' title='bbox 809 479 1004 513; x_wconf 82' lang='lat' dir='ltr'>sacrificare</span> <span class='ocrx_word' id='word_1_11' title='bbox 1028 483 1315 520; x_wconf 86' lang='lat' dir='ltr'>contemnentes,</span> <span class='ocrx_word' id='word_1_12' title='bbox 1340 477 1569 511; x_wconf 80' lang='lat' dir='ltr'>Maximianus</span> <span class='ocrx_word' id='word_1_13' title='bbox 1595 477 1630 511; x_wconf 92' lang='lat' dir='ltr'>in</span> <span class='ocrx_word' id='word_1_14' title='bbox 1655 477 1822 525; x_wconf 77' lang='lat' dir='ltr'>Agauno,</span> <span class='ocrx_word' id='word_1_15' title='bbox 1845 477 1972 510; x_wconf 83' lang='lat' dir='ltr'>Gallia-</span> 
     </span>
     <span class='ocr_line' id='line_1_3' title="bbox 461 534 1972 586; baseline -0.005 -11"><span class='ocrx_word' id='word_1_16' title='bbox 461 554 539 574; x_wconf 88' lang='lat' dir='ltr'>rum</span> <span class='ocrx_word' id='word_1_17' title='bbox 555 539 705 586; x_wconf 86' lang='lat' dir='ltr'>oppid0,</span> <span class='ocrx_word' id='word_1_18' title='bbox 723 538 814 571; x_wconf 90' lang='lat' dir='ltr'>cirea</span> <span class='ocrx_word' id='word_1_19' title='bbox 830 537 932 582; x_wconf 75' lang='lat' dir='ltr'>Alpes</span> <span class='ocrx_word' id='word_1_20' title='bbox 947 535 1060 569; x_wconf 88' lang='lat' dir='ltr'>occidi</span> <span class='ocrx_word' id='word_1_21' title='bbox 1081 534 1175 568; x_wconf 83' lang='lat' dir='ltr'>fecit.</span> <span class='ocrx_word' id='word_1_22' title='bbox 1198 534 1361 579; x_wconf 82' lang='lat' dir='ltr'>Ejusdem</span> <span class='ocrx_word' id='word_1_23' title='bbox 1376 547 1458 569; x_wconf 82' lang='lat' dir='ltr'>vero</span> <span class='ocrx_word' id='word_1_24' title='bbox 1471 535 1593 580; x_wconf 83' lang='lat' dir='ltr'>jussu,</span> <span class='ocrx_word' id='word_1_25' title='bbox 1614 535 1751 568; x_wconf 84' lang='lat' dir='ltr'>Gereon</span> <span class='ocrx_word' id='word_1_26' title='bbox 1769 546 1850 568; x_wconf 88' lang='lat' dir='ltr'>cum</span> <span class='ocrx_word' id='word_1_27' title='bbox 1871 535 1972 568; x_wconf 90' lang='lat' dir='ltr'>sociis</span> 
     </span>
     <span class='ocr_line' id='line_1_4' title="bbox 461 592 1973 639; baseline -0.004 -7"><span class='ocrx_word' id='word_1_28' title='bbox 461 597 652 632; x_wconf 67' lang='lat' dir='ltr'>(ICCXYIll</span> <span class='ocrx_word' id='word_1_29' title='bbox 678 596 862 629; x_wconf 88' lang='lat' dir='ltr'>transitum</span> <span class='ocrx_word' id='word_1_30' title='bbox 890 595 1020 628; x_wconf 87' lang='lat' dir='ltr'>faciens</span> <span class='ocrx_word' id='word_1_31' title='bbox 1042 594 1078 626; x_wconf 88' lang='lat' dir='ltr'>in</span> <span class='ocrx_word' id='word_1_32' title='bbox 1102 593 1325 627; x_wconf 80' lang='lat' dir='ltr'>Germaniam</span> <span class='ocrx_word' id='word_1_33' title='bbox 1344 594 1436 628; x_wconf 90' lang='lat' dir='ltr'>circa</span> <span class='ocrx_word' id='word_1_34' title='bbox 1460 594 1572 628; x_wconf 84' lang='lat' dir='ltr'>Rheni</span> <span class='ocrx_word' id='word_1_35' title='bbox 1599 594 1714 627; x_wconf 77' lang='lat' dir='ltr'>littora</span> <span class='ocrx_word' id='word_1_36' title='bbox 1738 606 1848 639; x_wconf 91' lang='lat' dir='ltr'>prope</span> <span class='ocrx_word' id='word_1_37' title='bbox 1870 592 1973 627; x_wconf 92' lang='lat' dir='ltr'>Colo-</span> 
     </span>
     <span class='ocr_line' id='line_1_5' title="bbox 462 651 1974 702; baseline -0.004 -12"><span class='ocrx_word' id='word_1_38' title='bbox 462 658 553 690; x_wconf 83' lang='lat' dir='ltr'>niam</span> <span class='ocrx_word' id='word_1_39' title='bbox 580 655 808 702; x_wconf 71' lang='lat' dir='ltr'>Agrippinam</span> <span class='ocrx_word' id='word_1_40' title='bbox 835 665 899 699; x_wconf 91' lang='lat' dir='ltr'>pro</span> <span class='ocrx_word' id='word_1_41' title='bbox 926 652 1065 685; x_wconf 81' lang='lat' dir='ltr'>Christo</span> <span class='ocrx_word' id='word_1_42' title='bbox 1093 658 1298 697; x_wconf 86' lang='lat' dir='ltr'>peremptus</span> <span class='ocrx_word' id='word_1_43' title='bbox 1324 659 1387 685; x_wconf 90' lang='lat' dir='ltr'>est.</span> <span class='ocrx_word' id='word_1_44' title='bbox 1414 653 1458 685; x_wconf 87' lang='lat' dir='ltr'>At</span> <span class='ocrx_word' id='word_1_45' title='bbox 1482 664 1564 685; x_wconf 74' lang='lat' dir='ltr'>vero</span> <span class='ocrx_word' id='word_1_46' title='bbox 1594 652 1719 698; x_wconf 82' lang='lat' dir='ltr'>reliqui</span> <span class='ocrx_word' id='word_1_47' title='bbox 1743 651 1899 697; x_wconf 87' lang='lat' dir='ltr'>ejusdem</span> <span class='ocrx_word' id='word_1_48' title='bbox 1924 651 1974 685; x_wconf 90' lang='lat' dir='ltr'>le-</span> 
     </span>
     <span class='ocr_line' id='line_1_6' title="bbox 459 709 1973 762; baseline -0.003 -14"><span class='ocrx_word' id='word_1_49' title='bbox 459 715 588 762; x_wconf 70' lang='lat' dir='ltr'>gionis,</span> <span class='ocrx_word' id='word_1_50' title='bbox 621 713 656 746; x_wconf 82' lang='lat' dir='ltr'>id</span> <span class='ocrx_word' id='word_1_51' title='bbox 682 719 733 746; x_wconf 88' lang='lat' dir='ltr'>est</span> <span class='ocrx_word' id='word_1_52' title='bbox 759 712 794 745; x_wconf 85' lang='lat' dir='ltr'>S.</span> <span class='ocrx_word' id='word_1_53' title='bbox 822 712 956 753; x_wconf 86' lang='lat' dir='ltr'>Mauri,</span> <span class='ocrx_word' id='word_1_54' title='bbox 986 709 1081 756; x_wconf 87' lang='lat' dir='ltr'>apud</span> <span class='ocrx_word' id='word_1_55' title='bbox 1103 709 1263 743; x_wconf 85' lang='lat' dir='ltr'>eamdem</span> <span class='ocrx_word' id='word_1_56' title='bbox 1289 711 1413 744; x_wconf 88' lang='lat' dir='ltr'>urbem</span> <span class='ocrx_word' id='word_1_57' title='bbox 1440 710 1558 758; x_wconf 73' lang='lat' dir='ltr'>gladio</span> <span class='ocrx_word' id='word_1_58' title='bbox 1586 711 1714 744; x_wconf 90' lang='lat' dir='ltr'>collum</span> <span class='ocrx_word' id='word_1_59' title='bbox 1744 723 1808 756; x_wconf 91' lang='lat' dir='ltr'>pro</span> <span class='ocrx_word' id='word_1_60' title='bbox 1835 710 1973 743; x_wconf 86' lang='lat' dir='ltr'>Christo</span> 
     </span>
     <span class='ocr_line' id='line_1_7' title="bbox 460 770 710 805; baseline -0.008 0"><span class='ocrx_word' id='word_1_61' title='bbox 460 770 710 805; x_wconf 87' lang='lat' dir='ltr'>subdiderunt.</span> 
     </span>
    </p>

    <p class='ocr_par' dir='ltr' id='par_1_3' title="bbox 456 827 1974 1752">
     <span class='ocr_line' id='line_1_8' title="bbox 508 827 1973 875; baseline -0.002 -12"><span class='ocrx_word' id='word_1_62' title='bbox 508 831 636 864; x_wconf 82' lang='lat' dir='ltr'>Romae</span> <span class='ocrx_word' id='word_1_63' title='bbox 654 836 813 875; x_wconf 86' lang='lat' dir='ltr'>tempore</span> <span class='ocrx_word' id='word_1_64' title='bbox 830 827 948 861; x_wconf 89' lang='lat' dir='ltr'>adhuc</span> <span class='ocrx_word' id='word_1_65' title='bbox 968 827 1038 873; x_wconf 83' lang='lat' dir='ltr'>Caji</span> <span class='ocrx_word' id='word_1_66' title='bbox 1060 839 1189 873; x_wconf 87' lang='lat' dir='ltr'>papae,</span> <span class='ocrx_word' id='word_1_67' title='bbox 1217 827 1404 861; x_wconf 88' lang='lat' dir='ltr'>Tiburcius</span> <span class='ocrx_word' id='word_1_68' title='bbox 1418 827 1558 873; x_wconf 88' lang='lat' dir='ltr'>juvenis</span> <span class='ocrx_word' id='word_1_69' title='bbox 1572 828 1710 861; x_wconf 86' lang='lat' dir='ltr'>illaesus</span> <span class='ocrx_word' id='word_1_70' title='bbox 1733 828 1777 861; x_wconf 91' lang='lat' dir='ltr'>ab</span> <span class='ocrx_word' id='word_1_71' title='bbox 1796 828 1877 875; x_wconf 74' lang='lat' dir='ltr'>igne</span> <span class='ocrx_word' id='word_1_72' title='bbox 1897 827 1973 875; x_wconf 78' lang='lat' dir='ltr'>gla—</span> 
     </span>
     <span class='ocr_line' id='line_1_9' title="bbox 461 885 1974 935; baseline -0.001 -14"><span class='ocrx_word' id='word_1_73' title='bbox 461 888 519 922; x_wconf 92' lang='lat' dir='ltr'>dio</span> <span class='ocrx_word' id='word_1_74' title='bbox 542 887 729 935; x_wconf 77' lang='lat' dir='ltr'>jugulatur</span> <span class='ocrx_word' id='word_1_75' title='bbox 748 887 782 932; x_wconf 83' lang='lat' dir='ltr'>iij</span> <span class='ocrx_word' id='word_1_76' title='bbox 806 886 885 919; x_wconf 90' lang='lat' dir='ltr'>idus</span> <span class='ocrx_word' id='word_1_77' title='bbox 907 886 1069 934; x_wconf 78' lang='lat' dir='ltr'>Augusti.</span> <span class='ocrx_word' id='word_1_78' title='bbox 1100 885 1238 919; x_wconf 88' lang='lat' dir='ltr'>Marcus</span> <span class='ocrx_word' id='word_1_79' title='bbox 1260 898 1404 932; x_wconf 87' lang='lat' dir='ltr'>quoque</span> <span class='ocrx_word' id='word_1_80' title='bbox 1427 892 1461 919; x_wconf 87' lang='lat' dir='ltr'>et</span> <span class='ocrx_word' id='word_1_81' title='bbox 1483 885 1747 929; x_wconf 72' lang='lat' dir='ltr'>marcellianus,</span> <span class='ocrx_word' id='word_1_82' title='bbox 1773 885 1817 919; x_wconf 85' lang='lat' dir='ltr'>ad</span> <span class='ocrx_word' id='word_1_83' title='bbox 1839 885 1974 931; x_wconf 79' lang='lat' dir='ltr'>stipites</span> 
     </span>
     <span class='ocr_line' id='line_1_10' title="bbox 459 943 1973 994; baseline -0.003 -14"><span class='ocrx_word' id='word_1_84' title='bbox 459 947 553 994; x_wconf 80' lang='lat' dir='ltr'>ligati</span> <span class='ocrx_word' id='word_1_85' title='bbox 571 952 606 979; x_wconf 88' lang='lat' dir='ltr'>et</span> <span class='ocrx_word' id='word_1_86' title='bbox 624 945 780 979; x_wconf 79' lang='lat' dir='ltr'>transfixi</span> <span class='ocrx_word' id='word_1_87' title='bbox 802 944 949 987; x_wconf 74' lang='lat' dir='ltr'>lanceis,</span> <span class='ocrx_word' id='word_1_88' title='bbox 970 950 1187 978; x_wconf 83' lang='lat' dir='ltr'>coronantur</span> <span class='ocrx_word' id='word_1_89' title='bbox 1205 943 1274 989; x_wconf 74' lang='lat' dir='ltr'>xiiij</span> <span class='ocrx_word' id='word_1_90' title='bbox 1296 944 1362 977; x_wconf 87' lang='lat' dir='ltr'>kal.</span> <span class='ocrx_word' id='word_1_91' title='bbox 1388 944 1489 987; x_wconf 89' lang='lat' dir='ltr'>Julii,</span> <span class='ocrx_word' id='word_1_92' title='bbox 1511 956 1665 990; x_wconf 90' lang='lat' dir='ltr'>quorum</span> <span class='ocrx_word' id='word_1_93' title='bbox 1685 956 1767 977; x_wconf 90' lang='lat' dir='ltr'>sane</span> <span class='ocrx_word' id='word_1_94' title='bbox 1782 944 1973 977; x_wconf 88' lang='lat' dir='ltr'>certamina</span> 
     </span>
     <span class='ocr_line' id='line_1_11' title="bbox 458 1001 1970 1051; baseline -0.002 -13"><span class='ocrx_word' id='word_1_95' title='bbox 458 1005 682 1051; x_wconf 81' lang='lat' dir='ltr'>reperiuntur</span> <span class='ocrx_word' id='word_1_96' title='bbox 698 1004 731 1036; x_wconf 88' lang='lat' dir='ltr'>in</span> <span class='ocrx_word' id='word_1_97' title='bbox 752 1003 910 1049; x_wconf 75' lang='lat' dir='ltr'>passione</span> <span class='ocrx_word' id='word_1_98' title='bbox 929 1001 1122 1036; x_wconf 84' lang='lat' dir='ltr'>Sebastiani</span> <span class='ocrx_word' id='word_1_99' title='bbox 1144 1002 1308 1047; x_wconf 64' lang='lat' dir='ltr'>martyris</span> <span class='ocrx_word' id='word_1_100' title='bbox 1327 1009 1361 1036; x_wconf 83' lang='lat' dir='ltr'>et</span> <span class='ocrx_word' id='word_1_101' title='bbox 1381 1002 1519 1045; x_wconf 88' lang='lat' dir='ltr'>militis,</span> <span class='ocrx_word' id='word_1_102' title='bbox 1541 1002 1603 1048; x_wconf 88' lang='lat' dir='ltr'>qui</span> <span class='ocrx_word' id='word_1_103' title='bbox 1622 1009 1656 1035; x_wconf 90' lang='lat' dir='ltr'>et</span> <span class='ocrx_word' id='word_1_104' title='bbox 1674 1002 1747 1048; x_wconf 85' lang='lat' dir='ltr'>ipse</span> <span class='ocrx_word' id='word_1_105' title='bbox 1765 1002 1970 1045; x_wconf 81' lang='lat' dir='ltr'>novissime,</span> 
     </span>
     <span class='ocr_line' id='line_1_12' title="bbox 458 1060 1973 1108; baseline -0.002 -11"><span class='ocrx_word' id='word_1_106' title='bbox 458 1076 537 1097; x_wconf 80' lang='lat' dir='ltr'>cuni</span> <span class='ocrx_word' id='word_1_107' title='bbox 559 1063 704 1096; x_wconf 73' lang='lat' dir='ltr'>haberet</span> <span class='ocrx_word' id='word_1_108' title='bbox 723 1062 961 1108; x_wconf 83' lang='lat' dir='ltr'>principatum</span> <span class='ocrx_word' id='word_1_109' title='bbox 982 1062 1116 1107; x_wconf 85' lang='lat' dir='ltr'>primae</span> <span class='ocrx_word' id='word_1_110' title='bbox 1136 1061 1309 1102; x_wconf 85' lang='lat' dir='ltr'>cohortis,</span> <span class='ocrx_word' id='word_1_111' title='bbox 1336 1061 1371 1094; x_wconf 92' lang='lat' dir='ltr'>in</span> <span class='ocrx_word' id='word_1_112' title='bbox 1391 1074 1534 1107; x_wconf 88' lang='lat' dir='ltr'>eampo,</span> <span class='ocrx_word' id='word_1_113' title='bbox 1554 1062 1655 1107; x_wconf 86' lang='lat' dir='ltr'>jussu</span> <span class='ocrx_word' id='word_1_114' title='bbox 1679 1061 1904 1095; x_wconf 79' lang='lat' dir='ltr'>Diocletiani.</span> <span class='ocrx_word' id='word_1_115' title='bbox 1929 1060 1973 1095; x_wconf 90' lang='lat' dir='ltr'>ad</span> 
     </span>
     <span class='ocr_line' id='line_1_13' title="bbox 457 1113 1973 1170; baseline -0.001 -15"><span class='ocrx_word' id='word_1_116' title='bbox 457 1123 598 1170; x_wconf 72' lang='lat' dir='ltr'>signum</span> <span class='ocrx_word' id='word_1_117' title='bbox 615 1122 766 1167; x_wconf 87' lang='lat' dir='ltr'>positus,</span> <span class='ocrx_word' id='word_1_118' title='bbox 784 1121 917 1169; x_wconf 76' lang='lat' dir='ltr'>sagittis</span> <span class='ocrx_word' id='word_1_119' title='bbox 936 1127 971 1154; x_wconf 86' lang='lat' dir='ltr'>et</span> <span class='ocrx_word' id='word_1_120' title='bbox 988 1120 1133 1154; x_wconf 84' lang='lat' dir='ltr'>demun]</span> <span class='ocrx_word' id='word_1_121' title='bbox 1154 1120 1306 1154; x_wconf 88' lang='lat' dir='ltr'>fustibus</span> <span class='ocrx_word' id='word_1_122' title='bbox 1321 1120 1487 1168; x_wconf 79' lang='lat' dir='ltr'>fatigatus</span> <span class='ocrx_word' id='word_1_123' title='bbox 1506 1120 1687 1154; x_wconf 87' lang='lat' dir='ltr'>occubuit.</span> <span class='ocrx_word' id='word_1_124' title='bbox 1708 1120 1810 1154; x_wconf 89' lang='lat' dir='ltr'>Caius</span> <span class='ocrx_word' id='word_1_125' title='bbox 1828 1113 1973 1166; x_wconf 76' lang='lat' dir='ltr'>quoque</span> 
     </span>
     <span class='ocr_line' id='line_1_14' title="bbox 458 1177 1974 1227; baseline -0.002 -13"><span class='ocrx_word' id='word_1_126' title='bbox 458 1193 548 1227; x_wconf 85' lang='lat' dir='ltr'>papa</span> <span class='ocrx_word' id='word_1_127' title='bbox 576 1180 744 1226; x_wconf 70' lang='lat' dir='ltr'>martyrio</span> <span class='ocrx_word' id='word_1_128' title='bbox 776 1186 979 1213; x_wconf 88' lang='lat' dir='ltr'>coronatur.</span> <span class='ocrx_word' id='word_1_129' title='bbox 1011 1179 1188 1213; x_wconf 81' lang='lat' dir='ltr'>Numerus</span> <span class='ocrx_word' id='word_1_130' title='bbox 1211 1179 1459 1212; x_wconf 87' lang='lat' dir='ltr'>Thebaeorum</span> <span class='ocrx_word' id='word_1_131' title='bbox 1485 1179 1576 1212; x_wconf 87' lang='lat' dir='ltr'>sicut</span> <span class='ocrx_word' id='word_1_132' title='bbox 1595 1179 1832 1224; x_wconf 81' lang='lat' dir='ltr'>praescriptus</span> <span class='ocrx_word' id='word_1_133' title='bbox 1862 1184 1914 1211; x_wconf 88' lang='lat' dir='ltr'>est</span> <span class='ocrx_word' id='word_1_134' title='bbox 1937 1177 1974 1210; x_wconf 90' lang='lat' dir='ltr'>in</span> 
     </span>
     <span class='ocr_line' id='line_1_15' title="bbox 458 1237 1974 1287; baseline -0.003 -14"><span class='ocrx_word' id='word_1_135' title='bbox 458 1239 710 1287; x_wconf 63' lang='lat' dir='ltr'>martyrologio</span> <span class='ocrx_word' id='word_1_136' title='bbox 730 1238 925 1284; x_wconf 85' lang='lat' dir='ltr'>reperitur:</span> <span class='ocrx_word' id='word_1_137' title='bbox 945 1244 981 1271; x_wconf 87' lang='lat' dir='ltr'>at</span> <span class='ocrx_word' id='word_1_138' title='bbox 993 1250 1076 1271; x_wconf 73' lang='lat' dir='ltr'>vero</span> <span class='ocrx_word' id='word_1_139' title='bbox 1095 1238 1130 1270; x_wconf 91' lang='lat' dir='ltr'>in</span> <span class='ocrx_word' id='word_1_140' title='bbox 1150 1238 1238 1271; x_wconf 91' lang='lat' dir='ltr'>libro</span> <span class='ocrx_word' id='word_1_141' title='bbox 1255 1238 1424 1283; x_wconf 82' lang='lat' dir='ltr'>passionis</span> <span class='ocrx_word' id='word_1_142' title='bbox 1439 1238 1597 1284; x_wconf 87' lang='lat' dir='ltr'>ipsorum</span> <span class='ocrx_word' id='word_1_143' title='bbox 1610 1264 1618 1277; x_wconf 71' lang='lat'>,</span> <span class='ocrx_word' id='word_1_144' title='bbox 1641 1237 1824 1271; x_wconf 88' lang='lat' dir='ltr'>Mauritius</span> <span class='ocrx_word' id='word_1_145' title='bbox 1837 1237 1974 1270; x_wconf 59' lang='lat' dir='ltr'>inveni—</span> 
     </span>
     <span class='ocr_line' id='line_1_16' title="bbox 458 1295 1970 1342; baseline -0.002 -11"><span class='ocrx_word' id='word_1_146' title='bbox 458 1305 516 1331; x_wconf 91' lang='lat' dir='ltr'>tur</span> <span class='ocrx_word' id='word_1_147' title='bbox 535 1310 616 1332; x_wconf 89' lang='lat' dir='ltr'>cum</span> <span class='ocrx_word' id='word_1_148' title='bbox 636 1297 738 1330; x_wconf 90' lang='lat' dir='ltr'>sociis</span> <span class='ocrx_word' id='word_1_149' title='bbox 753 1297 811 1342; x_wconf 76' lang='lat' dir='ltr'>vjffl</span> <span class='ocrx_word' id='word_1_150' title='bbox 836 1296 1018 1338; x_wconf 75' lang='lat' dir='ltr'>DCLXVI,</span> <span class='ocrx_word' id='word_1_151' title='bbox 1041 1295 1178 1329; x_wconf 89' lang='lat' dir='ltr'>Gereon</span> <span class='ocrx_word' id='word_1_152' title='bbox 1198 1302 1232 1329; x_wconf 89' lang='lat' dir='ltr'>et</span> <span class='ocrx_word' id='word_1_153' title='bbox 1251 1295 1370 1329; x_wconf 80' lang='lat' dir='ltr'>Victor</span> <span class='ocrx_word' id='word_1_154' title='bbox 1388 1307 1469 1329; x_wconf 89' lang='lat' dir='ltr'>cum</span> <span class='ocrx_word' id='word_1_155' title='bbox 1487 1296 1589 1329; x_wconf 89' lang='lat' dir='ltr'>sociis</span> <span class='ocrx_word' id='word_1_156' title='bbox 1604 1295 1817 1338; x_wconf 70' lang='lat' dir='ltr'>DCXLVHI,</span> <span class='ocrx_word' id='word_1_157' title='bbox 1840 1295 1970 1338; x_wconf 84' lang='lat' dir='ltr'>Mauri,</span> 
     </span>
     <span class='ocr_line' id='line_1_17' title="bbox 458 1354 1971 1403; baseline -0.002 -13"><span class='ocrx_word' id='word_1_158' title='bbox 458 1358 540 1403; x_wconf 89' lang='lat' dir='ltr'>quia</span> <span class='ocrx_word' id='word_1_159' title='bbox 554 1356 598 1390; x_wconf 92' lang='lat' dir='ltr'>de</span> <span class='ocrx_word' id='word_1_160' title='bbox 614 1356 823 1389; x_wconf 82' lang='lat' dir='ltr'>Mauritania</span> <span class='ocrx_word' id='word_1_161' title='bbox 837 1361 953 1398; x_wconf 86' lang='lat' dir='ltr'>erant,</span> <span class='ocrx_word' id='word_1_162' title='bbox 975 1354 1079 1397; x_wconf 79' lang='lat' dir='ltr'>dicti,</span> <span class='ocrx_word' id='word_1_163' title='bbox 1098 1366 1178 1388; x_wconf 87' lang='lat' dir='ltr'>cum</span> <span class='ocrx_word' id='word_1_164' title='bbox 1199 1354 1300 1388; x_wconf 88' lang='lat' dir='ltr'>sociis</span> <span class='ocrx_word' id='word_1_165' title='bbox 1319 1354 1473 1388; x_wconf 83' lang='lat' dir='ltr'>CCCLX.</span> <span class='ocrx_word' id='word_1_166' title='bbox 1497 1354 1719 1388; x_wconf 83' lang='lat' dir='ltr'>Marcellinus</span> <span class='ocrx_word' id='word_1_167' title='bbox 1739 1366 1847 1400; x_wconf 64' lang='lat' dir='ltr'>papa,</span> <span class='ocrx_word' id='word_1_168' title='bbox 1869 1354 1931 1400; x_wconf 91' lang='lat' dir='ltr'>qui</span> <span class='ocrx_word' id='word_1_169' title='bbox 1952 1366 1971 1386; x_wconf 88' lang='lat' dir='ltr'>v</span> 
     </span>
     <span class='ocr_line' id='line_1_18' title="bbox 459 1411 1970 1460; baseline -0.002 -12"><span class='ocrx_word' id='word_1_170' title='bbox 459 1415 558 1448; x_wconf 87' lang='lat' dir='ltr'>annis</span> <span class='ocrx_word' id='word_1_171' title='bbox 581 1414 753 1460; x_wconf 83' lang='lat' dir='ltr'>praefuit,</span> <span class='ocrx_word' id='word_1_172' title='bbox 775 1413 959 1446; x_wconf 87' lang='lat' dir='ltr'>constituit</span> <span class='ocrx_word' id='word_1_173' title='bbox 978 1419 1019 1446; x_wconf 90' lang='lat' dir='ltr'>ut</span> <span class='ocrx_word' id='word_1_174' title='bbox 1037 1412 1234 1446; x_wconf 84' lang='lat' dir='ltr'>sacerdotes</span> <span class='ocrx_word' id='word_1_175' title='bbox 1253 1419 1287 1445; x_wconf 90' lang='lat' dir='ltr'>et</span> <span class='ocrx_word' id='word_1_176' title='bbox 1306 1425 1427 1446; x_wconf 90' lang='lat' dir='ltr'>omnes</span> <span class='ocrx_word' id='word_1_177' title='bbox 1448 1413 1482 1446; x_wconf 93' lang='lat' dir='ltr'>in</span> <span class='ocrx_word' id='word_1_178' title='bbox 1505 1424 1603 1446; x_wconf 88' lang='lat' dir='ltr'>sacro</span> <span class='ocrx_word' id='word_1_179' title='bbox 1624 1411 1748 1446; x_wconf 89' lang='lat' dir='ltr'>ordine</span> <span class='ocrx_word' id='word_1_180' title='bbox 1767 1411 1970 1452; x_wconf 82' lang='lat' dir='ltr'>constituti,</span> 
     </span>
     <span class='ocr_line' id='line_1_19' title="bbox 458 1470 1972 1519; baseline -0.001 -13"><span class='ocrx_word' id='word_1_181' title='bbox 458 1474 529 1507; x_wconf 89' lang='lat' dir='ltr'>suis</span> <span class='ocrx_word' id='word_1_182' title='bbox 548 1472 734 1506; x_wconf 86' lang='lat' dir='ltr'>ordinibus</span> <span class='ocrx_word' id='word_1_183' title='bbox 755 1472 845 1517; x_wconf 87' lang='lat' dir='ltr'>aptis</span> <span class='ocrx_word' id='word_1_184' title='bbox 860 1471 974 1505; x_wconf 89' lang='lat' dir='ltr'>induti</span> <span class='ocrx_word' id='word_1_185' title='bbox 992 1472 1147 1505; x_wconf 73' lang='lat' dir='ltr'>vestibus</span> <span class='ocrx_word' id='word_1_186' title='bbox 1165 1471 1390 1517; x_wconf 79' lang='lat' dir='ltr'>sepeliantur.</span> <span class='ocrx_word' id='word_1_187' title='bbox 1416 1471 1484 1504; x_wconf 88' lang='lat' dir='ltr'>Iste</span> <span class='ocrx_word' id='word_1_188' title='bbox 1502 1484 1520 1505; x_wconf 90' lang='lat' dir='ltr'>a</span> <span class='ocrx_word' id='word_1_189' title='bbox 1541 1472 1685 1519; x_wconf 78' lang='lat' dir='ltr'>paganis</span> <span class='ocrx_word' id='word_1_190' title='bbox 1705 1478 1846 1505; x_wconf 90' lang='lat' dir='ltr'>coactus</span> <span class='ocrx_word' id='word_1_191' title='bbox 1865 1471 1947 1504; x_wconf 89' lang='lat' dir='ltr'>thus</span> <span class='ocrx_word' id='word_1_192' title='bbox 1961 1470 1972 1491; x_wconf 85' lang='lat'><strong>¹</strong></span> 
     </span>
     <span class='ocr_line' id='line_1_20' title="bbox 457 1529 1973 1577; baseline -0.001 -12"><span class='ocrx_word' id='word_1_193' title='bbox 457 1531 558 1565; x_wconf 88' lang='lat' dir='ltr'>idolis</span> <span class='ocrx_word' id='word_1_194' title='bbox 583 1531 722 1577; x_wconf 89' lang='lat' dir='ltr'>posuit,</span> <span class='ocrx_word' id='word_1_195' title='bbox 749 1542 855 1576; x_wconf 90' lang='lat' dir='ltr'>super</span> <span class='ocrx_word' id='word_1_196' title='bbox 881 1542 953 1575; x_wconf 89' lang='lat' dir='ltr'>quo</span> <span class='ocrx_word' id='word_1_197' title='bbox 974 1536 1093 1563; x_wconf 87' lang='lat' dir='ltr'>tamen</span> <span class='ocrx_word' id='word_1_198' title='bbox 1122 1530 1238 1563; x_wconf 90' lang='lat' dir='ltr'>nullus</span> <span class='ocrx_word' id='word_1_199' title='bbox 1260 1542 1340 1563; x_wconf 89' lang='lat' dir='ltr'>eum</span> <span class='ocrx_word' id='word_1_200' title='bbox 1370 1529 1582 1577; x_wconf 76' lang='lat' dir='ltr'>redarguere</span> <span class='ocrx_word' id='word_1_201' title='bbox 1608 1529 1864 1575; x_wconf 86' lang='lat' dir='ltr'>praesumpsit,</span> <span class='ocrx_word' id='word_1_202' title='bbox 1891 1529 1973 1575; x_wconf 87' lang='lat' dir='ltr'>quia</span> 
     </span>
     <span class='ocr_line' id='line_1_21' title="bbox 457 1587 1972 1635; baseline -0.002 -12"><span class='ocrx_word' id='word_1_203' title='bbox 457 1602 616 1624; x_wconf 87' lang='lat' dir='ltr'>summus</span> <span class='ocrx_word' id='word_1_204' title='bbox 640 1589 798 1635; x_wconf 77' lang='lat' dir='ltr'>pontifex</span> <span class='ocrx_word' id='word_1_205' title='bbox 822 1595 907 1622; x_wconf 89' lang='lat' dir='ltr'>erat.</span> <span class='ocrx_word' id='word_1_206' title='bbox 936 1588 1005 1630; x_wconf 87' lang='lat' dir='ltr'>Qui</span> <span class='ocrx_word' id='word_1_207' title='bbox 1031 1595 1148 1621; x_wconf 87' lang='lat' dir='ltr'>tamen</span> <span class='ocrx_word' id='word_1_208' title='bbox 1173 1595 1253 1634; x_wconf 87' lang='lat' dir='ltr'>post</span> <span class='ocrx_word' id='word_1_209' title='bbox 1277 1595 1402 1633; x_wconf 88' lang='lat' dir='ltr'>sponte</span> <span class='ocrx_word' id='word_1_210' title='bbox 1428 1589 1569 1622; x_wconf 77' lang='lat' dir='ltr'>veniens</span> <span class='ocrx_word' id='word_1_211' title='bbox 1590 1587 1634 1621; x_wconf 92' lang='lat' dir='ltr'>ad</span> <span class='ocrx_word' id='word_1_212' title='bbox 1654 1588 1864 1634; x_wconf 74' lang='lat' dir='ltr'>martyrium</span> <span class='ocrx_word' id='word_1_213' title='bbox 1891 1599 1972 1621; x_wconf 90' lang='lat' dir='ltr'>cum</span> 
     </span>
     <span class='ocr_line' id='line_1_22' title="bbox 457 1645 1973 1692; baseline -0.001 -11"><span class='ocrx_word' id='word_1_214' title='bbox 457 1648 576 1681; x_wconf 89' lang='lat' dir='ltr'>multis</span> <span class='ocrx_word' id='word_1_215' title='bbox 601 1647 793 1681; x_wconf 86' lang='lat' dir='ltr'>decollatus</span> <span class='ocrx_word' id='word_1_216' title='bbox 816 1653 879 1680; x_wconf 89' lang='lat' dir='ltr'>est.</span> <span class='ocrx_word' id='word_1_217' title='bbox 905 1646 984 1686; x_wconf 88' lang='lat' dir='ltr'>Quo</span> <span class='ocrx_word' id='word_1_218' title='bbox 1011 1647 1115 1679; x_wconf 87' lang='lat' dir='ltr'>etiam</span> <span class='ocrx_word' id='word_1_219' title='bbox 1142 1653 1302 1692; x_wconf 88' lang='lat' dir='ltr'>tempore</span> <span class='ocrx_word' id='word_1_220' title='bbox 1329 1646 1419 1679; x_wconf 85' lang='lat' dir='ltr'>infra</span> <span class='ocrx_word' id='word_1_221' title='bbox 1449 1659 1559 1679; x_wconf 89' lang='lat' dir='ltr'>unum</span> <span class='ocrx_word' id='word_1_222' title='bbox 1589 1658 1744 1680; x_wconf 89' lang='lat' dir='ltr'>mensem</span> <span class='ocrx_word' id='word_1_223' title='bbox 1772 1646 1838 1692; x_wconf 81' lang='lat' dir='ltr'>xvij</span> <span class='ocrx_word' id='word_1_224' title='bbox 1869 1645 1973 1679; x_wconf 91' lang='lat' dir='ltr'>millia</span> 
     </span>
     <span class='ocr_line' id='line_1_23' title="bbox 456 1705 1631 1752; baseline -0.002 -12"><span class='ocrx_word' id='word_1_225' title='bbox 456 1707 625 1752; x_wconf 80' lang='lat' dir='ltr'>martyrio</span> <span class='ocrx_word' id='word_1_226' title='bbox 647 1711 883 1748; x_wconf 86' lang='lat' dir='ltr'>coronantur,</span> <span class='ocrx_word' id='word_1_227' title='bbox 905 1711 940 1738; x_wconf 87' lang='lat' dir='ltr'>et</span> <span class='ocrx_word' id='word_1_228' title='bbox 959 1705 1104 1738; x_wconf 72' lang='lat' dir='ltr'>cessavit</span> <span class='ocrx_word' id='word_1_229' title='bbox 1123 1706 1345 1751; x_wconf 84' lang='lat' dir='ltr'>episcopatus</span> <span class='ocrx_word' id='word_1_230' title='bbox 1365 1705 1465 1738; x_wconf 87' lang='lat' dir='ltr'>annis</span> <span class='ocrx_word' id='word_1_231' title='bbox 1484 1711 1631 1751; x_wconf 83' lang='lat' dir='ltr'>septem.</span> 
     </span>
    </p>

    <p class='ocr_par' dir='ltr' id='par_1_4' title="bbox 454 1763 1975 2395">
     <span class='ocr_line' id='line_1_24' title="bbox 504 1763 1972 1812; baseline -0.001 -13"><span class='ocrx_word' id='word_1_232' title='bbox 504 1764 649 1799; x_wconf 75' lang='lat' dir='ltr'>Civitate</span> <span class='ocrx_word' id='word_1_233' title='bbox 673 1764 792 1798; x_wconf 88' lang='lat' dir='ltr'>Cumis</span> <span class='ocrx_word' id='word_1_234' title='bbox 810 1764 948 1798; x_wconf 64' lang='lat' dir='ltr'>,Iuliana</span> <span class='ocrx_word' id='word_1_235' title='bbox 963 1764 1063 1811; x_wconf 78' lang='lat' dir='ltr'>virgo</span> <span class='ocrx_word' id='word_1_236' title='bbox 1077 1776 1167 1810; x_wconf 87' lang='lat' dir='ltr'>quae</span> <span class='ocrx_word' id='word_1_237' title='bbox 1187 1763 1368 1797; x_wconf 89' lang='lat' dir='ltr'>diabolum</span> <span class='ocrx_word' id='word_1_238' title='bbox 1389 1770 1531 1810; x_wconf 88' lang='lat' dir='ltr'>captum</span> <span class='ocrx_word' id='word_1_239' title='bbox 1549 1763 1736 1812; x_wconf 80' lang='lat' dir='ltr'>flagellavit</span> <span class='ocrx_word' id='word_1_240' title='bbox 1748 1791 1756 1807; x_wconf 89' lang='lat'>,</span> <span class='ocrx_word' id='word_1_241' title='bbox 1778 1770 1857 1810; x_wconf 89' lang='lat' dir='ltr'>post</span> <span class='ocrx_word' id='word_1_242' title='bbox 1875 1764 1972 1811; x_wconf 77' lang='lat' dir='ltr'>ignes</span> 
     </span>
     <span class='ocr_line' id='line_1_25' title="bbox 455 1822 1973 1871; baseline -0.001 -14"><span class='ocrx_word' id='word_1_243' title='bbox 455 1831 489 1857; x_wconf 87' lang='lat' dir='ltr'>et</span> <span class='ocrx_word' id='word_1_244' title='bbox 503 1824 596 1858; x_wconf 88' lang='lat' dir='ltr'>varia</span> <span class='ocrx_word' id='word_1_245' title='bbox 614 1830 791 1857; x_wconf 86' lang='lat' dir='ltr'>tormenta</span> <span class='ocrx_word' id='word_1_246' title='bbox 806 1822 1012 1857; x_wconf 87' lang='lat' dir='ltr'>decollatur.</span> <span class='ocrx_word' id='word_1_247' title='bbox 1036 1823 1076 1856; x_wconf 91' lang='lat' dir='ltr'>In</span> <span class='ocrx_word' id='word_1_248' title='bbox 1095 1822 1329 1857; x_wconf 88' lang='lat' dir='ltr'>Chalcedonia</span> <span class='ocrx_word' id='word_1_249' title='bbox 1348 1823 1579 1869; x_wconf 87' lang='lat' dir='ltr'>Euphemiam</span> <span class='ocrx_word' id='word_1_250' title='bbox 1598 1823 1771 1871; x_wconf 78' lang='lat' dir='ltr'>virginem</span> <span class='ocrx_word' id='word_1_251' title='bbox 1786 1829 1866 1869; x_wconf 86' lang='lat' dir='ltr'>post</span> <span class='ocrx_word' id='word_1_252' title='bbox 1879 1822 1973 1855; x_wconf 83' lang='lat' dir='ltr'>varia</span> 
     </span>
     <span class='ocr_line' id='line_1_26' title="bbox 454 1881 1975 1917; baseline -0.002 -1"><span class='ocrx_word' id='word_1_253' title='bbox 454 1889 630 1917; x_wconf 88' lang='lat' dir='ltr'>tormenta</span> <span class='ocrx_word' id='word_1_254' title='bbox 654 1895 725 1916; x_wconf 89' lang='lat' dir='ltr'>una</span> <span class='ocrx_word' id='word_1_255' title='bbox 747 1882 855 1915; x_wconf 82' lang='lat' dir='ltr'>bestia</span> <span class='ocrx_word' id='word_1_256' title='bbox 877 1881 922 1915; x_wconf 87' lang='lat' dir='ltr'>ad</span> <span class='ocrx_word' id='word_1_257' title='bbox 945 1888 1096 1915; x_wconf 86' lang='lat' dir='ltr'>mortem</span> <span class='ocrx_word' id='word_1_258' title='bbox 1116 1882 1323 1916; x_wconf 81' lang='lat' dir='ltr'>vulneravit.</span> <span class='ocrx_word' id='word_1_259' title='bbox 1356 1882 1486 1916; x_wconf 89' lang='lat' dir='ltr'>Romae</span> <span class='ocrx_word' id='word_1_260' title='bbox 1509 1882 1649 1915; x_wconf 90' lang='lat' dir='ltr'>Primus</span> <span class='ocrx_word' id='word_1_261' title='bbox 1670 1888 1706 1915; x_wconf 87' lang='lat' dir='ltr'>et</span> <span class='ocrx_word' id='word_1_262' title='bbox 1731 1881 1922 1915; x_wconf 87' lang='lat' dir='ltr'>Feliciauus</span> <span class='ocrx_word' id='word_1_263' title='bbox 1940 1886 1975 1913; x_wconf 85' lang='lat' dir='ltr'>et</span> 
     </span>
     <span class='ocr_line' id='line_1_27' title="bbox 454 1940 1971 1989; baseline -0.001 -15"><span class='ocrx_word' id='word_1_264' title='bbox 454 1941 522 1974; x_wconf 88' lang='lat' dir='ltr'>alio</span> <span class='ocrx_word' id='word_1_265' title='bbox 548 1947 708 1986; x_wconf 87' lang='lat' dir='ltr'>tempore</span> <span class='ocrx_word' id='word_1_266' title='bbox 737 1940 826 1974; x_wconf 75' lang='lat' dir='ltr'>Felix</span> <span class='ocrx_word' id='word_1_267' title='bbox 852 1941 1057 1986; x_wconf 75' lang='lat' dir='ltr'>presbyter,</span> <span class='ocrx_word' id='word_1_268' title='bbox 1086 1947 1120 1974; x_wconf 91' lang='lat' dir='ltr'>et</span> <span class='ocrx_word' id='word_1_269' title='bbox 1144 1940 1324 1974; x_wconf 84' lang='lat' dir='ltr'>Adauctus</span> <span class='ocrx_word' id='word_1_270' title='bbox 1351 1953 1501 1988; x_wconf 76' lang='lat' dir='ltr'>agonem</span> <span class='ocrx_word' id='word_1_271' title='bbox 1528 1953 1634 1974; x_wconf 89' lang='lat' dir='ltr'>suum</span> <span class='ocrx_word' id='word_1_272' title='bbox 1653 1940 1771 1989; x_wconf 76' lang='lat' dir='ltr'>gladio</span> <span class='ocrx_word' id='word_1_273' title='bbox 1790 1940 1971 1973; x_wconf 83' lang='lat' dir='ltr'>finierunt.</span> 
     </span>
     <span class='ocr_line' id='line_1_28' title="bbox 456 1998 1973 2047; baseline 0.001 -15"><span class='ocrx_word' id='word_1_274' title='bbox 456 2000 649 2041; x_wconf 84' lang='lat' dir='ltr'>Quintinus</span> <span class='ocrx_word' id='word_1_275' title='bbox 665 1999 775 2033; x_wconf 88' lang='lat' dir='ltr'>Roma</span> <span class='ocrx_word' id='word_1_276' title='bbox 793 2000 935 2033; x_wconf 61' lang='lat' dir='ltr'>veniens</span> <span class='ocrx_word' id='word_1_277' title='bbox 954 2000 990 2032; x_wconf 91' lang='lat' dir='ltr'>iu</span> <span class='ocrx_word' id='word_1_278' title='bbox 1008 2012 1098 2047; x_wconf 74' lang='lat' dir='ltr'>pago</span> <span class='ocrx_word' id='word_1_279' title='bbox 1122 1999 1389 2033; x_wconf 71' lang='lat' dir='ltr'>Viromandensi</span> <span class='ocrx_word' id='word_1_280' title='bbox 1410 2000 1477 2033; x_wconf 89' lang='lat' dir='ltr'>sub</span> <span class='ocrx_word' id='word_1_281' title='bbox 1498 2000 1696 2033; x_wconf 71' lang='lat' dir='ltr'>Rictiovaro</span> <span class='ocrx_word' id='word_1_282' title='bbox 1715 1998 1874 2046; x_wconf 84' lang='lat' dir='ltr'>praeside</span> <span class='ocrx_word' id='word_1_283' title='bbox 1892 2010 1973 2044; x_wconf 86' lang='lat' dir='ltr'>pas-</span> 
     </span>
     <span class='ocr_line' id='line_1_29' title="bbox 455 2057 1972 2104; baseline 0 -14"><span class='ocrx_word' id='word_1_284' title='bbox 455 2070 512 2091; x_wconf 91' lang='lat' dir='ltr'>sus</span> <span class='ocrx_word' id='word_1_285' title='bbox 531 2064 603 2100; x_wconf 83' lang='lat' dir='ltr'>est,</span> <span class='ocrx_word' id='word_1_286' title='bbox 632 2069 739 2103; x_wconf 88' lang='lat' dir='ltr'>quem</span> <span class='ocrx_word' id='word_1_287' title='bbox 762 2058 871 2091; x_wconf 86' lang='lat' dir='ltr'>secuti</span> <span class='ocrx_word' id='word_1_288' title='bbox 893 2057 1074 2103; x_wconf 89' lang='lat' dir='ltr'>Crispinus</span> <span class='ocrx_word' id='word_1_289' title='bbox 1097 2064 1132 2091; x_wconf 82' lang='lat' dir='ltr'>et</span> <span class='ocrx_word' id='word_1_290' title='bbox 1152 2057 1392 2104; x_wconf 88' lang='lat' dir='ltr'>Crispinianus</span> <span class='ocrx_word' id='word_1_291' title='bbox 1413 2057 1509 2104; x_wconf 89' lang='lat' dir='ltr'>apud</span> <span class='ocrx_word' id='word_1_292' title='bbox 1530 2058 1653 2091; x_wconf 90' lang='lat' dir='ltr'>urbem</span> <span class='ocrx_word' id='word_1_293' title='bbox 1680 2058 1901 2092; x_wconf 84' lang='lat' dir='ltr'>Suessionem</span> <span class='ocrx_word' id='word_1_294' title='bbox 1928 2057 1972 2090; x_wconf 90' lang='lat' dir='ltr'>ab</span> 
     </span>
     <span class='ocr_line' id='line_1_30' title="bbox 455 2115 1971 2163; baseline -0.001 -13"><span class='ocrx_word' id='word_1_295' title='bbox 455 2115 579 2150; x_wconf 83' lang='lat' dir='ltr'>eodem</span> <span class='ocrx_word' id='word_1_296' title='bbox 601 2115 759 2161; x_wconf 85' lang='lat' dir='ltr'>praeside</span> <span class='ocrx_word' id='word_1_297' title='bbox 779 2115 896 2163; x_wconf 77' lang='lat' dir='ltr'>gladio</span> <span class='ocrx_word' id='word_1_298' title='bbox 915 2117 1028 2150; x_wconf 90' lang='lat' dir='ltr'>necati</span> <span class='ocrx_word' id='word_1_299' title='bbox 1043 2123 1137 2150; x_wconf 88' lang='lat' dir='ltr'>sunt.</span> <span class='ocrx_word' id='word_1_300' title='bbox 1162 2117 1201 2150; x_wconf 95' lang='lat' dir='ltr'>ln</span> <span class='ocrx_word' id='word_1_301' title='bbox 1217 2116 1332 2150; x_wconf 84' lang='lat' dir='ltr'>Sicilia</span> <span class='ocrx_word' id='word_1_302' title='bbox 1352 2116 1452 2149; x_wconf 70' lang='lat' dir='ltr'>Yitus</span> <span class='ocrx_word' id='word_1_303' title='bbox 1471 2123 1505 2150; x_wconf 92' lang='lat' dir='ltr'>et</span> <span class='ocrx_word' id='word_1_304' title='bbox 1524 2116 1704 2150; x_wconf 88' lang='lat' dir='ltr'>Modestus</span> <span class='ocrx_word' id='word_1_305' title='bbox 1722 2123 1757 2150; x_wconf 79' lang='lat' dir='ltr'>et</span> <span class='ocrx_word' id='word_1_306' title='bbox 1775 2115 1971 2150; x_wconf 81' lang='lat' dir='ltr'>Crescentia</span> 
     </span>
     <span class='ocr_line' id='line_1_31' title="bbox 454 2174 1972 2221; baseline 0.001 -15"><span class='ocrx_word' id='word_1_307' title='bbox 454 2180 534 2220; x_wconf 88' lang='lat' dir='ltr'>post</span> <span class='ocrx_word' id='word_1_308' title='bbox 550 2174 649 2221; x_wconf 80' lang='lat' dir='ltr'>ignes</span> <span class='ocrx_word' id='word_1_309' title='bbox 669 2180 703 2207; x_wconf 88' lang='lat' dir='ltr'>et</span> <span class='ocrx_word' id='word_1_310' title='bbox 720 2174 846 2207; x_wconf 89' lang='lat' dir='ltr'>bestias</span> <span class='ocrx_word' id='word_1_311' title='bbox 866 2175 979 2208; x_wconf 86' lang='lat' dir='ltr'>necati</span> <span class='ocrx_word' id='word_1_312' title='bbox 1003 2181 1097 2208; x_wconf 89' lang='lat' dir='ltr'>sunt.</span> <span class='ocrx_word' id='word_1_313' title='bbox 1122 2175 1253 2209; x_wconf 86' lang='lat' dir='ltr'>Romae</span> <span class='ocrx_word' id='word_1_314' title='bbox 1272 2181 1426 2221; x_wconf 87' lang='lat' dir='ltr'>quatuor</span> <span class='ocrx_word' id='word_1_315' title='bbox 1450 2176 1608 2208; x_wconf 89' lang='lat' dir='ltr'>coronati</span> <span class='ocrx_word' id='word_1_316' title='bbox 1627 2174 1791 2217; x_wconf 72' lang='lat' dir='ltr'>Severus,</span> <span class='ocrx_word' id='word_1_317' title='bbox 1814 2174 1972 2208; x_wconf 83' lang='lat' dir='ltr'>Severia-</span> 
     </span>
     <span class='ocr_line' id='line_1_32' title="bbox 455 2231 1971 2279; baseline 0 -14"><span class='ocrx_word' id='word_1_318' title='bbox 455 2244 539 2274; x_wconf 81' lang='lat' dir='ltr'>nus,</span> <span class='ocrx_word' id='word_1_319' title='bbox 560 2231 811 2278; x_wconf 89' lang='lat' dir='ltr'>Carpophorus</span> <span class='ocrx_word' id='word_1_320' title='bbox 830 2239 864 2266; x_wconf 88' lang='lat' dir='ltr'>et</span> <span class='ocrx_word' id='word_1_321' title='bbox 879 2232 1097 2276; x_wconf 87' lang='lat' dir='ltr'>Victorinus,</span> <span class='ocrx_word' id='word_1_322' title='bbox 1115 2233 1306 2279; x_wconf 88' lang='lat' dir='ltr'>plumbatis</span> <span class='ocrx_word' id='word_1_323' title='bbox 1325 2232 1370 2266; x_wconf 91' lang='lat' dir='ltr'>ad</span> <span class='ocrx_word' id='word_1_324' title='bbox 1390 2239 1541 2266; x_wconf 88' lang='lat' dir='ltr'>mortem</span> <span class='ocrx_word' id='word_1_325' title='bbox 1561 2233 1650 2266; x_wconf 90' lang='lat' dir='ltr'>caesi</span> <span class='ocrx_word' id='word_1_326' title='bbox 1670 2240 1753 2267; x_wconf 91' lang='lat' dir='ltr'>sunt</span> <span class='ocrx_word' id='word_1_327' title='bbox 1765 2260 1773 2276; x_wconf 80' lang='lat'>,</span> <span class='ocrx_word' id='word_1_328' title='bbox 1794 2239 1828 2266; x_wconf 88' lang='lat' dir='ltr'>et</span> <span class='ocrx_word' id='word_1_329' title='bbox 1846 2231 1971 2267; x_wconf 88' lang='lat' dir='ltr'>eodem</span> 
     </span>
     <span class='ocr_line' id='line_1_33' title="bbox 456 2289 1973 2337; baseline 0.001 -15"><span class='ocrx_word' id='word_1_330' title='bbox 456 2289 512 2323; x_wconf 89' lang='lat' dir='ltr'>die</span> <span class='ocrx_word' id='word_1_331' title='bbox 535 2290 690 2333; x_wconf 81' lang='lat' dir='ltr'>Latomi,</span> <span class='ocrx_word' id='word_1_332' title='bbox 720 2289 905 2333; x_wconf 84' lang='lat' dir='ltr'>Claudius,</span> <span class='ocrx_word' id='word_1_333' title='bbox 934 2290 1171 2334; x_wconf 66' lang='lat' dir='ltr'>Nicostratus,</span> <span class='ocrx_word' id='word_1_334' title='bbox 1197 2291 1485 2336; x_wconf 72' lang='lat' dir='ltr'>Simpronianus,</span> <span class='ocrx_word' id='word_1_335' title='bbox 1515 2291 1692 2325; x_wconf 88' lang='lat' dir='ltr'>Castorius</span> <span class='ocrx_word' id='word_1_336' title='bbox 1716 2297 1750 2325; x_wconf 90' lang='lat' dir='ltr'>et</span> <span class='ocrx_word' id='word_1_337' title='bbox 1771 2290 1973 2337; x_wconf 85' lang='lat' dir='ltr'>Simplicius</span> 
     </span>
     <span class='ocr_line' id='line_1_34' title="bbox 455 2347 1972 2395; baseline 0.001 -15"><span class='ocrx_word' id='word_1_338' title='bbox 455 2348 490 2381; x_wconf 89' lang='lat' dir='ltr'>in</span> <span class='ocrx_word' id='word_1_339' title='bbox 514 2347 655 2381; x_wconf 90' lang='lat' dir='ltr'>nomine</span> <span class='ocrx_word' id='word_1_340' title='bbox 680 2347 808 2381; x_wconf 89' lang='lat' dir='ltr'>Christi</span> <span class='ocrx_word' id='word_1_341' title='bbox 834 2349 1118 2382; x_wconf 85' lang='lat' dir='ltr'>artificiosissime</span> <span class='ocrx_word' id='word_1_342' title='bbox 1140 2355 1326 2394; x_wconf 87' lang='lat' dir='ltr'>operantes</span> <span class='ocrx_word' id='word_1_343' title='bbox 1348 2355 1427 2395; x_wconf 88' lang='lat' dir='ltr'>post</span> <span class='ocrx_word' id='word_1_344' title='bbox 1445 2349 1590 2382; x_wconf 72' lang='lat' dir='ltr'>verbera</span> <span class='ocrx_word' id='word_1_345' title='bbox 1613 2349 1786 2383; x_wconf 90' lang='lat' dir='ltr'>submersi</span> <span class='ocrx_word' id='word_1_346' title='bbox 1810 2355 1904 2383; x_wconf 89' lang='lat' dir='ltr'>sunt.</span> <span class='ocrx_word' id='word_1_347' title='bbox 1933 2348 1972 2382; x_wconf 91' lang='lat' dir='ltr'>In</span> 
     </span>
    </p>
   </div>
   <div class='ocr_carea' id='block_1_3' title="bbox 494 2476 1905 2516">
    <p class='ocr_par' dir='ltr' id='par_1_5' title="bbox 494 2476 1905 2516">
     <span class='ocr_line' id='line_1_35' title="bbox 494 2476 1905 2516; baseline 0.001 -14"><span class='ocrx_word' id='word_1_348' title='bbox 494 2477 501 2494; x_wconf 89' lang='lat'>¹</span> <span class='ocrx_word' id='word_1_349' title='bbox 527 2476 643 2512; x_wconf 84' lang='lat' dir='ltr'>Lapsum</span> <span class='ocrx_word' id='word_1_350' title='bbox 659 2477 1031 2505; x_wconf 75' lang='lat' dir='ltr'>Marcellinicomnientitium</span> <span class='ocrx_word' id='word_1_351' title='bbox 1046 2489 1104 2505; x_wconf 86' lang='lat' dir='ltr'>esse</span> <span class='ocrx_word' id='word_1_352' title='bbox 1113 2485 1138 2505; x_wconf 86' lang='lat' dir='ltr'>et</span> <span class='ocrx_word' id='word_1_353' title='bbox 1148 2489 1162 2505; x_wconf 89' lang='lat' dir='ltr'>a</span> <span class='ocrx_word' id='word_1_354' title='bbox 1175 2480 1325 2506; x_wconf 79' lang='lat' dir='ltr'>Donatistis</span> <span class='ocrx_word' id='word_1_355' title='bbox 1336 2480 1512 2506; x_wconf 76' lang='lat' dir='ltr'>adinventum</span> <span class='ocrx_word' id='word_1_356' title='bbox 1525 2480 1617 2506; x_wconf 84' lang='lat' dir='ltr'>nullus</span> <span class='ocrx_word' id='word_1_357' title='bbox 1629 2481 1734 2516; x_wconf 85' lang='lat' dir='ltr'>ignorat</span> <span class='ocrx_word' id='word_1_358' title='bbox 1749 2479 1905 2505; x_wconf 80' lang='lat' dir='ltr'>hodiedum.</span> 
     </span>
    </p>
   </div>
  </div>
 </body>
</html>
