2118 3184
457 455 718 491 CHRONICON
749 456 960 490 BALDUINI
990 455 1292 490 NINOVIENSIS.
1555 456 1622 490 697

113 565 238 598 vitaret
262 563 477 597 omnimodis
498 565 708 610 symoniam.
735 563 864 610 Sicque
889 564 1090 609 imperatori
1113 563 1340 597 ecclesiastica
1365 563 1569 598 communio
1590 570 1620 596 et

114 634 224 668 papae
242 634 307 668 pax
327 623 461 669 integra
478 622 702 655 reformatur.

690 740 777 774 Item
795 741 836 774 de
860 740 1045 774 Not-herto.

164 854 358 888 Non-bertus
370 881 378 887 .
395 854 430 887 in
445 854 521 887 loco
538 854 808 887 Praemonstrati
825 854 1008 886 exstructis
1018 854 1089 898 jam
1109 854 1256 887 officinis
1268 860 1302 887 et
1315 854 1491 887 ecclesiola
1505 881 1513 897 7
1531 867 1625 902 egre-

115 912 235 956 ditur,
263 919 339 946 tum
369 912 412 946 ad
438 912 715 958 praedicandum
734 940 741 954 ,
768 919 842 945 tum
871 912 914 946 ad
943 912 1232 959 congregandum
1255 913 1366 946 socios
1383 940 1391 946 .
1416 913 1477 959 qui
1504 925 1622 947 secum

114 983 340 1006 communem
357 978 391 1005 ct
405 972 631 1017 apostolicam
651 972 755 1005 vitam
772 972 1033 1017 profiterentur.
1055 971 1122 1011 Qui
1138 984 1334 1005 sermonem
1350 972 1562 1006 confirmans
1576 985 1626 1006 se—

114 1030 306 1076 quentibus
321 1030 429 1077 signis
448 1030 559 1063 inulto
574 1030 700 1063 clarius
718 1031 889 1063 virtutum
904 1029 1042 1074 jubare.
1064 1030 1156 1062 inter
1169 1029 1409 1064 discordantes
1428 1031 1622 1077 principes.

115 1094 155 1122 ut
176 1100 217 1122 ex
238 1088 328 1122 libro
347 1089 437 1122 vitae
458 1101 540 1121 suae
559 1095 671 1134 patet,
694 1088 746 1121 bis
765 1088 972 1122 miraculose
991 1100 1112 1134 pacem
1133 1089 1357 1130 reformavitg,
1379 1088 1624 1124 daemoniacos

114 1147 320 1193 frequenter
335 1147 487 1185 sanavit,
509 1148 599 1180 inter
616 1159 706 1193 quos
726 1147 875 1192 puellam
896 1159 914 1180 a
934 1146 1120 1180 daemonio
1139 1146 1234 1192 apud
1254 1147 1421 1180 Nivellam
1444 1148 1622 1182 liberavit.

115 1205 174 1239 ubi
190 1204 361 1251 quiddam
378 1204 576 1238 inauditum
590 1205 705 1238 evenit
721 1212 755 1238 et
769 1205 871 1250 plane
886 1205 1012 1237 nostris
1024 1205 1242 1250 temporibus
1256 1205 1517 1239 admirandum.
1538 1207 1622 1240 Nam

114 1275 196 1298 cum
206 1263 356 1297 daemon
370 1264 460 1296 inter
468 1262 737 1297 exorcizandum
752 1262 924 1296 sacerdoti
939 1261 1136 1308 saepedicto
1151 1263 1288 1307 saepius
1302 1263 1556 1308 exprobrasset.
1569 1277 1625 1297 vo—

116 1322 201 1363 lens5
218 1327 258 1355 ut
268 1333 346 1355 vere
354 1321 528 1366 superbus
542 1327 605 1362 est„
622 1332 721 1353 suam
733 1320 913 1354 scientiam
928 1326 1115 1361 ostentare,
1128 1320 1262 1353 cantica
1272 1320 1489 1354 canticorum
1505 1334 1523 1354 a
1533 1322 1626 1367 prin-

116 1380 208 1426 cipio
221 1391 335 1426 usque
348 1378 394 1412 ad
407 1378 513 1411 finem
529 1390 591 1423 per
608 1390 646 1411 os
661 1378 796 1424 puellae
815 1377 945 1419 edidit³
971 1384 1005 1410 et
1026 1378 1154 1410 iterans
1172 1378 1319 1411 verbum
1340 1391 1379 1411 ex
1398 1379 1506 1413 verbo
1520 1387 1626 1426 atque

118 1439 301 1480 reiterans2
320 1438 354 1471 in
369 1436 508 1471 duabus
523 1437 664 1484 linguis,
682 1437 797 1482 primo
812 1437 846 1469 in
864 1448 1058 1477 romanam7
1075 1435 1204 1469 deinde
1221 1437 1255 1469 in
1271 1437 1497 1479 teutonicam„
1515 1451 1627 1485 usque

118 1498 153 1532 in
171 1498 278 1531 finem
295 1496 544 1542 interpretatus
558 1502 609 1529 est
621 1523 629 1538 ἲ
647 1507 729 1529 cum
744 1495 800 1529 illa
814 1495 928 1540 puella
943 1494 1062 1528 adhuc
1079 1507 1161 1528 sana
1175 1495 1263 1528 nihil
1281 1495 1345 1528 nisi
1360 1496 1562 1541 psalterium
1577 1497 1627 1531 di-

117 1556 268 1591 dicisset..
289 1555 503 1589 Venerabilis
519 1567 602 1588 vero
623 1555 816 1588 Norbertus
829 1581 836 1586 .
850 1554 922 1599 jam
942 1553 1094 1587 collectis
1112 1554 1213 1587 sociis
1231 1560 1302 1587 tam
1321 1554 1414 1587 laicis
1433 1567 1541 1601 quam
1557 1556 1628 1589 cle-

117 1615 197 1650 ricis
222 1615 332 1649 ferme
354 1626 439 1655 xxx„
468 1613 587 1647 volens
612 1613 827 1647 ecclesiolam
853 1625 953 1646 suam
981 1619 1183 1646 sanctorum
1210 1613 1365 1658 reliquiis
1387 1615 1623 1648 communire.

118 1674 297 1709 Coloniam
317 1673 416 1719 petiit
431 1672 550 1719 ibique
565 1671 771 1705 miraculose
791 1671 923 1704 invenit
942 1671 1038 1716 prius
1053 1683 1180 1717 corpus
1194 1671 1299 1704 unius
1314 1671 1478 1719 virginis!
1500 1672 1628 1707 deinde

118 1734 234 1780 ipsum
249 1733 354 1766 etiam
372 1737 531 1765 sanctum
549 1731 761 1773 Gereonem7
787 1736 924 1776 praeter
941 1742 1102 1763 craneam
1122 1730 1244 1775 capitis
1264 1730 1479 1777 integraliter
1493 1737 1606 1764 totum
1618 1758 1625 1764 .

118 1792 179 1839 qui
201 1803 264 1837 per
281 1790 497 1823 voluntatem
518 1789 578 1822 Dei
597 1788 768 1822 hactenus
788 1800 910 1822 omncs
929 1788 1113 1821 latuerant.
1141 1789 1183 1821 At
1204 1788 1417 1831 Norbertusff
1439 1788 1483 1822 de
1502 1789 1556 1823 his
1574 1790 1625 1823 vel

118 1850 193 1884 aliis
210 1855 412 1883 sanctorum
432 1847 588 1893 reliquiis
607 1847 756 1892 implens
774 1845 847 1880 duo
864 1846 1019 1887 vascula„
1041 1846 1160 1879 hilaris
1179 1852 1214 1879 et
1232 1846 1342 1879 laetus
1359 1858 1536 1894 regressus
1555 1854 1625 1881 est.

119 1915 226 1955 atque
244 1907 279 1941 in
303 1907 379 1953 ipso
402 1905 518 1939 reditu
539 1918 557 1939 a
581 1906 756 1939 comitissa
778 1905 1007 1939 Namurcensi
1031 1904 1224 1938 Floreffiam
1246 1905 1398 1950 suscepit
1422 1905 1625 1953 regendam.

118 1967 208 2002 Cum
223 1977 306 1999 vero
320 1977 391 1999 non
407 1964 518 1998 multo
532 1970 611 2010 post
625 1964 768 1998 ecclesia
784 1963 1136 1997 Praemonstratensis
1153 1962 1313 1996 dedicata
1331 1963 1453 1997 fuisset
1464 1991 1472 2006 7
1489 1964 1545 1997 ille
1562 1977 1630 1998 ser-

121 2037 207 2072 pens
219 2025 408 2071 antiquus,
424 2023 543 2057 volens
557 2022 680 2056 callide
694 2023 896 2056 subvertere
910 2022 1080 2056 novellam
1098 2022 1348 2068 plantationem
1358 2049 1366 2055 .
1384 2022 1574 2068 quemdam
1589 2035 1629 2055 ex

120 2082 301 2129 discipulis
318 2081 463 2116 idiotam
485 2081 585 2127 plane
607 2087 642 2114 et
660 2079 878 2114 ineruditum
902 2080 949 2113 ita
968 2080 1053 2113 falsa
1070 2086 1103 2112 et
1123 2079 1237 2113 subita
1260 2079 1393 2113 inflavit
1409 2080 1573 2124 scientia,
1591 2088 1629 2114 ut

119 2154 155 2176 se
173 2141 395 2188 prophetiam
412 2139 563 2173 Danielis
581 2139 669 2173 scire
683 2139 870 2184 jactitaret.
894 2138 962 2179 Qui
982 2138 1016 2171 in
1036 2144 1168 2171 tantam
1189 2138 1353 2184 prorupit
1368 2137 1549 2171 audaciam
1563 2165 1571 2180 ·,
1590 2145 1626 2172 ut

119 2201 224 2234 etiam
240 2200 274 2232 in
290 2198 443 2245 capitulo
456 2209 654 2231 sermonem
670 2198 783 2231 facere
795 2203 1034 2242 praesumeret
1046 2208 1152 2242 super
1166 2196 1257 2230 hanc
1271 2197 1477 2229 sententiam
1492 2209 1498 2229 :
1513 2196 1629 2230 Estote

118 2258 227 2303 sbrles
243 2260 283 2290 in
302 2256 404 2298 hello;
424 2254 485 2289 sed
505 2267 584 2288 mox
606 2254 847 2301 deprehensus
867 2253 1119 2296 confunditur7
1146 2254 1228 2300 quia
1253 2266 1334 2287 cum
1355 2254 1472 2287 multis
1488 2261 1522 2288 et
1542 2267 1629 2288 con—

120 2316 218 2364 gruis
237 2314 416 2349 sententiis
434 2326 631 2348 sermonem
655 2313 873 2355 roborasset,
901 2312 992 2346 hanc
1015 2312 1206 2345 clausulam
1229 2317 1261 2345 et
1284 2313 1458 2357 accipietis
1480 2324 1626 2359 reynum

121 2379 306 2408 aeternum
324 2372 420 2405 nullo
435 2372 619 2405 conamine
633 2370 790 2416 proferre
809 2370 935 2416 potuit.
954 2369 1183 2410 Godefridus2
1201 2381 1319 2402 comes
1333 2368 1630 2418 Capenbergensis

122 2438 158 2466 et
174 2431 340 2465 dominus
358 2430 559 2463 westfaliae
571 2457 579 2472 -.
604 2428 846 2462 exhortatione
865 2428 1049 2471 Norber1i‚
1076 2428 1111 2461 in
1129 2428 1338 2462 canonicum
1357 2434 1531 2471 attonsus„
1554 2441 1630 2463 cas-

121 2497 217 2524 trum
233 2501 335 2523 suum
356 2488 583 2536 Capenberga
601 2493 795 2522 commutat
809 2487 844 2520 in
859 2487 1083 2521 coenobium.

172 2547 365 2583 Balduinus
383 2574 391 2590 7
418 2560 476 2581 rex
501 2546 838 2589 Jherosolimorum7
864 2558 883 2579 a
907 2545 1086 2580 Saracenis
1104 2546 1261 2591 capitur,
1288 2544 1474 2579 Christiani
1498 2545 1542 2580 ad
1566 2547 1629 2581 tria

248 2607 335 2640 Tou.
365 2606 410 2640 ll.
1467 2602 1512 2638 88
