2137 3131
379 366 447 401 970
988 353 1277 391 APPENDICES.

380 485 395 501 v
414 474 465 500 sol.
483 474 547 500 ltcm
562 470 727 507 pauperibus
742 468 775 494 dc
792 465 958 498 Limata-rte,
975 474 990 490 v
1002 464 1052 490 sol.
1068 464 1135 489 Item
1151 462 1282 488 ecclesiae
1296 461 1330 488 de
1345 461 1516 493 Liedekerke,
1531 461 1565 487 ad
1579 470 1649 497 opus
1663 460 1782 488 fabricae
1792 482 1798 493 ,
1813 471 1828 487 ν
1843 462 1892 488 sol.

380 522 445 547 Item
461 518 625 555 pauperibus
638 517 671 543 dc
688 516 759 541 Lewe
770 535 775 545 ‚
791 523 806 540 v
821 513 871 539 sol.
890 512 956 538 Item
970 510 1138 547 pauperibus
1151 509 1185 535 de
1200 508 1347 543 humbeka,
1361 518 1377 535 v
1394 508 1445 534 sol.
1468 508 1542 543 Quos
1556 517 1650 535 omnes
1665 513 1692 534 et
1710 507 1833 544 singulos
1852 518 1897 535 80-

379 568 446 594 lidos
463 565 583 602 personis
603 574 632 590 :ic
646 563 711 589 locis
731 560 876 597 praedictis
890 560 998 594 assigno
1013 567 1097 593 super
1112 562 1222 592 pratum
1236 565 1324 582 meum
1340 556 1413 591 apud
1428 556 1544 590 Βοιιὶαν,
1561 556 1702 582 annuatim
1720 561 1746 582 et
1759 556 1785 582 in
1801 565 1899 592 perpe·-

379 621 453 640 tuum
464 614 488 639 in
498 613 636 638 nativitate
645 610 715 636 beati
728 608 861 635 Jobannis
870 607 1006 642 Baptistae
1019 605 1201 640 recipiendos.
1216 604 1284 631 Item
1293 604 1353 640 lego
1365 603 1479 630 cuilibet
1491 604 1639 636 sacerdoti⁷
1654 606 1680 630 in
1689 604 1755 630 locis
1766 613 1814 630 seu
1826 603 1898 630 villis

379 660 521 697 praedictis
535 658 667 685 manenti.
684 657 806 692 quinque
820 654 871 680 sol.
886 654 912 679 in
927 654 971 679 die
987 653 1090 678 funeris
1107 652 1168 678 mei.
1183 651 1250 677 Item
1264 651 1354 677 tribus
1369 650 1502 677 fratribus
1519 651 1712 677 Ninivensibus
1727 651 1800 687 apud
1819 651 1899 677 Lide-

378 707 450 733 tert-e
463 704 693 731 commorantibus
703 724 709 733 .
727 701 853 728 videlicet
864 700 976 726 cuilibet
990 709 1084 725 eorum
1098 698 1191 724 decem
1205 698 1257 724 sol.
1275 703 1348 724 torn.
1365 697 1433 723 Item
1450 696 1528 724 fratri
1542 697 1656 734 Aegidio
1671 698 1704 724 de
1718 698 1839 725 Lovanio
1851 698 1900 725 de-

376 763 431 778 cem
450 752 500 778 sol.
518 752 678 786 parisiensi-s
698 750 723 775 in
738 749 781 774 die
800 749 892 774 obitus
915 749 976 773 mei.
994 746 1061 772 Item
1076 745 1194 781 plebano
1213 745 1248 771 de
1270 745 1357 776 Lenze,
1381 754 1406 770 vi
1427 744 1479 771 sol.
1498 750 1572 771 torn.
1594 745 1660 771 Item
1682 746 1846 782 presbytero
1863 746 1898 772 de

379 799 519 832 Luniheke,
545 808 559 824 v
578 797 628 823 sol.
646 802 672 823 ct
689 797 762 822 socio
776 806 825 821 suo
839 816 846 827 ‚
862 804 877 821 v
892 794 943 819 sol.
964 794 1030 819 ltem
1051 792 1193 828 capellano
1206 792 1240 818 de
1254 792 1350 823 Curia,
1372 801 1388 817 v
1400 791 1451 818 sol.
1467 791 1535 818 Item
1555 792 1668 818 cuilibet
1683 793 1826 828 capellano
1843 803 1900 819 ma-

377 847 448 872 nenti
462 847 487 871 in
502 845 716 875 Gcraldimonte⁷
737 853 752 869 v
766 843 817 868 sol.
838 848 911 868 torn.
933 840 999 866 Item
1012 845 1109 866 curato
1123 839 1224 865 ibidem
1239 849 1272 864 xx
1284 838 1336 864 sol.
1352 843 1426 864 torn.
1443 838 1510 865 Item
1526 838 1639 865 cuilibet
1654 840 1762 866 custodi
1777 841 1898 867 omnium

378 893 498 919 villarum
518 892 717 927 praedictarum
735 890 804 915 duos
818 888 868 915 sol.
887 893 959 914 torn.
977 887 1044 913 Item
1063 887 1125 922 lego
1140 885 1268 921 hospitali
1288 886 1315 911 in
1336 885 1541 912 Geraldimonte
1556 895 1641 912 unum
1656 886 1742 912 latum
1755 887 1857 914 lectum
1871 893 1900 914 et

377 941 429 966 (luo
441 940 492 966 lata
506 939 660 965 linteamina
675 947 735 963 cum
751 947 806 962 uno
820 935 882 962 albo
897 935 1024 961 culcitro.
1041 932 1342 969 lte-mleprosisibidem
1359 942 1444 958 unum
1459 933 1560 959 bonum
1576 933 1676 959 lectum
1692 938 1720 960 et
1733 934 1788 960 duo
1803 934 1900 961 lintea-

378 988 458 1013 mina.
469 986 535 1012 Item
548 985 675 1020 hospitali
688 984 722 1010 de
736 984 821 1010 Viana
836 992 919 1009 unum
935 981 1074 1007 meliorem
1087 981 1187 1007 lectum
1201 981 1235 1006 (18
1251 981 1342 1015 parvis
1356 979 1435 1006 lectis
1450 984 1477 1006 et
1494 980 1550 1006 duo
1564 980 1732 1007 linteamina.
1750 981 1818 1007 Item
1835 981 1900 1008 hos-

378 1034 450 1069 pitali
464 1034 497 1059 118
510 1033 602 1058 *Ninive
616 1040 730 1066 parvum
745 1030 844 1056 lectum
863 1030 896 1055 de
911 1028 1070 1054 melioribus
1082 1033 1108 1054 et
1127 1028 1183 1054 duo
1199 1028 1357 1054 linteamina
1370 1036 1432 1053 cum
1449 1036 1504 1053 uuo
1519 1028 1622 1063 sargio.
1638 1027 1707 1054 Item
1731 1028 1858 1064 hospitali
1872 1029 1899 1055 in

380 1082 453 1106 Alosz
463 1101 469 1106 .
484 1089 516 1105 xx
531 1079 581 1104 sol.
597 1083 668 1104 torn.
688 1078 755 1103 Item
767 1076 925 1102 domicellae
945 1075 1011 1101 I'des
1025 1080 1114 1101 vestes
1126 1084 1198 1101 meas
1214 1075 1308 1100 mixtas
1323 1079 1350 1100 et
1365 1084 1449 1100 unum
1464 1075 1612 1100 sarcotium
1626 1074 1710 1101 blodii
1725 1075 1823 1102 coloris
1837 1085 1898 1103 cum

378 1127 546 1162 unocaputio
558 1126 660 1152 forrato
669 1125 701 1151 de
711 1125 835 1151 cameloth
848 1124 868 1150 ¹.
882 1124 949 1150 Item
961 1123 1120 1149 domicellae
1132 1122 1303 1158 ‚llargaretae
1314 1131 1386 1148 meas
1397 1127 1487 1148 vestes
1499 1122 1594 1148 mixtas
1603 1122 1637 1149 de
1648 1132 1750 1158 parura
1761 1123 1902 1160 integrali-

377 1181 427 1200 ter.
442 1175 505 1199 Item
519 1174 680 1199 Clementiae
694 1182 778 1198 uuum
795 1171 881 1197 viride
894 1170 1056 1197 irartlecors2
1067 1170 1212 1196 forratum.
1230 1170 1297 1195 Item
1309 1170 1481 1205 Margaretae
1494 1190 1501 1202 ‚
1517 1170 1632 1196 ancillae
1643 1180 1719 1197 meae
1733 1171 1767 1197 de
1783 1171 1896 1204 Baalim

377 1232 460 1248 unuin
470 1221 588 1247 blodiuni
599 1220 787 1245 irai-‹indecw-s.
799 1219 865 1245 Item
878 1218 1049 1253 Mai-gaietae
1060 1217 1175 1243 ancillae
1188 1226 1263 1243 maee
1274 1217 1307 1242 (18
1319 1216 1488 1251 Liedekerke,
1501 1216 1640 1252 pellicium
1655 1227 1744 1244 meum
1753 1218 1787 1244 de
1798 1219 1900 1245 cunino

377 1275 403 1294 ct
419 1274 536 1304 quatuor
550 1268 626 1293 ulnus
641 1267 703 1292 linei
718 1266 810 1301 panni.
828 1265 895 1291 Item
908 1264 990 1300 llvyle
1008 1264 1106 1296 Cende,
1120 1270 1241 1299 quatuor
1256 1264 1335 1289 ulnas
1347 1263 1410 1289 linei
1424 1265 1518 1299 panni.
1532 1264 1599 1290 Item
1612 1264 1731 1290 Goskino
1741 1266 1901 1292 senescaldo

378 1325 460 1341 unum
476 1315 590 1346 lectum,
604 1319 630 1340 et
643 1315 718 1339 uxori
730 1323 794 1339 suae
807 1312 965 1338 mantellum
980 1321 1069 1338 meum
1081 1312 1216 1338 deterius.
1232 1311 1300 1338 Item
1315 1312 1453 1337 communi
1468 1311 1586 1338 familiae
1602 1322 1676 1338 meae
1692 1313 1756 1338 mibi
1770 1313 1900 1340 servienti

378 1363 519 1388 duodecim
531 1362 578 1387 lib.
596 1371 654 1397 par.
668 1382 674 1393 ‚
691 1362 737 1396 qui
752 1361 854 1396 aliquid
868 1360 986 1395 speciale
1001 1370 1055 1385 uon
1076 1360 1205 1385 habuerit
1219 1359 1380 1385 dividendas
1393 1360 1464 1385 inter
1475 1359 1576 1385 dictam
1597 1360 1723 1386 familiam
1742 1360 1776 1387 de
1787 1361 1902 1388 consilio

379 1415 552 1436 executurum
572 1418 704 1434 meorum.
721 1408 786 1434 Item
801 1407 902 1434 Aliciae
916 1408 1004 1433 sorori
1019 1416 1093 1433 meae
1103 1417 1133 1432 xx
1145 1407 1195 1433 sol.
1209 1407 1278 1433 Item
1290 1407 1369 1432 fratri
1384 1406 1506 1433 W'altero
1521 1406 1554 1433 de
1567 1407 1720 1442 Hameyda,
1738 1418 1753 1434 v
1767 1408 1819 1434 sol.
1832 1409 1900 1434 Item

380 1458 491 1493 Λρῦὶάἰο
505 1457 576 1482 dicto
591 1456 697 1487 Smcllt,
718 1466 801 1481 unum
816 1456 916 1481 lectum
929 1460 957 1481 et
976 1455 1031 1481 duo
1053 1455 1222 1480 linteamina.
1241 1454 1308 1479 Item
1327 1454 1434 1480 cuidam
1454 1455 1563 1480 nomine
1577 1454 1651 1480 Saris
1672 1455 1742 1481 duos
1759 1455 1810 1482 sol.
1832 1455 1900 1482 Item
1935 1487 1938 1490 ἢ

379 1505 459 1530 Petro
477 1505 557 1532 Ocra*
574 1514 606 1529 xx
624 1503 673 1529 sol.
692 1504 758 1529 Item
774 1503 905 1528 fratribus
921 1503 1073 1528 minoribus
1089 1503 1115 1528 in
1139 1502 1266 1528 Bruxella
1280 1502 1440 1528 mantellum
1460 1512 1550 1528 meum
1566 1502 1669 1528 bonum
1687 1503 1721 1529 de
1743 1504 1819 1530 vario
1836 1504 1903 1530 sub-

379 1552 418 1577 tili
432 1557 458 1577 et
469 1552 536 1577 duas
550 1561 648 1585 cappas
663 1560 749 1579 meas,
764 1560 843 1575 unam
857 1550 890 1575 de
903 1550 1018 1576 sindone
1029 1555 1055 1575 et
1064 1549 1142 1575 aliam
1156 1549 1190 1575 de
1201 1549 1296 1585 grisio.
1308 1549 1375 1575 Item
1389 1549 1450 1585 lego
1460 1549 1540 1575 dictis
1554 1549 1686 1576 fratribus
1696 1552 1900 1586 coopertorium

381 1608 466 1624 meum
482 1599 581 1623 boumn
597 1599 630 1623 de
643 1598 717 1623 vario
730 1597 822 1622 subtili
833 1618 839 1629 ⁷
849 1597 882 1623 (18
897 1597 997 1632 quibus
1009 1596 1237 1632 pcciisjamdictis
1251 1596 1311 1622 vulo
1324 1596 1399 1631 quod
1414 1597 1499 1622 trater
1509 1596 1605 1622 Daniel
1616 1596 1650 1623 de
1661 1596 1839 1633 Houdenake,
1854 1599 1903 1625 ha-

380 1646 440 1671 beat
462 1645 615 1680 specialiter
631 1654 662 1670 xx
675 1644 724 1669 sol.
743 1654 801 1679 par.
813 1665 820 1676 ,
838 1644 923 1669 frater
945 1644 1071 1677 hauns,
1087 1653 1101 1669 x
1115 1643 1166 1669 sol.
1186 1653 1245 1678 par.
1262 1648 1288 1669 et
1307 1643 1393 1669 frater
1408 1643 1548 1669 Gerardns
1565 1643 1599 1669 de
1617 1644 1790 1678 Rurmunde,
1814 1655 1832 1672 x
1849 1646 1902 1672 sol.

381 1702 438 1727 par.
450 1693 519 1718 Ilaec
527 1691 762 1727 omnialegodicto
771 1692 917 1717 conventui
928 1691 1096 1716 bruxellensi
1109 1696 1137 1716 ut
1147 1691 1365 1717 anniversarium
1377 1699 1465 1716 meum
1478 1690 1511 1716 de
1522 1696 1632 1717 caetero
1640 1700 1670 1717 ac
1682 1692 1900 1719 anniversarium

379 1740 469 1766 dilecti
484 1740 515 1765 Il.
532 1740 564 1765 de
578 1739 681 1765 Gavera
691 1760 697 1771 ‚
711 1739 813 1764 domini
825 1739 858 1765 de
878 1739 1033 1764 Lz'edekerke
1047 1738 1118 1765 etde
1133 1738 1220 1764 Breda
1232 1759 1239 1770 ,
1256 1739 1345 1764 mariti
1361 1739 1412 1764 mci
1431 1748 1492 1764 cum
1511 1738 1611 1765 obierit
1624 1739 1766 1766 celebrare
1779 1740 1902 1767 debebit.

381 1787 445 1813 Item
461 1787 590 1812 fratribus
605 1787 700 1812 beatae
714 1786 850 1812 Muriaein
865 1786 1068 1812 Geraltlinionte
1083 1785 1106 1811 xl
1119 1785 1170 1811 sol.
1185 1786 1252 1811 Item
1269 1785 1329 1822 lego
1344 1791 1454 1812 centum
1474 1785 1523 1812 lib.
1540 1796 1590 1821 pro
1610 1787 1786 1814 restitutione
1806 1797 1901 1815 eorum

381 1845 450 1870 quae
460 1835 549 1869 recepi
561 1845 574 1860 a
588 1834 737 1860 lumbardis
752 1835 799 1869 qui
812 1839 971 1860 manserunt
986 1834 1012 1859 in
1027 1833 1108 1859 domo
1123 1843 1181 1859 mea
1193 1833 1265 1869 apud
1280 1833 1399 1865 Bonlar,
1416 1838 1443 1859 ct
1455 1833 1518 1859 volo
1530 1839 1561 1859 ut
1572 1833 1662 1860 dictae
1670 1839 1780 1860 centum
1792 1835 1841 1861 lib.
1851 1845 1902 1872 per

381 1892 474 1908 manus
488 1888 663 1908 executorum
674 1892 795 1908 meorum
809 1882 992 1908 restituantur
1007 1882 1059 1908 illis
1072 1882 1290 1917 quihusrestitui
1300 1882 1401 1908 debent
1411 1881 1562 1907 secundum
1578 1882 1722 1908 canonicas
1735 1884 1900 1910 sanctiones.

382 1931 448 1956 Item
460 1940 505 1956 sex
518 1930 564 1956 lib.
580 1940 647 1965 quas
661 1931 749 1956 minus
760 1931 835 1964 juste
853 1931 944 1965 recepi
963 1930 997 1956 de
1010 1930 1134 1956 custodia
1149 1930 1183 1956 de
1197 1929 1361 1955 over-boular
1373 1950 1382 1964 ,
1398 1939 1466 1965 quas
1482 1939 1548 1955 vcro
1562 1935 1672 1955 centum
1688 1929 1737 1955 lib.
1752 1935 1779 1956 et
1791 1939 1838 1957 sex
1852 1931 1900 1958 lib.

381 1979 486 2013 assigno
500 1978 532 2003 ad
548 1977 730 2003 molendinum
743 1988 830 2004 meum
843 1978 915 2013 apud
936 1978 1127 2014 Vlursingllzem
1137 1999 1144 2012 7
1159 1978 1254 2004 volens
1269 1983 1296 2003 et
1309 1978 1434 2014 obligans
1447 1977 1552 2004 dictum
1566 1977 1751 2003 molendinum
1767 1988 1855 2005 meum
1868 1981 1902 2006 ad

382 2026 578 2051 restitutionem
593 2026 740 2060 plenariam
754 2027 873 2052 omnium
884 2031 911 2052 et
923 2026 1095 2061 singulorum
1109 2036 1180 2061 quae
1194 2026 1309 2061 probata
1328 2026 1432 2051 suerint
1451 2025 1571 2061 legitime
1585 2025 1659 2060 quod
1680 2034 1712 2051 ea
1728 2027 1817 2052 minus
1827 2027 1904 2061 juste

382 2074 529 2108 acceperim
539 2083 650 2108 quoquo
663 2073 756 2105 modo,
773 2074 808 2099 ita
822 2079 910 2099 tamen
924 2074 997 2109 quod
1010 2084 1059 2109 per
1071 2084 1157 2100 meam
1170 2074 1339 2100 occasionem
1351 2079 1473 2100 exstorta
1484 2073 1587 2099 suerint
1600 2073 1664 2099 etin
1678 2082 1752 2099 meos
1765 2083 1830 2099 usus
1841 2083 1903 2101 cou-

383 2130 472 2146 versa.
487 2120 536 2146 boc
546 2121 690 2146 observato
700 2120 773 2155 quod
783 2121 804 2146 si
814 2120 945 2146 haeredes
958 2131 1006 2147 seu
1020 2121 1056 2147 illi
1070 2122 1171 2156 quibus
1185 2126 1293 2147 extorta
1308 2121 1449 2147 reddenda
1462 2125 1554 2146 essent
1566 2130 1618 2146 uon
1632 2120 1822 2153 inveniantur,
1839 2126 1905 2148 tunc

384 2168 443 2193 volo
456 2168 528 2202 quod
545 2168 602 2202 ipsa
618 2173 724 2194 extorta
738 2178 787 2203 per
800 2173 960 2194 executores
975 2178 1048 2195 meos
1065 2169 1091 2194 in
1108 2170 1166 2204 pios
1182 2179 1248 2195 usus
1265 2169 1312 2195 ubi
1326 2170 1364 2195 eis
1378 2169 1466 2195 visum
1482 2168 1566 2195 suerit
1584 2168 1789 2195 distribuantur
1805 2173 1833 2195 et
1843 2178 1906 2195 con-

385 2220 536 2240 vertantur.
556 2215 621 2240 Item
640 2215 701 2251 lego
715 2220 741 2241 et
755 2216 862 2250 assigno
877 2221 986 2241 centum
1002 2216 1049 2241 lib.
1064 2217 1089 2241 in
1106 2225 1202 2242 manus
1216 2222 1394 2242 executorum
1411 2225 1533 2242 meorum
1552 2215 1723 2250 recipiendas
1736 2215 1810 2250 apud
1826 2215 1907 2242 Vlur-

384 2262 500 2297 siuqhem
510 2283 517 2295 7
532 2272 613 2297 supra
625 2262 736 2297 garbam
753 2272 836 2288 meam
849 2283 855 2293 ,
872 2272 922 2298 pro
934 2263 1035 2298 quibus
1048 2269 1157 2289 centum
1171 2263 1219 2289 lib.
1235 2264 1286 2289 mei
1298 2268 1459 2290 executores
1469 2263 1592 2298 recipcre
1602 2262 1743 2288 debebunt
1751 2263 1844 2289 decem
1854 2263 1903 2290 lib.

385 2310 535 2336 annuatim.
548 2319 691 2344 quousque
704 2309 791 2335 dictae
802 2315 911 2335 centum
926 2310 1012 2336 librae
1027 2311 1130 2337 suerint
1144 2311 1302 2346 persolutae
1314 2311 1348 2337 ad
1361 2310 1583 2337 satisfaciendum
1599 2310 1726 2336 omnibus
1739 2310 1773 2336 de
1786 2319 1828 2337 me
1839 2320 1905 2337 con-

386 2358 577 2390 querentibus,
592 2362 619 2382 et
628 2366 718 2382 eoram
730 2357 922 2383 executoribus
936 2358 1084 2391 meisjuste
1098 2358 1308 2385 ostendentibus
1318 2369 1325 2393 3
1337 2358 1389 2385 hoc
1398 2364 1488 2385 autem
1504 2362 1696 2384 testamentum
1705 2378 1711 2390 ‚
1725 2366 1815 2384 mcum
1827 2358 1903 2394 lego,

422 2451 426 2466 1
439 2450 549 2471 (Ἀιιιιυῖινιιί
558 2466 562 2474 y
575 2450 636 2471 doll'e
648 2451 715 2471 brune
724 2467 729 2473 ,
741 2451 795 2471 dont
806 2452 826 2471 le
839 2459 888 2471 nom
901 2452 951 2472 s'cst
961 2453 1063 2473 conserve
1075 2452 1290 2480 jusqn'unjourd'hni

416 2495 424 2506 ε
443 2488 622 2512 ῙΙίιιτιηιΙυευνε,
636 2488 774 2512 ωιιιϊῖυευικΐ,
791 2489 930 2518 garde-corp>
