2137 3131
416 394 484 428 310
756 383 929 421 CORPUS
956 375 1288 416 CHRONICORUM
1304 371 1581 408 FLANDRIAE.

830 493 966 525 Habens
986 488 1030 523 de
1049 500 1090 521 eo
1110 496 1270 520 rumores
1283 511 1290 524 Ἰ

830 549 1063 584 considerans
1080 558 1161 580 suos
1180 556 1296 578 mores
1310 570 1318 582 ,

834 611 856 642 A
878 608 1009 654 quibus
1028 606 1077 639 sic
1096 602 1327 638 laudabatur.

759 668 804 703 80
832 669 873 702 Et
891 680 910 701 a
930 665 1050 700 multis
1066 664 1271 703 amabatur7

832 728 953 773 Ipsum
970 736 1091 758 secum
1109 720 1281 756 detinuit.¹

837 786 875 819 Et
894 797 977 819 cum
996 795 1038 817 eo
1058 793 1161 827 saepe
1180 779 1247 814 fuit

836 846 877 879 ln
896 843 1040 891 privatis
1059 840 1231 881 consiliis5

836 906 911 938 Una
930 914 1050 937 secum
1070 906 1105 934 et
1123 899 1197 933 aliis

763 966 810 1001 85
836 965 905 1006 Qui
927 968 1028 996 erant
1046 960 1090 994 de
1109 958 1266 993 consilio.

838 1025 988 1069 Propter
1004 1019 1102 1067 quod
1122 1018 1250 1053 affectu
1271 1018 1330 1062 pio

839 1082 963 1128 Coepit
980 1092 1062 1114 eum
1082 1077 1228 1125 diligere

842 1143 913 1176 Rex
932 1147 965 1174 et
985 1140 1102 1185 ipsum
1122 1146 1344 1182 promovere.

842 1202 913 1234 Rex
933 1199 1038 1233 etiam
1057 1203 1092 1230 et
1109 1195 1244 1242 regina,

770 1260 815 1295 90
842 1261 935 1294 Dum
955 1255 1176 1304 praedicaret
1193 1252 1311 1286 divina
1323 1277 1331 1283 .

843 1319 932 1352 Cum
951 1315 1079 1350 affectu
1098 1311 1289 1346 audiebant
1301 1336 1308 1342 .

844 1378 886 1411 Et
902 1380 1083 1424 gratanter
1099 1369 1358 1405 auscultabant.

846 1436 902 1470 Sic
920 1435 965 1468 ab
983 1433 1032 1466 eis
1050 1438 1102 1465 est
1120 1436 1257 1463 amatus

848 1497 963 1541 Atque
985 1491 1138 1525 multum
1156 1489 1352 1522 honoratus
1365 1500 1373 1516 .-

776 1555 822 1590 95
849 1554 891 1587 Et
909 1564 974 1599 pro
994 1549 1093 1597 regni
1113 1546 1263 1595 negotiis
1276 1572 1283 1585 2

850 1613 939 1647 Cum
958 1609 1079 1644 multis
1096 1607 1202 1641 rebus
1221 1605 1296 1638 aliis
1307 1630 1315 1636 .

848 1672 974 1706 Missus
992 1669 1059 1702 fuit
1075 1666 1120 1701 ad
1140 1665 1296 1705 curiam:v

850 1731 917 1765 Ubi
937 1727 1109 1774 arripiens
1125 1725 1217 1758 viam

851 1788 1000 1837 Negotia
1018 1784 1168 1820 faciebat

759 1848 826 1883 100
852 1849 895 1882 Et
913 1846 1037 1881 eadem
1056 1841 1272 1889 reportabat.

854 1907 910 1941 Sic
930 1906 967 1939 in
985 1902 1082 1937 brevi
1102 1907 1154 1935 est
1172 1904 1357 1946 promotus
1369 1924 1378 1929 .

856 1966 896 1999 In
913 1962 1057 1998 Francia
1073 1961 1164 1994 hene
1183 1964 1302 1992 notus.

856 2027 905 2059 De
923 2032 1096 2058 consensu
1116 2018 1178 2052 Dei
1196 2016 1269 2051 veri

858 2083 1024 2131 Magister
1043 2080 1169 2113 Petrus
1186 2074 1331 2122 Rogeri.

765 2143 833 2178 105
860 2143 976 2177 Abbas
994 2140 1150 2186 primum
1163 2163 1172 2179 Ἴ
1192 2134 1379 2180 episcopus

860 2203 961 2243 Post,
981 2206 1016 2234 et
1033 2195 1318 2242 archiepiscopus

862 2260 997 2306 Duplex
1015 2257 1083 2292 fuit
1095 2283 1103 2299 7
1126 2251 1336 2289 senonensis
1349 2277 1356 2282 .

861 2319 986 2353 Postea
1005 2312 1312 2361 Rothomagensis.

863 2377 904 2410 Et
922 2376 966 2410 de
985 2374 1076 2423 regis
1093 2372 1239 2407 consilio

768 2436 834 2470 110
862 2434 1000 2468 Exstitit
1017 2445 1035 2466 a
1054 2431 1242 2479 principio.

867 2494 997 2527 Doctor
1016 2492 1084 2525 fuit
1101 2492 1138 2524 in
1155 2489 1305 2524 decretis
1318 2514 1326 2530 7
