2137 3131
388 371 458 406 968
996 355 1284 392 APPENDICES.

389 478 527 504 mlum-itis
538 473 715 511 praesentatis
730 482 736 497 ι
758 471 809 496 hoc
824 470 856 495 ad
874 468 1020 504 praemissa
1034 465 1190 501 specialiter
1203 463 1358 494 intellecto,
1375 462 1449 498 quod
1464 461 1587 487 canonici
1601 460 1750 496 praedicti,
1768 468 1836 495 quos
1851 469 1901 495 per

390 536 436 552 vos
451 525 482 551 :ul
504 522 608 549 casdem
623 519 761 545 ecclesiam
777 516 810 542 dc
829 515 928 541 Vordes
946 519 973 539 et
986 513 1163 548 capellaniam
1185 511 1236 537 loci
1257 509 1379 544 ejusdem
1400 508 1570 544 praesentari
1589 508 1736 544 contigerit
1748 528 1754 539 ,
1776 516 1838 533 cum
1855 507 1903 533 ad-

391 573 459 599 missi
474 570 573 596 l'uvriut
585 567 617 593 ad
632 566 737 591 easdem
749 585 754 593 ,
771 564 797 589 in
812 562 938 589 omuibus
947 560 1059 595 juribus
1072 559 1150 585 nobis
1160 563 1187 584 ct
1200 557 1392 584 archidiacono
1406 555 1457 581 loci
1468 555 1567 582 debitis
1581 555 1661 581 nobis
1672 560 1698 581 et
1711 554 1799 580 eidem
1813 553 1903 580 archi-

388 621 499 646 diacono
513 626 542 642 ac
562 619 670 641 nostrae
686 610 869 646 jurisdictioni
885 609 955 635 sicut
973 612 1096 633 rectores
1114 611 1140 632 et
1154 605 1288 640 capellani
1307 604 1445 630 seculares
1465 602 1641 629 ecclesiarum
1657 601 1856 637 parochialium
1875 605 1902 627 et

388 664 595 701 capellaniarum
611 665 718 686 nostrae
731 657 875 687 dioecesis,
889 656 915 681 in
929 654 1055 681 omnibus
1067 659 1093 680 et
1108 662 1156 689 per
1167 653 1256 678 onmia
1271 651 1381 678 obnoxii
1395 654 1522 676 maneant
1535 654 1563 675 et
1575 649 1709 675 adstricti.
1726 649 1755 674 In
1767 648 1848 682 cujus
1861 649 1900 674 rei

388 711 568 739 testiinonium
588 706 777 744 praesentibus
800 704 899 730 litteris
919 702 1037 739 sigillum
1059 706 1183 727 nostrum
1205 701 1332 726 duximus
1350 697 1554 734 apponendum.
1578 697 1677 723 Datum
1702 706 1773 722 anno
1795 696 1901 722 Domini

388 758 521 786 MCCXCH
534 779 540 787 ,
559 757 583 782 in
600 755 668 781 sesto
680 752 872 788 assumptionis
887 750 982 776 beatae
996 749 1096 775 Mariae
1113 748 1241 784 Virginis.

1031 995 1260 1031 CCLXXXII.

393 1092 541 1138 Eros-ww
564 1102 604 1135 de
626 1102 739 1135 (ιάυνυΓ
761 1105 793 1132 et
811 1110 872 1132 son
895 1096 1018 1144 e'pouse
1036 1096 1193 1129 domzeozt
1218 1092 1241 1127 ni
1270 1093 1426 1139 l'abbaye
1448 1092 1643 1139 vium-huit
1666 1093 1829 1126 bomcz'ers
1853 1091 1903 1125 du

845 1156 915 1189 bois
935 1153 1148 1201 d'Esplzout.
1164 1173 1212 1178 --
1228 1152 1437 1186 LIEDERERKE.

1106 1338 1178 1362 1292.

431 1426 569 1460 luipriiuec
581 1425 647 1450 dans
660 1424 697 1449 les
711 1432 826 1458 preuves
840 1423 876 1448 du
893 1427 956 1448 tom.
976 1420 999 1446 II
1016 1420 1064 1446 des
1076 1419 1199 1445 Annales
1214 1419 1272 1444 ord.
1288 1421 1409 1452 Praem.⁷
1424 1420 1476 1446 col.
1494 1419 1612 1445 CCCXL.

1172 1485 1281 1517 Original
1291 1505 1296 1508 .
1307 1486 1328 1509 le
1337 1493 1405 1509 sceau
1417 1485 1504 1509 d'Alice
1513 1494 1541 1509 en
1551 1485 1599 1508 cire
1610 1489 1673 1508 verte
1681 1490 1716 1508 cst
1725 1485 1773 1508 seul
1783 1485 1906 1508 conserve'.

1023 1738 1255 1774 CCLXXXIII
1263 1765 1270 1770 .

398 1833 556 1867 Vidimus
582 1839 613 1866 et
633 1832 880 1877 confirmation
905 1831 1036 1865 clomze's
1048 1843 1125 1878 par
1137 1830 1164 1864 le
1178 1835 1285 1864 comte
1302 1828 1378 1863 Guz'
1391 1828 1432 1862 de
1454 1827 1670 1874 Dampz'erre
1682 1827 1723 1861 de
1741 1827 1773 1860 la
1789 1825 1908 1860 chamle

880 1889 1099 1936 pre'ce'dente.
1124 1909 1172 1915 -—
1198 1888 1409 1922 Lmnmm.

1112 2065 1182 2089 1299.

432 2148 518 2174 Guido
529 2157 618 2174 comes
627 2147 769 2174 Flandriae
779 2152 808 2173 et
822 2147 942 2173 marchio
953 2147 1154 2179 Namurcensis⁷
1167 2147 1302 2173 universis
1314 2145 1414 2172 Christi
1423 2145 1551 2172 fidelibus
1565 2145 1598 2171 ad
1612 2154 1681 2180 quos
1695 2149 1853 2180 praesentes
1867 2143 1911 2170 lit—

396 2202 470 2222 terae
484 2196 675 2231 pervenerint,
691 2195 805 2221 salutem
819 2195 844 2220 in
857 2195 984 2221 Domino.
1000 2195 1135 2221 Noveritis
1148 2194 1223 2230 quod
1237 2203 1287 2220 nos
1299 2194 1406 2220 litteras
1417 2193 1510 2220 dilecti
1522 2198 1550 2220 et
1559 2193 1648 2219 fidelis
1662 2193 1766 2224 nostri,
1782 2192 1911 2218 Rassonis

395 2243 428 2268 de
441 2243 544 2268 Gavera
555 2263 561 2272 ,
573 2242 713 2268 dominide
722 2242 874 2268 Liedekerlce
888 2247 914 2268 et
924 2242 958 2268 de
970 2242 1056 2268 Breda
1064 2263 1071 2276 ‚
1081 2247 1108 2268 et
1121 2242 1220 2268 Alisiae
1229 2242 1323 2268 uxoris
1331 2242 1391 2275 ejus
1399 2241 1516 2268 vidimus
1524 2241 1551 2267 in
1561 2241 1628 2267 haec
1636 2240 1730 2273 verba⁷
1742 2240 1809 2267 vitio
1817 2245 1846 2266 et
1854 2249 1912 2266 sus-

397 2290 501 2325 picione
516 2295 639 2316 carentes
654 2299 660 2316 z
682 2303 693 2314 u
706 2290 736 2315 In
751 2290 859 2316 nomine
873 2295 982 2316 sanctae
996 2295 1023 2315 et
1038 2290 1195 2316 individuae
1216 2290 1373 2319 Trinitatis*
1391 2299 1442 2325 ego
1459 2289 1544 2315 Rasso
1557 2288 1590 2314 de
1606 2288 1704 2314 Gavere
1714 2309 1721 2321 ‚
1737 2287 1864 2314 dominus
1877 2287 1912 2313 tle

398 2336 546 2362 Lz'edekerke
555 2337 621 2363 etde
633 2336 734 2370 Breda,
751 2342 779 2362 et
792 2336 885 2362 Allisia
898 2346 967 2362 uxor
981 2346 1039 2362 mea
1050 2357 1056 2368 7
1073 2337 1199 2362 omnibus
1211 2336 1263 2362 hoc
1277 2337 1410 2372 scriptum
1420 2336 1520 2363 visuris
1530 2356 1537 2368 ‚
1551 2334 1666 2361 salutem
1675 2335 1702 2360 in
1717 2334 1844 2361 Domino.
1858 2334 1912 2360 No-

398 2389 453 2409 tum
465 2384 499 2409 sit
511 2389 564 2409 tam
576 2383 712 2410 modernis
723 2393 804 2419 quam
814 2385 945 2419 posteris,
959 2384 1047 2419 quod,
1064 2384 1099 2410 ob
1114 2390 1253 2410 aeternam
1265 2393 1335 2419 quae
1347 2385 1374 2410 in
1387 2384 1496 2410 Christo
1510 2388 1552 2409 est
1561 2382 1678 2409 salutem
1691 2382 1808 2409 feliciter
1817 2391 1913 2408 conse-

399 2431 531 2465 quendam
541 2452 547 2457 .
562 2431 726 2458 contulimus
740 2432 874 2467 religiosis
886 2433 951 2458 viris
961 2432 1053 2458 abbati
1064 2437 1091 2458 et
1102 2433 1250 2459 conventui
1265 2432 1422 2458 monasterii
1436 2431 1604 2459 Ninivensis,
1618 2431 1645 2456 in
1662 2439 1758 2465 puram
1774 2435 1801 2456 et
1813 2438 1913 2465 perpe-

401 2483 472 2502 tuam
481 2478 673 2513 olecuwsynam
684 2501 688 2504 ,
699 2480 793 2513 viginti
808 2485 831 2505 et
846 2485 906 2505 octo
916 2480 1027 2505 bonaria
1041 2480 1160 2505 nemoris
1172 2485 1217 2505 aut
1232 2480 1350 2509 circiter*
1368 2489 1428 2506 cum
1438 2479 1565 2505 omnibus
1574 2478 1745 2513 pertinentiis
1753 2478 1822 2508 suis,
1837 2476 1910 2511 quod
