2137 3131
478 363 547 400 3³58
816 361 991 396 CORPUS
1019 358 1349 394 CHRONICORUM
1378 359 1639 393 FLANDRIAE.

478 472 580 507 nudis
601 472 748 518 pedibus
761 497 768 502 .
797 468 894 502 nudo
913 480 1081 513 corpore,
1104 466 1275 500 habentes
1298 465 1342 500 de
1363 466 1429 500 tela
1448 478 1558 499 unum
1577 466 1824 499 vestimentum
1845 465 1986 499 confec—

476 540 551 565 tum
572 531 615 565 ad
636 531 743 563 instar
756 527 953 561 x'cstimenti
966 527 1116 559 istorum
1136 525 1394 568 furnariorum⁷
1417 523 1561 571 quando
1581 530 1743 557 exercent
1761 535 1864 557 suum
1883 535 1984 569 opus,

476 589 573 624 Istud
592 589 839 622 vestimenuun
858 585 1053 619 vestiebant
1070 583 1168 630 quod
1182 590 1257 617 erat
1269 590 1383 617 totum
1400 583 1595 617 rotundum
1611 583 1763 629 desuper
1777 589 1810 616 et
1827 582 1985 625 inferius,

475 655 504 681 ct
527 647 715 693 cingebant
733 657 768 678 se
783 644 868 678 citra
889 643 1096 676 umbilicum
1115 654 1219 675 suum
1235 641 1388 687 desuper
1402 654 1463 675 sua
1478 641 1678 683 femoralia.
1700 647 1735 674 et
1748 647 1822 674 erat
1842 641 1988 688 longum

476 717 586 751 usque.
609 716 719 750 prope
746 710 895 744 terram,
919 707 1076 734 tenentes
1102 700 1304 746 scorpiones
1330 700 1365 732 in
1392 700 1567 734 manibus.
1593 699 1635 733 Et
1661 698 1806 746 quando
1827 704 1927 732 erant
1952 698 1987 731 in

477 765 588 810 platea
613 762 657 796 ad
676 762 745 795 hoc
761 768 862 807 apta,
885 759 1012 793 modus
1036 771 1159 792 eorum
1180 758 1257 792 talis
1283 764 1358 792 erat
1378 757 1476 804 quod
1495 764 1675 804 portantes
1697 769 1836 800 cruces,
1865 756 1989 791 vexilla

474 831 507 857 ot
523 834 661 865 cereos,
681 821 881 867 praeibant,
903 826 937 853 et
953 825 1040 852 tunc
1061 818 1302 864 sequebantur
1321 818 1412 851 sicut
1430 824 1531 851 erant
1548 816 1722 860 ordinati,
1739 823 1774 850 et
1792 815 1988 850 secundum

431 910 435 914 .
474 881 707 928 quantitatem
735 891 857 912 eorum
883 884 917 911 et
938 877 1004 911 loci
1025 876 1292 910 continentiam.
1316 876 1357 909 Et
1379 876 1595 922 incipiebant
1611 876 1725 908 facere
1742 874 1932 917 circulum,
1955 880 1991 907 et

474 940 653 974 habebant.
671 938 881 972 cantilenam
909 935 1107 971 ordinatam
1135 934 1331 969 secundum
1357 946 1460 968 suum
1483 933 1631 977 idioma,
1653 945 1761 980 quam
1780 933 1988 967 cantilenam

476 999 691 1045 incipiebant
710 1003 870 1031 cantores
888 995 1062 1038 ordinati,
1084 995 1229 1028 caeteris
1245 1007 1314 1027 una
1329 1006 1413 1027 voce
1429 992 1744 1039 respondentibus,
1762 998 1797 1025 et
1817 991 1992 1025 faciebant

474 1058 646 1093 circulum
674 1055 849 1090 cantando
879 1061 914 1088 et
937 1053 1206 1100 respondendo.
1232 1059 1266 1086 et
1290 1059 1450 1086 cantores
1475 1058 1510 1085 et
1536 1051 1788 1098 respondentes
1809 1062 1845 1084 se
1871 1049 1990 1083 verbe—

474 1116 585 1151 rando
599 1143 607 1158 ,
624 1122 658 1149 et
678 1122 749 1149 erat
774 1114 947 1148 cantilena
966 1114 1057 1147 facta
1083 1113 1142 1146 tali
1166 1112 1292 1155 modo,
1313 1111 1411 1158 quod
1430 1111 1544 1145 tribus
1557 1111 1692 1145 vicibus
1705 1117 1860 1144 sternere
1879 1120 1914 1142 se
1932 1108 1991 1142 de-

475 1176 618 1210 bebant.
649 1175 691 1207 Et
709 1172 853 1220 quando
873 1172 1061 1205 veniebant
1081 1170 1125 1205 ad
1148 1171 1303 1216 primum
1325 1182 1465 1216 passum
1479 1197 1487 1213 ·.
1509 1181 1632 1203 omnes
1653 1170 1689 1202 in
1715 1180 1788 1202 uno
1809 1173 1991 1201 momento

476 1242 549 1268 toto
572 1245 720 1279 corpore
741 1239 776 1265 et
790 1237 931 1278 pectore
946 1243 981 1264 se
1000 1230 1271 1276 prosternebant
1283 1256 1290 1262 .
1313 1236 1346 1262 ct
1369 1229 1414 1262 de
1433 1229 1585 1262 brachiis
1600 1235 1633 1262 et
1653 1235 1727 1262 toto
1746 1238 1894 1273 corpore
1912 1237 1989 1260 cru—

476 1306 552 1327 cem
574 1292 760 1325 faciebant.
787 1291 829 1323 Et
850 1296 1033 1337 surgentes
1058 1300 1164 1334 super
1190 1300 1304 1336 genua
1329 1287 1481 1321 diversas
1507 1287 1710 1321 afflictiones
1736 1286 1927 1328 faciebant,
1954 1285 1990 1318 in

477 1358 615 1385 tantum
643 1348 740 1396 quod
770 1347 928 1381 videntes
960 1347 1197 1390 mirabantur,
1227 1353 1261 1380 et
1289 1345 1437 1389 flebant,
1467 1352 1501 1379 et
1527 1346 1834 1391 compatiebantur
1865 1355 1989 1377 eorum

476 1409 607 1451 labori,
629 1414 660 1441 et
684 1408 733 1441 sie
752 1407 927 1440 faciebant
945 1406 980 1439 in
1000 1404 1153 1439 secunda
1172 1411 1207 1438 et
1228 1405 1263 1438 in
1279 1405 1380 1438 tertia
1399 1404 1493 1447 vice,
1517 1404 1720 1438 cantoribus
1739 1405 1774 1437 in
1790 1403 1906 1437 medio
1925 1403 1990 1437 cir-

476 1468 543 1502 culi
564 1467 803 1509 cantantibus,
826 1466 861 1499 in
883 1465 1014 1512 quibus
1035 1471 1135 1498 erant
1155 1463 1262 1498 duces
1281 1476 1422 1506 eorum,
1457 1464 1568 1497 curati
1597 1463 1727 1497 scilicet
1749 1469 1809 1496 aut
1837 1461 1989 1510 religiosi

476 1525 716 1560 mendicantes
739 1525 948 1572 religionum
976 1522 1208 1556 diversarum.
1239 1522 1348 1555 Factis
1375 1528 1493 1555 autem
1522 1521 1660 1555 circulis
1683 1527 1718 1554 et
1742 1520 1989 1554 afflictionibus

476 1585 546 1619 suis
566 1582 821 1630 prosternendo
845 1589 877 1615 et
899 1580 1119 1615 verberando
1131 1608 1139 1624 ,
1170 1581 1269 1614 finita
1288 1580 1479 1623 cantilena,
1506 1591 1628 1613 omnes
1647 1591 1763 1627 genua
1781 1579 1987 1621 flectebant,

475 1651 507 1677 et
526 1655 619 1676 unus
637 1642 817 1690 religiosus
836 1641 985 1674 facieba-t
1003 1639 1327 1673 commendationes
1345 1646 1379 1672 et
1394 1639 1587 1682 orationes,
1609 1639 1699 1672 sicut
1718 1638 1757 1671 fit
1770 1638 1806 1671 in
1821 1637 1986 1680 ecclesiis,

476 1702 512 1735 in
532 1701 714 1735 funeribus
729 1706 763 1733 et
782 1700 816 1732 in
832 1699 901 1732 fine
914 1710 1137 1740 sermonum,
1159 1704 1193 1731 et
1211 1697 1347 1731 tamdiu
1365 1703 1465 1731 erant
1483 1696 1580 1730 flexis
1598 1697 1781 1745 genubus,
1802 1707 1990 1742 quousque

475 1761 548 1807 ipse
568 1760 705 1793 finierat
723 1757 1046 1793 commendationes
1064 1769 1144 1791 suas
1161 1764 1267 1803 atque
1286 1769 1425 1802 preces,
1446 1763 1480 1790 et
1504 1763 1616 1790 tantas
1640 1755 1815 1789 faciebant
1833 1761 1990 1801 proster-

477 1820 635 1853 nationes
654 1825 688 1851 et.
702 1817 919 1853 afflictiones.
941 1815 1039 1863 quod
1056 1816 1252 1862 piissimum
1272 1822 1343 1849 erat
1364 1821 1398 1848 et
1415 1815 1585 1848 horribile
1594 1814 1712 1848 videre
1730 1814 1987 1860 praesentibus.

477 1879 616 1920 Quibus
631 1877 792 1923 peractiS,
814 1876 1003 1923 surgebant
1024 1881 1059 1908 et
1077 1874 1252 1908 cantando
1271 1874 1315 1908 de
1335 1875 1436 1908 beata
1451 1874 1594 1921 Virgine
1604 1873 1705 1919 juxta
1721 1884 1825 1906 suum
1842 1871 1987 1915 idioma,

477 1937 575 1971 ibant
586 1935 630 1970 ad
648 1948 683 1969 se
703 1934 975 1969 revestiendum.
998 1934 1038 1966 Et
1053 1933 1201 1979 pluries,
1225 1939 1413 1979 antequam
1433 1931 1683 1966 revestirentur
1701 1937 1782 1964 ante
1800 1931 1991 1979 imaginem

476 1997 598 2029 beatae
608 1994 761 2042 Virginis
771 2020 779 2036 ,
792 1993 827 2026 in
842 1993 959 2039 aliquo
974 1992 1050 2026 loco
1067 1998 1210 2025 cantum
1223 2003 1328 2025 suum
1342 1991 1524 2024 finiebant.
1542 1990 1614 2024 Nee
1627 1996 1679 2023 est
1692 1988 1991 2035 praetereundum

477 2053 574 2101 quod
597 2053 734 2099 aliquae
756 2052 954 2093 societates,
972 2063 1042 2084 una
1058 2050 1136 2096 plus
1157 2062 1265 2096 quam
1287 2050 1370 2093 alia,
1397 2049 1601 2083 afflictiones
1622 2047 1776 2082 diversas
1798 2047 1986 2082 faciebant.

477 2113 519 2146 Et
537 2111 724 2158 praedietis
743 2109 941 2155 adimpletis
955 2136 963 2144 .
983 2121 1106 2142 omnes
1124 2109 1223 2142 ibant
1240 2108 1276 2141 in
1291 2108 1404 2154 platea
1422 2107 1590 2150 civitatis,
1607 2106 1732 2140 divites
1745 2112 1779 2139 et
1797 2117 1987 2152 pauperes,

477 2169 712 2216 exspectando
737 2169 764 2202 si
791 2168 916 2214 aliquis
941 2180 1000 2201 eos
1026 2168 1187 2201 imitaret
1213 2174 1274 2200 aut
1296 2172 1435 2200 voearet
1453 2164 1498 2199 ad
1518 2177 1622 2199 suum
1648 2164 1856 2210 hospitium.
1882 2165 1924 2198 Et
1940 2165 1990 2199 sic

478 2229 612 2263 invitati
631 2235 666 2262 et.
687 2228 798 2262 vocati
818 2226 1029 2261 recedebant
1046 2226 1096 2260 de'
1114 2226 1251 2260 licentia
1271 2226 1516 2272 superiorumg
1537 2231 1572 2258 et
1590 2236 1672 2258 cum
1691 2235 1763 2257 non
1780 2223 1910 2257 vocatis
1927 2235 1990 2257 su-

478 2287 631 2333 periores
654 2286 902 2328 remanebant,
929 2284 1042 2318 donee
1068 2291 1182 2318 essent
1203 2284 1333 2330 recepti
1362 2285 1397 2318 in
1420 2283 1596 2329 hospitiis.
1623 2282 1694 2317 Nec
1714 2281 1840 2328 aliquis
1865 2293 1988 2315 eorum

478 2352 615 2391 poterat
633 2344 817 2378 comedere
835 2351 896 2377 aut
914 2356 1095 2377 remanere
1114 2344 1148 2377 in
1168 2356 1240 2377 uno
1260 2344 1354 2386 loco,
1384 2343 1450 2377 nisi
1468 2355 1539 2376 una
1558 2342 1647 2385 viee,
1669 2347 1731 2374 aut
1748 2340 1820 2374 suis
1835 2340 1989 2386 sumpti-

480 2404 546 2437 bus
558 2430 566 2446 ,
588 2404 613 2436 si
632 2404 710 2449 plus
732 2409 974 2446 remanerent,
997 2402 1158 2436 faciendo
1176 2409 1295 2436 tamen
1314 2403 1405 2436 sicut
1422 2402 1457 2436 in
1477 2402 1548 2435 suis
1565 2399 1846 2435 ordinationibus
1864 2411 1990 2445 supra-

480 2460 581 2494 dictis
599 2461 810 2495 continetur.
835 2461 875 2494 Et
889 2460 1060 2506 quamdiu
1076 2461 1144 2494 fuit
1160 2467 1301 2506 tempus
1320 2472 1509 2494 amoenum
1528 2465 1564 2493 et
1581 2459 1712 2492 siccum
1726 2484 1734 2499 ,
1757 2456 1933 2503 praedicta
1952 2458 1989 2491 in
