2118 3184
517 413 743 449 CHROMCA
773 414 941 449 AEGIDH
970 414 1011 449 LI
1039 414 1202 450 MUISIS.
1546 415 1611 449 331

515 522 584 556 Nec
604 523 760 570 regimen
780 522 973 556 habuisset.

512 581 573 614 llic
592 588 664 615 erat
685 580 756 614 dux
777 582 1034 623 Non-manniam

415 639 485 673 780
513 640 588 686 lpse
609 641 700 688 regis
721 640 909 674 Bohemiae

513 698 630 732 Filiam
648 698 920 744 desponsaverat

513 755 551 788 Et
572 754 616 788 de
636 756 707 801 ipsa
726 762 898 803 genuerat

514 815 650 848 Prolem
672 815 856 861 utriusque
874 827 976 849 sexus

514 874 580 907 Per
598 886 679 906 suos
697 872 818 907 dulces
835 873 1037 913 amplexu-53

417 930 486 966 7823
513 931 579 965 Sed
601 939 787 978 postquam
809 945 867 966 rex
886 933 1041 967 obtinuit

513 993 694 1039 Regnum‚
716 1000 802 1026 tunc
821 993 894 1038 ipse
912 994 1036 1040 genuit

514 1052 636 1085 Filium
655 1051 850 1085 secundum
871 1058 994 1085 natum

515 1110 553 1144 Et
572 1111 777 1157 Philippum
795 1111 1023 1157 appellatum.

514 1169 575 1203 Hic
594 1168 665 1202 dux
686 1169 942 1202 Aurelianensis

418 1226 487 1260 3⁷90
514 1227 607 1269 Fuit.v
629 1226 673 1260 de
692 1227 762 1260 suis
783 1227 961 1260 immensis

514 1286 722 1319 Parentibus
737 1291 982 1330 nuncupatus;

513 1343 553 1376 Et
572 1343 637 1376 sibi
657 1342 774 1376 dictus
791 1342 942 1375 ducatus

513 1400 628 1441 Quem
649 1413 708 1433 rex
727 1399 865 1433 dudum
885 1406 1046 1434 tenuerat

513 1459 613 1493 Tunc
632 1459 798 1505 Philippo
817 1458 921 1493 datus
939 1466 1025 1493 erat.

418 1575 489 1611 795
515 1575 701 1610 Eduardus
716 1588 776 1609 rex
795 1576 941 1624 regebat

515 1635 674 1683 Angliam
694 1647 802 1681 quam
821 1633 1034 1680 possidebat.

512 1693 645 1741 Regina
664 1693 731 1726 fuit
750 1692 820 1725 filia

513 1751 658 1786 Comitis
677 1750 720 1784 de
742 1751 942 1794 Harmonia,

516 1809 688 1855 Principis
706 1809 931 1843 illustrissimi
942 1836 951 1852 7

419 1866 488 1901 800
515 1868 695 1902 Guillermi
713 1867 948 1901 famosissimi.

516 1926 585 1973 Ipsi
604 1925 648 1959 de
666 1938 702 1959 se
719 1932 919 1973 genuerunt

514 1984 707 2029 Haeredes,
729 1992 763 2018 et
779 1985 984 2019 habuerunt

516 2044 646 2078 Multos
664 2056 765 2077 sexus
782 2044 988 2090 utriusque7

516 2103 558 2136 Et
576 2109 655 2149 post
673 2114 732 2136 eos
751 2102 997 2148 unusquisque

420 2160 491 2196 805
517 2160 571 2194 Ad
588 2173 693 2195 suum
708 2161 766 2206 jus
784 2173 819 2194 se
838 2160 1017 2194 transtulit

515 2219 556 2252 Et
575 2219 674 2265 quod
691 2231 797 2253 suum
815 2225 890 2252 erat
906 2218 998 2252 tulit.

517 2336 557 2370 In
577 2335 735 2369 Flandria
752 2347 870 2369 comes
887 2342 961 2369 erat

521 2393 741 2436 Ludmicus,
762 2394 824 2439 qui
844 2393 958 2427 fuerat

518 2452 665 2487 Genitus
683 2465 702 2486 a
721 2451 914 2485 Ludovico.

423 2510 494 2545 810
522 2510 589 2545 Iste
602 2510 741 2557 juvenis
759 2509 850 2544 illico
