2137 3131
447 372 515 407 3810
787 369 961 405 COItl‘US
988 366 1317 403 CHRONICORUM
1345 367 1607 402 FLANDRIAE.

448 493 527 514 rans
546 494 581 513 se
604 480 695 513 venit
721 490 801 511 cuin
822 490 885 510 suo
906 476 977 509 filio
998 482 1031 508 et
1050 475 1124 508 aliis
1145 475 1323 508 nobilibus
1342 481 1474 508 secrete
1493 487 1556 520 per
1576 487 1689 517 marc.
1715 481 1749 508 et
1768 476 1906 509 intravit
1927 476 1962 508 in

447 538 575 572 dictam
597 538 711 570 xillam
726 548 807 569 cum
826 535 897 568 suis
911 541 1041 568 etcum
1063 545 1175 579 pauca
1195 533 1441 577 multitudine.
1463 546 1544 567 eum
1560 533 1700 580 illisqui
1718 540 1819 567 erant
1837 534 1873 567 in
1887 534 1964 568 villa

446 604 479 631 et
503 598 537 630 in
561 603 692 638 castro.
720 601 751 627 et
778 594 824 627 ibi
844 592 1100 626 ordinaverunt
1123 604 1230 625 suum
1251 592 1398 626 factum.
1423 593 1594 626 Dominus
1613 599 1732 626 autem
1751 590 1964 626 Godefridus

447 663 476 689 et
504 661 625 702 gentes
647 665 729 687 suae
748 665 836 699 quas
860 651 1094 693 adunaverat7
1120 657 1294 685 venerunt
1314 652 1350 684 in
1369 651 1486 685 villam
1506 651 1550 685 de
1569 650 1604 685 S.
1628 651 1849 693 Audomaro.
1875 656 1910 684 et
1927 649 1964 683 in

447 713 561 745 villam
585 711 629 745 de
655 711 786 745 Gliiues
807 717 839 744 et
865 711 899 744 in
924 710 1008 743 locis
1035 710 1307 744 circumvicinis.
1330 710 1370 743 In
1392 709 1449 744 die
1471 717 1590 744 autem
1610 710 1645 743 in
1667 723 1739 757 qua
1757 709 1964 743 castellanus

447 770 656 816 promiserat
677 769 855 815 complere
881 781 986 802 suum
1010 768 1165 811 factum7
1189 769 1263 814 ipse
1290 768 1408 814 posuit
1431 774 1465 801 et
1489 769 1572 814 poni
1597 768 1681 802 fecit
1701 769 1835 814 ubique
1857 778 1964 813 super

446 836 600 863 castrum
626 828 747 861 vexilla
771 828 861 875 regis
888 827 1071 870 franciae.
1098 833 1132 860 et
1156 826 1336 860 mandavit
1362 826 1458 861 dicto
1480 826 1628 860 domino
1650 826 1843 860 Godestido
1865 824 1965 872 quod

446 890 517 934 ipse
541 887 749 921 acceleraret
774 887 957 933 negotium
981 892 1015 919 et
1038 885 1174 920 veniret
1200 898 1282 919 cum
1305 886 1389 919 suis.
1417 886 1590 920 Dominus
1608 892 1728 919 autem
1750 883 1964 919 Godefridus

447 947 579 981 remisit
607 945 651 979 ad
680 945 815 979 dictum
843 944 1072 978 castellanum
1099 943 1197 991 quod
1224 944 1290 978 sibi
1311 945 1468 978 mitteret
1493 945 1664 990 promissa
1687 943 1859 991 hostagia.
1889 942 1966 988 lpse

445 1012 563 1040 autem
590 1005 797 1038 castellanus
824 1004 996 1037 malitiose
1019 1010 1054 1037 et
1075 1003 1320 1036 fraudulenter
1343 1003 1438 1036 misit
1462 1003 1647 1049 proprium
1670 1002 1815 1036 fratrem
1842 1013 1961 1035 suum.

446 1064 618 1098 Dominus
637 1070 755 1097 autem
778 1062 992 1097 Godefridus
1015 1062 1210 1095 transmisit
1231 1074 1313 1095 eum
1332 1062 1369 1095 in
1390 1069 1544 1096 castrum
1565 1060 1609 1095 de
1632 1061 1768 1107 Gynes,
1790 1066 1825 1094 et
1842 1066 1965 1093 tenens

447 1136 481 1155 se
501 1134 565 1168 pro
579 1134 704 1156 securo
724 1122 1020 1168 appropinquavit
1036 1127 1071 1154 et
1087 1127 1208 1168 gentes
1223 1133 1403 1154 armorum
1420 1127 1455 1154 et
1469 1120 1604 1166 pedites
1618 1120 1777 1153 similiter
1789 1146 1798 1162 a
1817 1125 1853 1152 et
1869 1117 1966 1153 venit

446 1189 526 1215 ante
541 1188 696 1215 castrum
711 1193 793 1214 cum
810 1180 931 1226 paucis
945 1179 988 1213 de
1007 1192 1071 1213 suo
1086 1179 1245 1213 consilio.
1264 1180 1305 1213 Et
1323 1179 1531 1213 castellanus
1547 1177 1729 1212 descendit
1747 1190 1829 1211 eum
1843 1176 1964 1223 paucis

445 1247 590 1286 portans
608 1240 746 1286 copiam
765 1240 915 1274 clavium
936 1239 972 1272 in
991 1251 1097 1272 manu
1116 1251 1179 1272 sua
1197 1245 1231 1272 et
1253 1238 1374 1272 dicens
1396 1253 1403 1271 z
1433 1252 1451 1268 (t
1470 1238 1556 1272 Ecce
1572 1249 1694 1271 omnes
1713 1237 1825 1270 claves
1838 1234 1961 1278 castri,

446 1306 590 1345 paratus
613 1311 692 1332 sum
714 1298 813 1331 vobis
841 1297 995 1340 tradere7
1025 1303 1057 1330 et
1084 1296 1171 1330 illud
1193 1298 1348 1343 recipere
1375 1297 1474 1344 quod
1500 1297 1588 1330 mihi
1616 1302 1668 1329 est
1689 1295 1916 1341 promissum.
1941 1308 1960 1324 n

446 1358 571 1403 Ibique
591 1357 751 1390 fecerunt
772 1357 920 1404 longum
941 1356 1218 1402 parlamentum,
1244 1355 1332 1389 adeo
1355 1355 1454 1402 quod
1472 1362 1568 1389 totus
1591 1355 1764 1388 exercitus
1782 1360 1816 1387 et
1840 1364 1964 1386 omnes

445 1416 582 1462 equites
601 1422 636 1449 et
655 1415 789 1461 pedites
808 1415 984 1461 quierant
1002 1414 1154 1448 ordinati
1175 1415 1396 1448 mirabantur
1415 1421 1449 1448 et
1468 1420 1662 1460 coeperunt
1677 1412 1859 1455 dubitare7
1881 1410 1965 1457 quia

447 1475 552 1508 etiam
585 1487 681 1508 mare
709 1473 847 1508 redibat
877 1487 941 1508 suo
973 1486 1079 1507 cursu
1110 1474 1272 1507 finaliter.
1303 1474 1475 1508 Dominus
1500 1479 1620 1506 autem
1640 1470 1854 1506 Godefridus
1880 1481 1962 1503 eum

447 1533 636 1579 aliquantis
662 1534 733 1566 suis
764 1533 905 1566 ina-avii
935 1539 1110 1575 castrum.
1145 1539 1176 1565 et
1204 1533 1295 1566 illico
1322 1539 1444 1578 portae
1473 1532 1609 1565 clausae
1635 1537 1717 1564 sunt
1743 1537 1778 1563 et
1807 1535 1960 1570 serame,

447 1592 613 1625 omnibus
631 1591 706 1625 aliis
724 1598 820 1625 extra
839 1590 1003 1624 dimissis.
1030 1591 1069 1624 Et
1090 1591 1324 1624 incontinenti
1342 1591 1454 1636 parati
1473 1596 1573 1623 erant
1593 1601 1700 1635 super
1721 1594 1876 1622 castrum
1900 1585 1963 1633 qui

447 1650 689 1696 deposuerunt
707 1650 829 1683 vexilla
854 1649 945 1697 regis
969 1649 1132 1683 Franciae
1156 1649 1334 1692 universa.
1357 1655 1392 1682 et
1416 1649 1620 1683 levaverunt
1638 1647 1760 1681 vexilla
1779 1646 1870 1694 regis
1889 1646 1964 1679 An-

446 1709 548 1755 gliae.
567 1708 746 1741 Exercitus
761 1714 878 1741 autem
893 1707 1010 1741 afforis
1025 1707 1094 1741 hoc
1108 1706 1243 1751 videns.
1262 1714 1296 1741 et
1310 1706 1408 1754 quod
1422 1707 1487 1753 ipsi
1502 1713 1602 1740 erant
1618 1705 1753 1749 traditi,
1769 1709 1964 1751 coeperunt

446 1773 526 1812 post
544 1767 694 1800 clamare
713 1772 786 1808 tra,
805 1768 905 1807 trai't,
927 1768 1028 1807 trait,
1050 1768 1151 1808 trai'ts.
1173 1772 1207 1799 et
1225 1772 1419 1812 coeperunt
1437 1766 1578 1813 fugere7
1604 1771 1639 1798 et
1657 1764 1759 1798 multi
1777 1762 1913 1810 pedites
1927 1768 1962 1796 et

446 1825 502 1858 alii
524 1832 607 1858 sunt
629 1825 801 1859 submersi
820 1832 927 1871 atque
950 1825 1039 1859 caesi
1052 1852 1060 1868 7
1089 1825 1171 1871 quia
1189 1832 1312 1873 gentes
1334 1826 1368 1858 in
1388 1825 1467 1858 villa
1489 1825 1695 1867 existentes.
1716 1824 1753 1856 in
1771 1829 1904 1865 castro,
1925 1822 1962 1855 in

446 1884 605 1917 turribus
623 1890 657 1917 et
676 1884 712 1916 in
726 1884 836 1917 muris
851 1890 1092 1929 apparuerunt
1103 1911 1111 1927 ,Α
1129 1896 1220 1930 quae
1237 1890 1339 1917 antea
1354 1895 1389 1917 se
1403 1883 1576 1917 celabant.
1594 1883 1635 1916 Et
1650 1883 1731 1916 licet
1744 1881 1788 1916 de
1805 1881 1962 1916 exercitu

445 1943 641 1976 extrinseco
658 1943 799 1988 copiosa
821 1942 1014 1976 multitudo
1035 1943 1191 1991 fugeret.
1217 1950 1463 1977 remanserunt
1485 1949 1604 1976 tamen
1622 1943 1725 1976 multi
1745 1941 1880 1975 nobiles
1898 1940 1962 1988 qui

446 2007 544 2034 erant
569 2001 653 2035 boni
676 2001 874 2049 sanguinis.
899 2014 934 2035 se
956 2001 1160 2036 ordinantes
1184 2009 1218 2036 et
1241 2002 1285 2036 ad
1306 2002 1440 2036 bellum
1460 2001 1721 2048 praeparantes.
1743 2002 1814 2035 Rex
1842 2008 1962 2035 autem

446 2059 590 2107 Angli-ae
609 2071 692 2093 eum
711 2072 775 2093 suo
795 2060 885 2103 filio7
904 2060 1001 2094 nullo
1019 2061 1164 2094 consilio
1184 2060 1388 2094 remanendi
1404 2061 1650 2107 acquiescens.
1667 2061 1772 2095 exivit
1790 2073 1873 2095 cum
1891 2061 1963 2095 suis

446 2119 507 2164 qui
525 2119 559 2151 in
581 2118 675 2152 dicta
698 2119 777 2152 villa
799 2126 899 2152 erant
920 2120 1045 2153 armati
1070 2127 1103 2153 et
1123 2119 1168 2154 ad
1188 2132 1346 2168 pugnam
1368 2121 1579 2166 praeparati.
1602 2121 1644 2154 Et
1665 2121 1714 2154 sic
1736 2120 1850 2154 dictae
1871 2121 1962 2154 acies

445 2178 839 2224 appropinquaverunt5
868 2185 902 2212 et
930 2185 1056 2212 mutuo
1083 2179 1302 2213 bellaverunt
1328 2186 1363 2212 et
1389 2178 1432 2212 de
1459 2185 1610 2226 utraque
1638 2186 1736 2225 parte
1759 2178 1964 2213 ceciderunt

447 2236 579 2269 nobiles
599 2243 631 2269 et
652 2236 778 2270 milites
798 2243 829 2269 et
850 2237 953 2270 etiam
977 2236 1133 2283 pedites.
1157 2244 1191 2270 et
1208 2238 1300 2283 capti
1320 2237 1465 2271 fuerunt
1482 2238 1600 2284 plures
1619 2250 1659 2271 ex
1677 2245 1828 2284 utraque
1847 2244 1957 2284 parte.

448 2294 543 2327 Inter
575 2301 729 2328 caeteros
757 2294 924 2328 dominus
951 2296 1134 2329 Eustaeius
1161 2295 1205 2329 de
1227 2296 1443 2342 Ryhemonl,
1469 2297 1531 2342 qui
1552 2308 1588 2330 se
1612 2297 1720 2344 gessit
1741 2303 1775 2330 et
1801 2295 1961 2330 defendit

448 2352 591 2385 viriliter
614 2359 654 2386 ut
676 2353 825 2396 nobilis,
850 2360 881 2386 et
905 2354 953 2387 sic
972 2354 1191 2401 fugientibus
1213 2354 1393 2400 pluribus7
1414 2354 1476 2400 qui
1498 2361 1597 2388 erant
1617 2353 1661 2388 de
1685 2354 1850 2402 gentibus
1868 2355 1961 2402 regis

447 2411 468 2444 1³
473 2411 627 2450 ranciae.
645 2412 718 2445 sine
737 2424 858 2455 causa.
877 2424 936 2445 rex
953 2413 1096 2460 Angliae
1111 2420 1145 2446 et
1163 2413 1216 2446 sui
1231 2414 1465 2447 obtinuerunt
1477 2413 1661 2447 victoriam
1675 2419 1710 2446 et
1725 2413 1834 2459 spolia
1850 2413 1962 2447 multa

447 2481 528 2503 cum
544 2470 706 2504 curribus
721 2470 938 2504 habuerunt.
956 2470 1099 2506 Certum
1116 2479 1167 2505 est
1183 2472 1277 2506 euim
1295 2472 1393 2518 quod
1410 2472 1447 2506 in
1462 2470 1684 2506 conflictibus
1704 2471 1830 2505 talibus
1849 2470 1961 2505 multa
