2118 3184
798 430 1086 466 APPENDICES.
1629 434 1699 468 909

857 547 1005 594 (ζαν-ιι
1015 575 1021 582 .

178 624 342 658 Sentence
359 624 530 657 arbitrale
548 624 589 657 de
606 623 751 666 Daniel,
767 624 856 658 ablu!
870 625 912 659 de
935 624 1165 672 Grimbetylae
1174 653 1184 668 ‚
1205 627 1246 661 (le
1277 626 1429 662 Gossm'n
1439 655 1449 671 ,
1465 628 1590 676 pre'rdt
1605 629 1646 663 cle
1665 630 1697 662 la

229 682 336 716 ηιὸηιο
356 682 510 728 abbaye,
526 688 558 716 et
574 682 624 716 dec
644 682 816 717 clm-alier-
831 683 1003 718 Bwvzard
1014 684 1054 717 de
1068 684 1329 732 ἱαιιιίοιῃΙιιήι,
1350 689 1416 732 qui
1430 688 1558 734 adju-qe
1575 686 1598 721 ἁ.
1617 688 1698 722 l'ah-

227 740 314 787 haye
329 740 370 774 de
384 739 522 774 Nz'nove
540 740 574 774 la
591 740 800 788 chapelleuie
817 742 858 776 cle
876 742 1102 790 Ledehetylw.
1123 763 1171 768 —
1183 743 1324 778 ΡΑπειε.

680 892 743 915 Dans
759 890 868 922 l'ahbaye
885 891 913 915 de
931 891 1088 923 Grimberghe
1100 911 1106 916 .
1126 893 1198 916 1249.

215 961 355 988 [nivei-sis
364 961 463 988 Christi
473 962 602 989 fidelibus
614 972 745 999 praesens
753 963 886 998 scriptum
899 963 1009 990 visuris.
1024 963 1130 996 Daniel,
1143 964 1192 990 Dei
1201 965 1289 1000 gratia
1303 965 1388 991 abbas
1401 965 1636 1003 Grimbergensis,
1645 969 1698 995 (io-

177 1009 274 1036 suinus
285 1008 320 1035 dc
330 1009 448 1043 Elmite,
461 1009 584 1043 ejusdem
596 1010 647 1036 loci
662 1010 848 1045 praepositus,
863 1015 889 1036 et
902 1010 1057 1037 Bernardus
1066 1031 1073 1041 ‚
1085 1010 1161 1037 miles
1169 1011 1203 1037 dc
1214 1011 1390 1048 Landmyem,
1405 1012 1520 1039 salutem
1532 1014 1558 1040 in
1572 1014 1695 1041 Domino.

177 1056 355 1082 Universitati
364 1061 472 1082 vestrae
481 1062 577 1083 tenore
586 1057 772 1092 praesentium
786 1062 880 1082 notum
893 1056 1006 1083 facimus
1016 1057 1089 1093 quod
1100 1067 1161 1084 cum
1174 1058 1314 1094 Aegidius,
1327 1058 1404 1085 miles
1416 1059 1450 1086 de
1460 1060 1632 1097 Landerqem,
1647 1072 1697 1098 pru

179 1103 319 1130 Willelmo
335 1113 422 1139 puero
434 1125 440 1136 ⁷
455 1103 566 1130 domiuo
579 1104 613 1130 de
627 1104 786 1140 Ledeberga
797 1125 803 1135 ‚
818 1105 861 1130 cui
879 1104 949 1131 idem
964 1105 1095 1143 Aegidius
1109 1105 1190 1131 datus
1203 1105 1255 1131 suit
1268 1106 1294 1132 in
1314 1111 1433 1133 tutorem
1446 1112 1473 1133 et
1488 1109 1678 1136 mamburnum
1691 1132 1696 1136 .

172 1151 280 1185 judicio
300 1151 441 1178 hominum
458 1151 630 1178 feodatorum
647 1152 698 1178 viri
712 1151 812 1178 nobilis
825 1173 832 1183 ,
849 1151 881 1178 G.
901 1151 1044 1178 domni-de
1060 1152 1206 1186 Peren-eis,
1232 1158 1327 1179 contra
1345 1153 1473 1180 abbatem
1488 1160 1515 1181 et
1533 1161 1697 1183 conventum

177 1198 350 1225 Ninivenscm
365 1199 493 1225 movisset
507 1199 648 1235 querelam
663 1208 754 1225 coram
769 1199 843 1225 dicto
861 1199 978 1226 Domino
992 1199 1024 1226 G.
1036 1220 1044 1232 ‚
1058 1208 1143 1235 super
1155 1199 1302 1227 collatione
1315 1201 1483 1236 capellaniae
1493 1202 1527 1229 dc
1539 1203 1698 1241 Ledeberga

176 1246 210 1272 ab
219 1246 333 1282 Aegidio
342 1251 408 1272 tuuc
416 1246 526 1272 domino
535 1246 570 1272 de
580 1246 751 1283 Ledeberga,
767 1252 846 1281 patre
857 1246 923 1273 dicti
937 1247 982 1272 W.
997 1247 1086 1282 pueri⁷
1101 1252 1200 1283 agente
1214 1248 1240 1273 in
1252 1248 1390 1279 extremis,
1404 1248 1474 1275 sacta
1485 1250 1616 1277 ecclesiae
1624 1251 1683 1277 Nini
1692 1267 1699 1270 -

176 1293 264 1324 vensi,
280 1292 389 1319 taudem
401 1292 435 1318 de
450 1292 585 1319 bonorum
600 1293 723 1319 virorum
734 1292 847 1319 consilio
860 1298 887 1319 et
901 1293 934 1319 de
947 1302 1083 1319 consensu
1097 1298 1124 1319 et
1137 1293 1280 1320 voluntate
1290 1294 1377 1327 Petri,
1394 1295 1487 1322 clerici
1500 1297 1632 1331 praedicti
1647 1299 1696 1324 viri

176 1339 276 1365 nobilis
289 1339 391 1365 domini
402 1339 437 1365 de
448 1339 588 1371 Percu-eis,
604 1349 685 1375 quem
697 1339 732 1365 ad
745 1339 797 1365 hoc
811 1339 882 1366 idem
897 1339 1024 1366 dominus
1034 1340 1094 1366 loco
1107 1340 1150 1366 sui
1161 1340 1318 1376 specialiter
1328 1341 1521 1376 deputaverat⁷
1535 1343 1623 1370 eidem
1633 1353 1698 1371 con-

175 1386 267 1412 ferens
278 1391 440 1421 potestatem
453 1395 504 1421 per
518 1385 624 1412 litteras
634 1396 698 1413 suas
708 1387 798 1412 omnia
811 1391 838 1412 et
851 1386 959 1423 singula
973 1386 1090 1413 faciendi
1107 1396 1178 1422 quae
1193 1388 1251 1422 ipse
1267 1387 1375 1414 fecisset
1385 1388 1428 1415 vel
1443 1388 1532 1416 faeere
1545 1391 1679 1426 potuisset
1690 1414 1695 1418 .

176 1434 198 1460 si
212 1432 309 1460 suisset
328 1442 458 1469 praesens
469 1454 475 1465 .,
493 1433 650 1469 praedictae
666 1439 760 1469 partes
774 1443 866 1460 coram
881 1434 960 1460 dictis
973 1434 1130 1461 hominibus
1143 1434 1259 1461 feodatis
1272 1435 1298 1461 in
1314 1445 1375 1468 nos,
1394 1441 1524 1472 tanquam
1539 1438 1564 1464 in
1578 1439 1698 1465 arbitros

175 1480 331 1507 voluntarie
341 1480 600 1515 compromiserunt,
610 1481 662 1507 sub
672 1480 723 1507 hac
733 1480 830 1513 forma,
843 1480 917 1516 quod
924 1481 1059 1516 quidquid
1067 1490 1126 1514 nos,
1137 1481 1238 1507 auditis
1247 1487 1273 1507 et
1282 1482 1428 1508 intellectis
1436 1484 1589 1511 rationibus
1598 1487 1699 1512 utrius-

176 1536 231 1563 que
245 1527 332 1562 partis
345 1526 408 1553 hinc
420 1526 483 1552 inde
497 1527 660 1562 propositis,
672 1527 746 1554 iuter
756 1527 843 1553 dictas
855 1533 948 1563 partes
959 1528 1202 1562 pronuntiaremus
1215 1528 1377 1554 arbitrando
1387 1549 1394 1560 ,
1408 1529 1461 1556 hoc
1475 1531 1501 1556 in
1516 1532 1643 1559 omnibus
1656 1534 1699 1559 in-

177 1573 537 1605 violabiliterobservarent,
546 1573 598 1599 sub
604 1573 862 1610 periculoquerelae
870 1574 994 1610 perditae
1001 1579 1028 1601 et
1035 1575 1182 1610 subpoena
1189 1575 1329 1612 sexaginta
1336 1575 1469 1603 librarum
1479 1577 1695 1614 Lovaniensium.

177 1622 278 1657 partim
291 1620 366 1647 dicto
379 1621 440 1646 viro
453 1620 538 1646 nobili
551 1641 557 1652 ‚
576 1621 676 1656 partim
690 1621 835 1647 arbitrium
849 1626 974 1647 nostrum
988 1621 1160 1653 observanti,
1173 1631 1188 1648 a
1203 1627 1281 1657 parte
1298 1622 1438 1650 resiliente
1456 1624 1491 1650 ab
1507 1626 1623 1653 arbitrio
1636 1629 1699 1654 red—

175 1668 341 1695 dendarum.
360 1667 414 1694 Nos
432 1676 512 1699 vero,
534 1667 568 1693 ad
586 1668 746 1702 petitionem
765 1668 830 1694 dicti
848 1668 877 1694 P.
897 1667 989 1694 clerici
1010 1673 1038 1694 et
1055 1668 1191 1695 dictarum
1212 1669 1330 1704 partium
1349 1670 1557 1707 proborumque
1575 1674 1695 1701 virorum

176 1720 306 1751 suscepto
321 1715 348 1741 in
362 1724 412 1741 nos
424 1724 508 1741 onere
520 1715 691 1747 arbitrandi,
709 1715 810 1742 auditis
827 1715 981 1742 rationibus
1001 1715 1064 1742 hinc
1081 1716 1146 1742 inde
1167 1717 1315 1752 propositis
1330 1738 1337 1750 ‚
1360 1718 1506 1746 arbitrarie
1522 1723 1697 1749 concorditer

175 1763 415 1799 pronuntiavimus
427 1762 502 1798 quod
516 1772 565 1788 nos
579 1762 763 1789 intelleximus
778 1763 852 1798 quod
870 1763 1016 1799 Aegfflius,
1033 1769 1112 1799 pater
1127 1763 1193 1790 dicti
1207 1764 1336 1791 willelmi
1351 1766 1431 1800 pueri
1444 1766 1546 1793 domini
1561 1768 1596 1795 de
1611 1769 1698 1796 Lede-

175 1811 276 1847 berga‚
289 1819 373 1846 agens
385 1811 413 1836 in
425 1810 553 1836 extremis
567 1814 594 1836 et
606 1819 717 1846 compos
731 1811 828 1836 mentis
836 1819 913 1843 suae,
925 1810 1104 1846 capellaniam
1114 1811 1148 1837 de
1161 1811 1320 1847 Ledeberga
1336 1817 1363 1838 et
1374 1821 1453 1839 omne
1463 1814 1510 1847 jus
1524 1815 1599 1849 quod
1612 1815 1697 1843 habe-

176 1858 224 1884 bat
237 1857 279 1884 vel
290 1857 393 1884 habere
405 1857 550 1884 videbatur
560 1857 587 1883 in
601 1866 632 1883 ea
643 1857 687 1883 vel
699 1857 726 1883 in
739 1857 798 1891 ejus
809 1857 968 1890 collatione,
983 1857 1100 1884 contulit
1111 1857 1242 1884 ecclesiae
1259 1858 1408 1892 NinivensL
1425 1859 1493 1886 nihil
1503 1861 1576 1895 juris
1590 1863 1642 1889 sibi
1656 1865 1695 1890 vel

175 1905 381 1932 successoribus
395 1905 452 1931 suis
465 1905 492 1930 in
508 1914 540 1931 ea
551 1904 586 1931 de
601 1909 712 1931 caetero
729 1905 896 1931 reservando
907 1926 914 1937 ,
931 1914 962 1931 ac
976 1914 1025 1940 per
1038 1905 1090 1931 hoc
1107 1905 1224 1931 diximus
1243 1915 1350 1932 omnem
1364 1909 1579 1935 controversiam
1592 1920 1607 1936 a
1625 1911 1697 1937 dictu

175 1952 289 1990 Aegidio
296 1952 331 1979 de
339 1951 504 1989 Lunderqem
515 1952 600 1978 milite
609 1973 616 1984 ,
632 1962 683 1988 pro
692 1952 766 1978 dicto
782 1952 918 1979 Willelmo
933 1962 1020 1988 puero
1034 1952 1145 1978 domino
1157 1953 1191 1979 de
1203 1953 1364 1990 Ledeberga
1373 1975 1381 1986 ‚
1391 1960 1487 1981 contra
1498 1955 1598 1983 dictam
1611 1958 1699 1984 eccle-

174 2001 241 2026 siam
251 2000 286 2026 de
298 1999 394 2025 Ninive
407 2008 492 2035 super
505 1998 651 2025 collatione
664 1999 753 2025 dictae
764 1999 931 2035 capellaniae
945 2004 1056 2033 motam,
1069 1999 1112 2025 vel
1125 1999 1255 2036 deinceps
1269 2001 1410 2027 occasione
1423 2001 1488 2028 dicti
1499 2003 1544 2028 W.
1560 2005 1639 2039 pueri
1653 2007 1695 2032 vel

175 2047 210 2074 ab
223 2048 283 2083 ipso
294 2046 432 2073 Willelmo
446 2046 606 2072 movendam
616 2067 624 2078 ‚
638 2047 749 2081 penitus
761 2056 820 2073 esse
835 2048 961 2082 sopitam,
972 2052 999 2073 et
1008 2046 1108 2073 dictam
1123 2047 1264 2073 ecclesiam
1273 2048 1414 2084 praedicta
1427 2049 1577 2085 capellania
1591 2052 1624 2078 ad
1637 2053 1696 2088 ple—

174 2104 241 2121 num
252 2096 279 2120 in
290 2099 430 2130 posterum
441 2093 544 2120 debere
557 2093 688 2129 gaudere.
701 2094 738 2120 Ne
748 2099 839 2120 autem
853 2103 938 2130 super
948 2094 1103 2130 praemissis
1115 2094 1215 2130 aliquis
1228 2095 1255 2121 in
1268 2100 1409 2131 posterum
1423 2096 1604 2124 dubitationis
1616 2109 1695 2126 scru-

175 2141 259 2178 pulus
277 2141 399 2174 oriatur,
414 2141 440 2167 in
454 2140 638 2167 testimonium
652 2141 864 2176 praemissorum
882 2146 910 2167 et
929 2141 1068 2167 munimen
1082 2162 1090 2174 ‚
1103 2151 1154 2167 nos
1170 2142 1254 2168 abbas
1271 2147 1298 2168 et
1317 2143 1473 2170 Bernardus
1490 2144 1567 2171 miles
1577 2166 1584 2177 ‚
1599 2147 1695 2183 sigillis

175 2190 277 2216 nostris
290 2194 318 2215 et
330 2197 382 2224 ego
395 2187 532 2214 Gosuinus
545 2188 634 2224 sigillo
649 2189 748 2224 prioris
762 2188 796 2215 de
812 2188 981 2225 Grimbergis
993 2198 1124 2224 praesens
1138 2189 1271 2225 scriptum
1287 2199 1349 2216 cum
1371 2191 1566 2219 subnotatione
1585 2195 1695 2222 testium

176 2237 225 2272 qui
238 2235 428 2262 interfuerunt
442 2235 568 2261 duximus
582 2233 781 2262 roborandum.
797 2236 892 2262 Testes
905 2236 1032 2272 Sigerus,
1048 2236 1134 2262 abbas
1148 2236 1316 2269 Ninivensis,
1334 2237 1488 2264 willelmus
1503 2242 1693 2276 praepositus¹

178 2283 320 2320 Aegiffius,
336 2282 474 2318 quondam
490 2282 575 2309 abbas
589 2282 795 2309 Helencinensis
806 2304 813 2316 ,
830 2283 979 2316 Hem-icus,
995 2283 1170 2316 cellerarius,
1185 2283 1319 2310 Henricus
1327 2284 1361 2310 de
1369 2284 1504 2318 Lovanio,
1521 2289 1697 2315 canoniciNi-

175 2332 318 2365 nivenses;
335 2329 491 2363 Gilbertus,
507 2330 594 2366 prior,
611 2330 779 2363 Amen-icus,
799 2336 907 2363 custos,
922 2331 1047 2357 canonici
1059 2331 1300 2368 Grimbergenses3
1317 2332 1451 2359 Johannis
1465 2333 1499 2360 de
1516 2334 1694 2373 Landerqem,

176 2378 269 2411 miles,
285 2378 397 2414 Sigerus
409 2377 444 2404 de
457 2376 549 2404 Castro
562 2383 590 2404 et
601 2378 752 2404 Paridanus
765 2378 800 2405 de
812 2378 975 2413 Strambeke,
992 2379 1116 2405 homines
1130 2379 1232 2405 domini
1247 2379 1280 2406 de
1293 2379 1409 2406 Perweis
1422 2380 1538 2421 seqdati5
1554 2382 1695 2410 Johannes

176 2425 323 2452 Hundekin
337 2430 366 2452 et
376 2424 506 2451 Bauchon
521 2425 604 2451 etalii
621 2425 808 2461 quamplures.
825 2426 923 2452 Actum
937 2426 1011 2462 apud
1024 2426 1193 2463 Grimbergis
1203 2448 1210 2459 ,
1226 2427 1252 2453 in
1267 2427 1387 2463 hospitio
1401 2428 1527 2455 abbatiae
1537 2450 1544 2462 ‚
1561 2430 1587 2456 in
1605 2431 1695 2467 vigilia

176 2472 390 2500 circumcisionis
405 2471 514 2499 Domini
526 2493 533 2504 ,
548 2481 620 2498 anno
634 2472 732 2499 Domni
746 2472 910 2500 MCCXLIX.

1173 2511 1281 2544 Original
1293 2530 1300 2543 ‚
1313 2519 1382 2537 sceau
1398 2520 1428 2536 en
1446 2513 1495 2537 cire
1506 2518 1579 2538 verte.
