<?xml version="1.0" encoding="UTF-8"?>
<!DOCTYPE html PUBLIC "-//W3C//DTD XHTML 1.0 Transitional//EN"
    "http://www.w3.org/TR/xhtml1/DTD/xhtml1-transitional.dtd">
<html xmlns="http://www.w3.org/1999/xhtml" xml:lang="en" lang="en">
 <head>
  <title>
</title>
<meta http-equiv="Content-Type" content="text/html;charset=utf-8" />
  <meta name='ocr-system' content='tesseract 3.04.00' />
  <meta name='ocr-capabilities' content='ocr_page ocr_carea ocr_par ocr_line ocrx_word'/>
</head>
<body>
  <div class='ocr_page' id='page_1' title='image "./corpuschronicoru02smetuoft_0782.png"; bbox 0 0 2137 3131; ppageno 0'>
   <div class='ocr_carea' id='block_1_1' title="bbox 457 407 525 442">
    <p class='ocr_par' dir='ltr' id='par_1_1' title="bbox 457 407 525 442">
     <span class='ocr_line' id='line_1_1' title="bbox 457 407 525 442; baseline -0.029 -1"><span class='ocrx_word' id='word_1_1' title='bbox 457 407 525 442; x_wconf 78' lang='lat'>750</span> 
     </span>
    </p>
   </div>
   <div class='ocr_carea' id='block_1_2' title="bbox 1026 391 1412 429">
    <p class='ocr_par' dir='ltr' id='par_1_2' title="bbox 1026 391 1412 429">
     <span class='ocr_line' id='line_1_2' title="bbox 1026 391 1412 429; baseline -0.016 0"><span class='ocrx_word' id='word_1_2' title='bbox 1026 391 1412 429; x_wconf 83' lang='lat' dir='ltr'><strong>AVERTISSEMENT.</strong></span> 
     </span>
    </p>
   </div>
   <div class='ocr_carea' id='block_1_3' title="bbox 462 497 1974 623">
    <p class='ocr_par' dir='ltr' id='par_1_3' title="bbox 462 497 1974 623">
     <span class='ocr_line' id='line_1_3' title="bbox 462 497 1974 566; baseline -0.01 -14"><span class='ocrx_word' id='word_1_3' title='bbox 462 512 695 566; x_wconf 72' lang='lat' dir='ltr'>auxquelles</span> <span class='ocrx_word' id='word_1_4' title='bbox 717 505 1030 561; x_wconf 78' lang='lat' dir='ltr'>appartenaient</span> <span class='ocrx_word' id='word_1_5' title='bbox 1059 504 1166 542; x_wconf 85' lang='lat' dir='ltr'>leurs</span> <span class='ocrx_word' id='word_1_6' title='bbox 1193 501 1435 554; x_wconf 85' lang='lat' dir='ltr'>possessions</span> <span class='ocrx_word' id='word_1_7' title='bbox 1450 513 1461 549; x_wconf 82' lang='lat'>3</span> <span class='ocrx_word' id='word_1_8' title='bbox 1489 497 1646 551; x_wconf 73' lang='lat' dir='ltr'>d&#39;apres</span> <span class='ocrx_word' id='word_1_9' title='bbox 1670 505 1733 537; x_wconf 80' lang='lat' dir='ltr'>cet</span> <span class='ocrx_word' id='word_1_10' title='bbox 1763 513 1883 552; x_wconf 85' lang='lat' dir='ltr'>usage</span> <span class='ocrx_word' id='word_1_11' title='bbox 1902 531 1912 549; x_wconf 82' lang='lat'>,</span> <span class='ocrx_word' id='word_1_12' title='bbox 1939 500 1974 538; x_wconf 89' lang='lat' dir='ltr'>le</span> 
     </span>
     <span class='ocr_line' id='line_1_4' title="bbox 462 565 1691 623; baseline -0.013 -4"><span class='ocrx_word' id='word_1_13' title='bbox 462 579 657 619; x_wconf 55' lang='lat' dir='ltr'>chau-trior</span> <span class='ocrx_word' id='word_1_14' title='bbox 672 576 721 614; x_wconf 87' lang='lat' dir='ltr'>de</span> <span class='ocrx_word' id='word_1_15' title='bbox 737 574 888 613; x_wconf 86' lang='lat' dir='ltr'>Ninove</span> <span class='ocrx_word' id='word_1_16' title='bbox 906 569 1161 623; x_wconf 81' lang='lat' dir='ltr'>eomprenait</span> <span class='ocrx_word' id='word_1_17' title='bbox 1179 569 1234 607; x_wconf 88' lang='lat' dir='ltr'>les</span> <span class='ocrx_word' id='word_1_18' title='bbox 1248 566 1442 606; x_wconf 88' lang='lat' dir='ltr'>divisions</span> <span class='ocrx_word' id='word_1_19' title='bbox 1462 565 1666 604; x_wconf 83' lang='lat' dir='ltr'>suivantes</span> <span class='ocrx_word' id='word_1_20' title='bbox 1684 581 1691 604; x_wconf 93' lang='lat'><strong>:</strong></span> 
     </span>
    </p>
   </div>
   <div class='ocr_carea' id='block_1_4' title="bbox 523 668 1238 1447">
    <p class='ocr_par' dir='ltr' id='par_1_4' title="bbox 550 668 985 713">
     <span class='ocr_line' id='line_1_5' title="bbox 550 668 985 713; baseline -0.016 0"><span class='ocrx_word' id='word_1_21' title='bbox 550 675 584 713; x_wconf 87' lang='lat' dir='ltr'>l.</span> <span class='ocrx_word' id='word_1_22' title='bbox 617 673 772 712; x_wconf 84' lang='lat' dir='ltr'>Ninove</span> <span class='ocrx_word' id='word_1_23' title='bbox 793 676 833 708; x_wconf 80' lang='lat' dir='ltr'>et</span> <span class='ocrx_word' id='word_1_24' title='bbox 848 668 985 707; x_wconf 83' lang='lat' dir='ltr'>Scora.</span> 
     </span>
    </p>

    <p class='ocr_par' dir='ltr' id='par_1_5' title="bbox 543 735 1122 1046">
     <span class='ocr_line' id='line_1_6' title="bbox 543 735 878 779; baseline -0.018 0"><span class='ocrx_word' id='word_1_25' title='bbox 543 742 583 779; x_wconf 83' lang='lat'>2.</span> <span class='ocrx_word' id='word_1_26' title='bbox 615 735 878 778; x_wconf 82' lang='lat' dir='ltr'>Liedekerke.</span> 
     </span>
     <span class='ocr_line' id='line_1_7' title="bbox 546 800 1086 847; baseline -0.019 0"><span class='ocrx_word' id='word_1_27' title='bbox 546 807 586 847; x_wconf 83' lang='lat'>3.</span> <span class='ocrx_word' id='word_1_28' title='bbox 620 804 806 845; x_wconf 79' lang='lat' dir='ltr'>Catthem</span> <span class='ocrx_word' id='word_1_29' title='bbox 820 808 860 841; x_wconf 84' lang='lat' dir='ltr'>et</span> <span class='ocrx_word' id='word_1_30' title='bbox 875 800 1086 840; x_wconf 83' lang='lat' dir='ltr'>Strithem.</span> 
     </span>
     <span class='ocr_line' id='line_1_8' title="bbox 546 867 1078 919; baseline -0.015 -7"><span class='ocrx_word' id='word_1_31' title='bbox 546 874 585 912; x_wconf 81' lang='lat'>4.</span> <span class='ocrx_word' id='word_1_32' title='bbox 619 871 779 911; x_wconf 83' lang='lat' dir='ltr'>Pamele</span> <span class='ocrx_word' id='word_1_33' title='bbox 793 875 833 908; x_wconf 80' lang='lat' dir='ltr'>et</span> <span class='ocrx_word' id='word_1_34' title='bbox 856 867 1078 919; x_wconf 83' lang='lat' dir='ltr'>Ledeberg.</span> 
     </span>
     <span class='ocr_line' id='line_1_9' title="bbox 545 932 1122 990; baseline -0.014 -11"><span class='ocrx_word' id='word_1_35' title='bbox 545 941 585 979; x_wconf 85' lang='lat'>5.</span> <span class='ocrx_word' id='word_1_36' title='bbox 618 937 815 990; x_wconf 84' lang='lat' dir='ltr'>Wolpute</span> <span class='ocrx_word' id='word_1_37' title='bbox 836 941 876 974; x_wconf 83' lang='lat' dir='ltr'>et</span> <span class='ocrx_word' id='word_1_38' title='bbox 895 932 1122 973; x_wconf 82' lang='lat' dir='ltr'>Meerbeke.</span> 
     </span>
     <span class='ocr_line' id='line_1_10' title="bbox 545 1001 1016 1046; baseline -0.015 0"><span class='ocrx_word' id='word_1_39' title='bbox 545 1008 586 1046; x_wconf 80' lang='lat'>6.</span> <span class='ocrx_word' id='word_1_40' title='bbox 618 1003 766 1044; x_wconf 83' lang='lat' dir='ltr'>Loetsh</span> <span class='ocrx_word' id='word_1_41' title='bbox 786 1009 826 1042; x_wconf 78' lang='lat' dir='ltr'>et</span> <span class='ocrx_word' id='word_1_42' title='bbox 843 1001 1016 1041; x_wconf 75' lang='lat' dir='ltr'>Voorde.</span> 
     </span>
    </p>

    <p class='ocr_par' dir='ltr' id='par_1_6' title="bbox 545 1071 805 1114">
     <span class='ocr_line' id='line_1_11' title="bbox 545 1071 805 1114; baseline -0.023 0"><span class='ocrx_word' id='word_1_43' title='bbox 545 1073 586 1114; x_wconf 87' lang='lat'>7.</span> <span class='ocrx_word' id='word_1_44' title='bbox 617 1071 805 1111; x_wconf 81' lang='lat' dir='ltr'>Rouslar.</span> 
     </span>
    </p>

    <p class='ocr_par' dir='ltr' id='par_1_7' title="bbox 544 1137 958 1260">
     <span class='ocr_line' id='line_1_12' title="bbox 544 1137 847 1180; baseline -0.017 0"><span class='ocrx_word' id='word_1_45' title='bbox 544 1140 585 1180; x_wconf 83' lang='grc'>8.</span> <span class='ocrx_word' id='word_1_46' title='bbox 618 1137 847 1179; x_wconf 87' lang='lat' dir='ltr'><strong>Bouchout.</strong></span> 
     </span>
     <span class='ocr_line' id='line_1_13' title="bbox 547 1204 958 1260; baseline -0.012 -13"><span class='ocrx_word' id='word_1_47' title='bbox 547 1210 588 1247; x_wconf 79' lang='lat'>9.</span> <span class='ocrx_word' id='word_1_48' title='bbox 620 1206 750 1260; x_wconf 84' lang='lat' dir='ltr'>Calph</span> <span class='ocrx_word' id='word_1_49' title='bbox 769 1211 808 1243; x_wconf 85' lang='lat' dir='ltr'>et</span> <span class='ocrx_word' id='word_1_50' title='bbox 828 1204 958 1243; x_wconf 86' lang='lat' dir='ltr'><strong>Menz.</strong></span> 
     </span>
    </p>

    <p class='ocr_par' dir='ltr' id='par_1_8' title="bbox 525 1272 841 1314">
     <span class='ocr_line' id='line_1_14' title="bbox 525 1272 841 1314; baseline -0.016 0"><span class='ocrx_word' id='word_1_51' title='bbox 525 1276 589 1314; x_wconf 90' lang='grc'>10.</span> <span class='ocrx_word' id='word_1_52' title='bbox 620 1272 841 1313; x_wconf 79' lang='lat' dir='ltr'>Hartbeke.</span> 
     </span>
    </p>

    <p class='ocr_par' dir='ltr' id='par_1_9' title="bbox 523 1339 860 1381">
     <span class='ocr_line' id='line_1_15' title="bbox 523 1339 860 1381; baseline -0.012 0"><span class='ocrx_word' id='word_1_53' title='bbox 523 1342 589 1381; x_wconf 91' lang='lat' dir='ltr'>ll.</span> <span class='ocrx_word' id='word_1_54' title='bbox 619 1339 860 1380; x_wconf 82' lang='lat' dir='ltr'>Reinirsart.</span> 
     </span>
    </p>

    <p class='ocr_par' dir='ltr' id='par_1_10' title="bbox 526 1402 1238 1447">
     <span class='ocr_line' id='line_1_16' title="bbox 526 1402 1238 1447; baseline -0.01 0"><span class='ocrx_word' id='word_1_55' title='bbox 526 1408 590 1447; x_wconf 87' lang='lat'>12.</span> <span class='ocrx_word' id='word_1_56' title='bbox 621 1406 796 1446; x_wconf 85' lang='lat' dir='ltr'>Tonlieu</span> <span class='ocrx_word' id='word_1_57' title='bbox 815 1411 856 1444; x_wconf 82' lang='lat' dir='ltr'>et</span> <span class='ocrx_word' id='word_1_58' title='bbox 875 1403 1033 1444; x_wconf 83' lang='lat' dir='ltr'>affaires</span> <span class='ocrx_word' id='word_1_59' title='bbox 1051 1402 1238 1442; x_wconf 80' lang='lat' dir='ltr'><strong>diverses.</strong></span> 
     </span>
    </p>
   </div>
   <div class='ocr_carea' id='block_1_5' title="bbox 468 1497 1986 1826">
    <p class='ocr_par' dir='ltr' id='par_1_11' title="bbox 468 1497 1986 1826">
     <span class='ocr_line' id='line_1_17' title="bbox 523 1497 1985 1556; baseline -0.003 -13"><span class='ocrx_word' id='word_1_60' title='bbox 523 1503 669 1556; x_wconf 48' lang='lat' dir='ltr'>Obliga</span> <span class='ocrx_word' id='word_1_61' title='bbox 685 1502 734 1541; x_wconf 90' lang='lat' dir='ltr'>de</span> <span class='ocrx_word' id='word_1_62' title='bbox 749 1516 851 1541; x_wconf 88' lang='lat' dir='ltr'>nous</span> <span class='ocrx_word' id='word_1_63' title='bbox 870 1499 1095 1540; x_wconf 84' lang='lat' dir='ltr'>astreindre</span> <span class='ocrx_word' id='word_1_64' title='bbox 1117 1501 1141 1538; x_wconf 77' lang='lat' dir='ltr'>a</span> <span class='ocrx_word' id='word_1_65' title='bbox 1158 1497 1304 1538; x_wconf 82' lang='lat' dir='ltr'>l&#39;ordre</span> <span class='ocrx_word' id='word_1_66' title='bbox 1328 1497 1652 1552; x_wconf 82' lang='lat' dir='ltr'>chronologique</span> <span class='ocrx_word' id='word_1_67' title='bbox 1664 1528 1675 1548; x_wconf 85' lang='grc'>,</span> <span class='ocrx_word' id='word_1_68' title='bbox 1692 1512 1795 1537; x_wconf 92' lang='lat' dir='ltr'>nous</span> <span class='ocrx_word' id='word_1_69' title='bbox 1818 1499 1985 1538; x_wconf 89' lang='lat' dir='ltr'>n’avons</span> 
     </span>
     <span class='ocr_line' id='line_1_18' title="bbox 468 1564 1986 1626; baseline -0.003 -16"><span class='ocrx_word' id='word_1_70' title='bbox 468 1587 524 1626; x_wconf 93' lang='lat' dir='ltr'>pu</span> <span class='ocrx_word' id='word_1_71' title='bbox 543 1570 674 1610; x_wconf 85' lang='lat' dir='ltr'>suivre</span> <span class='ocrx_word' id='word_1_72' title='bbox 696 1584 760 1608; x_wconf 85' lang='lat' dir='ltr'>ces</span> <span class='ocrx_word' id='word_1_73' title='bbox 779 1567 991 1618; x_wconf 80' lang='lat' dir='ltr'>divisions,</span> <span class='ocrx_word' id='word_1_74' title='bbox 1008 1566 1109 1605; x_wconf 86' lang='lat' dir='ltr'>mais</span> <span class='ocrx_word' id='word_1_75' title='bbox 1122 1579 1226 1604; x_wconf 89' lang='lat' dir='ltr'>nous</span> <span class='ocrx_word' id='word_1_76' title='bbox 1247 1579 1372 1604; x_wconf 81' lang='lat' dir='ltr'>avons</span> <span class='ocrx_word' id='word_1_77' title='bbox 1384 1579 1456 1604; x_wconf 83' lang='lat' dir='ltr'>cru</span> <span class='ocrx_word' id='word_1_78' title='bbox 1477 1564 1578 1604; x_wconf 81' lang='lat' dir='ltr'>faire</span> <span class='ocrx_word' id='word_1_79' title='bbox 1592 1579 1673 1603; x_wconf 88' lang='lat' dir='ltr'>une</span> <span class='ocrx_word' id='word_1_80' title='bbox 1689 1564 1810 1604; x_wconf 87' lang='lat' dir='ltr'><strong>chose</strong></span> <span class='ocrx_word' id='word_1_81' title='bbox 1824 1565 1925 1605; x_wconf 86' lang='lat' dir='ltr'>utile</span> <span class='ocrx_word' id='word_1_82' title='bbox 1945 1572 1986 1605; x_wconf 86' lang='lat' dir='ltr'>et</span> 
     </span>
     <span class='ocr_line' id='line_1_19' title="bbox 468 1631 1984 1692; baseline -0.004 -14"><span class='ocrx_word' id='word_1_83' title='bbox 468 1637 655 1692; x_wconf 74' lang='lat' dir='ltr'>agreable</span> <span class='ocrx_word' id='word_1_84' title='bbox 675 1651 753 1676; x_wconf 87' lang='lat' dir='ltr'>aux</span> <span class='ocrx_word' id='word_1_85' title='bbox 774 1641 935 1676; x_wconf 79' lang='lat' dir='ltr'>savants</span> <span class='ocrx_word' id='word_1_86' title='bbox 955 1634 1027 1688; x_wconf 91' lang='lat' dir='ltr'>qui</span> <span class='ocrx_word' id='word_1_87' title='bbox 1048 1634 1282 1686; x_wconf 79' lang='lat' dir='ltr'>s&#39;occupent</span> <span class='ocrx_word' id='word_1_88' title='bbox 1296 1633 1346 1672; x_wconf 83' lang='lat' dir='ltr'>de</span> <span class='ocrx_word' id='word_1_89' title='bbox 1361 1631 1599 1671; x_wconf 81' lang='lat' dir='ltr'>recherches</span> <span class='ocrx_word' id='word_1_90' title='bbox 1613 1631 1984 1686; x_wconf 76' lang='lat' dir='ltr'>topographiques‚</span> 
     </span>
     <span class='ocr_line' id='line_1_20' title="bbox 469 1699 1985 1759; baseline -0.005 -14"><span class='ocrx_word' id='word_1_91' title='bbox 469 1721 519 1745; x_wconf 89' lang='lat' dir='ltr'>en</span> <span class='ocrx_word' id='word_1_92' title='bbox 540 1705 773 1759; x_wconf 79' lang='lat' dir='ltr'>indiquant‚</span> <span class='ocrx_word' id='word_1_93' title='bbox 787 1706 903 1758; x_wconf 72' lang='lat' dir='ltr'>apres</span> <span class='ocrx_word' id='word_1_94' title='bbox 921 1703 959 1742; x_wconf 88' lang='lat' dir='ltr'>le</span> <span class='ocrx_word' id='word_1_95' title='bbox 977 1702 1072 1742; x_wconf 79' lang='lat' dir='ltr'>titre</span> <span class='ocrx_word' id='word_1_96' title='bbox 1083 1701 1132 1741; x_wconf 91' lang='lat' dir='ltr'>de</span> <span class='ocrx_word' id='word_1_97' title='bbox 1147 1700 1307 1755; x_wconf 84' lang='lat' dir='ltr'>chaque</span> <span class='ocrx_word' id='word_1_98' title='bbox 1318 1700 1513 1754; x_wconf 63' lang='lat' dir='ltr'>dipleme,</span> <span class='ocrx_word' id='word_1_99' title='bbox 1529 1714 1621 1739; x_wconf 88' lang='lat' dir='ltr'>sous</span> <span class='ocrx_word' id='word_1_100' title='bbox 1634 1700 1771 1753; x_wconf 83' lang='lat' dir='ltr'>quelle</span> <span class='ocrx_word' id='word_1_101' title='bbox 1787 1699 1985 1754; x_wconf 83' lang='lat' dir='ltr'>rubrique</span> 
     </span>
     <span class='ocr_line' id='line_1_21' title="bbox 468 1773 757 1826; baseline 0 -15"><span class='ocrx_word' id='word_1_102' title='bbox 468 1774 495 1811; x_wconf 85' lang='lat' dir='ltr'>il</span> <span class='ocrx_word' id='word_1_103' title='bbox 510 1773 608 1812; x_wconf 70' lang='lat' dir='ltr'>etait</span> <span class='ocrx_word' id='word_1_104' title='bbox 629 1773 757 1826; x_wconf 71' lang='lat' dir='ltr'>place.</span> 
     </span>
    </p>
   </div>
  </div>
 </body>
</html>
