2118 3184
561 418 788 453 CHROMCA
818 418 1139 452 'rORxxCENsts
1538 418 1608 454 5:55

89 524 209 558 altaria
231 524 276 558 de
297 525 506 559 Willebecca
529 532 560 558 et
581 524 625 558 de
651 525 758 558 Fivia.
787 525 821 558 in
845 537 934 572 pago
953 525 1196 559 Curtraceusi:
1222 525 1439 568 Desiderius,
1470 526 1606 560 Torna—

88 583 199 616 censis
214 583 484 617 archidiaconus
499 589 531 616 et
548 583 766 628 praepositus
782 583 986 616 lnsulensis.
1000 584 1119 617 altaria
1136 583 1180 617 de
1196 585 1329 617 (juerra
1344 591 1377 617 ct
1392 583 1435 617 de
1452 584 1601 626 Lied(la;

88 641 259 675 Geraldus
273 642 458 687 episcopus
477 647 509 673 et
528 641 641 674 cleriei
662 640 706 674 de
722 641 853 676 Ecurl.
873 654 935 686 pro
956 649 1055 675 curte
1074 642 1118 675 de
1136 643 1258 690 Brugis
1270 669 1278 675 .
1301 642 1408 676 altare
1421 642 1465 676 de
1480 643 1604 676 Mous-

88 713 195 734 ‹7-011:
218 699 407 734 Rabbodus
429 699 631 745 episcopus.
654 699 754 744 cujus
773 706 931 745 tempore
950 701 1158 733 coenobium
1184 708 1342 734 nostrum
1369 708 1601 735 restauratum

88 765 156 792 est.
179 758 285 791 altare
301 757 344 791 de
360 757 576 803 Eia-efflavi.-
592 757 758 790 dominus
777 757 856 791 Odo
873 758 1006 803 primus
1024 758 1127 803 liujus
1147 759 1210 792 loci
1229 759 1353 792 abbas.
1378 772 1458 792 eum
1482 760 1603 793 fuisset

87 817 272 862 episeopus
291 815 564 849 Cameracensis.
588 816 695 849 altar(¹
715 815 758 849 de
775 816 887 850 Malda
904 816 928 849 ¹.
949 817 1071 850 'rvi-ras
1090 824 1206 850 autem
1225 824 1259 850 et
1277 818 1392 851 vineas
1406 817 1450 851 dc
1468 818 1599 853 pinon.

86 886 166 908 cum
183 874 342 920 pluribus
356 875 456 908 aunis
471 887 527 908 eas
543 875 788 908 tenuissemus,
811 875 1034 908 vendidimus
1051 875 1080 908 lx
1099 876 1202 909 libras
1217 877 1392 910 canonicis
1408 877 1600 910 l'raemon—

84 939 212 966 stratae
226 933 402 967 ecclesiae.
421 933 588 979 quoniam
606 934 784 979 proficuae
800 934 951 967 multum
969 946 1036 966 uon
1053 941 1149 967 eram
1163 961 1171 977 -.
1189 941 1220 968 et
1238 934 1389 968 emimus
1407 934 1599 980 quamdam

85 998 212 1025 terram
225 1004 330 1037 supra
343 1004 438 1025 mare
448 1005 539 1038 quae
553 993 698 1039 siugulis
712 993 825 1036 annis,
838 992 1009 1038 quamdiu
1021 1006 1096 1026 eam
1109 993 1299 1026 tenuimus.
1315 1000 1383 1026 tres
1394 1006 1526 1027 marcas
1543 1006 1601 1027 no-

85 1050 138 1084 bis
154 1049 322 1083 reddidit.
337 1049 404 1083 Sed
422 1050 584 1084 monachi
601 1050 644 1083 de
662 1051 769 1084 thinis
783 1063 858 1084 eam
874 1051 938 1084 sibi
954 1051 1128 1084 utiliorem
1147 1052 1221 1084 fore
1235 1058 1431 1096 sperantes.
1449 1052 1512 1085 sibi
1523 1051 1598 1085 (lari

83 1108 347 1154 postulaverunt
368 1115 401 1141 et
421 1109 717 1154 impetraverunt7
745 1109 917 1155 nobisque
942 1121 1005 1154 pro
1027 1109 1101 1153 ejus
1122 1110 1398 1143 commutatione
1420 1122 1437 1143 a
1453 1109 1598 1143 domiuo

84 1166 250 1213 Symone.
269 1166 478 1200 'fornacensi
491 1167 668 1212 episcopo,v
681 1166 753 1200 duo
763 1167 881 1200 altaria
893 1167 1020 1200 seilicet
1036 1166 1079 1199 de
1096 1167 1247 1200 beverna
1262 1174 1295 1200 et
1306 1166 1596 1214 cteLendenylmz„

83 1225 158 1259 dari
179 1225 354 1267 fecerunt.
377 1237 467 1271 quae
485 1225 631 1272 singulis
650 1225 749 1258 annis
765 1224 994 1258 commodum
1014 1231 1168 1270 quatuor
1188 1237 1384 1258 marcarum
1405 1232 1593 1270 praestant.

134 1283 280 1328 Insuper
293 1282 321 1324 ²,
340 1282 442 1316 dictis
458 1283 575 1328 itaque
591 1283 769 1325 curtibus7
791 1295 878 1328 quas
893 1283 926 1315 in
943 1282 1087 1315 diversis
1101 1283 1183 1316 locis
1197 1283 1374 1328 praefatus
1391 1283 1596 1331 Radulphus

81 1341 293 1382 construxit.
311 1340 389 1386 plus
403 1352 510 1385 quam
526 1340 784 1388 quinquaginta
799 1352 961 1374 carrucas
977 1341 1107 1385 posuit.
1125 1341 1244 1386 sieque
1257 1341 1327 1374 Deo
1341 1341 1505 1386 juvante.
1525 1349 1594 1376 tam

81 1412 122 1433 ex
153 1398 369 1447 agricultura
394 1410 500 1444 quam
528 1410 568 1431 ex
596 1399 822 1432 nutrimentis
848 1410 1017 1444 pecorum
1044 1405 1151 1444 atque
1183 1398 1380 1432 redditibus
1408 1400 1592 1439 altarium.

82 1457 145 1491 toti
178 1457 365 1491 conventui
397 1456 561 1490 ecclesiae
592 1463 731 1490 nostrae
763 1457 798 1490 in
817 1457 910 1490 victu
937 1463 969 1490 et
998 1457 1123 1490 vestitu
1152 1457 1343 1491 necessaria
1371 1458 1591 1503 providebat.

82 1515 195 1562 Super
212 1527 284 1562 quo
302 1514 468 1548 dominus
487 1515 595 1548 abbas
610 1515 689 1549 Odo
706 1515 806 1549 valde
824 1515 1002 1563 gaudebat
1020 1522 1055 1549 et
1076 1516 1147 1549 Deo
1166 1516 1295 1563 gratias
1311 1516 1456 1564 agebat.
1479 1518 1540 1563 qui
1560 1531 1595 1551 se

81 1587 99 1608 a
122 1573 357 1608 sollicitudine
375 1574 427 1607 vel
448 1574 606 1607 tumultu
624 1574 786 1607 exteriori
806 1586 950 1620 prorsus
969 1574 1164 1607 immunem
1187 1581 1221 1608 et
1240 1575 1389 1608 liberum
1410 1588 1483 1609 esse
1506 1576 1595 1609 fece-

81 1639 145 1666 rat.
183 1631 372 1666 Commissa
403 1644 555 1678 namque
581 1632 610 1665 ei
635 1632 744 1666 totius
767 1632 930 1666 ecclesiae
957 1644 1041 1666 eura
1063 1633 1243 1672 exteriori.
1274 1633 1346 1679 ipse
1375 1634 1532 1682 religioni
1561 1642 1595 1669 et,

80 1690 217 1725 silentio
232 1696 304 1723 tam
324 1690 500 1723 ferventer
517 1690 699 1724 insistebat
711 1717 719 1733 a
743 1697 781 1724 ut
801 1690 978 1724 multoties
996 1691 1135 1738 integro
1154 1703 1272 1725 mense
1287 1690 1331 1725 de
1350 1692 1502 1726 claustro
1522 1706 1592 1727 non

80 1750 208 1791 exiret.
238 1748 298 1782 sed
319 1748 454 1796 jugiter
472 1748 611 1782 lectioni
632 1749 805 1791 intentus,
826 1748 1021 1782 scribendis
1040 1749 1136 1782 libris
1156 1756 1270 1783 totum
1296 1750 1453 1784 studium
1477 1750 1589 1785 daret.

79 1807 299 1853 Scriptorum
312 1807 446 1852 quippe
459 1807 596 1852 copiam
611 1819 631 1840 a
646 1807 797 1841 Domino
813 1807 878 1841 sibi
893 1806 1011 1840 datam
1027 1807 1203 1841 exultabat
1216 1835 1224 1851 -,
1243 1808 1288 1841 ita
1304 1815 1343 1842 ut
1357 1808 1384 1841 si
1399 1809 1590 1843 claustrum

78 1864 272 1914 ingrederis
284 1891 293 1907 ·,
315 1864 450 1898 videres
469 1865 679 1911 plerumque
698 1865 742 1911 xij
764 1865 955 1899 monachos
974 1864 1162 1913 diligenter
1180 1878 1260 1900 eum
1279 1866 1416 1900 silentio
1433 1868 1591 1901 scriben-

78 1932 142 1959 tes.
161 1923 260 1957 Unde
275 1936 295 1956 a
309 1922 502 1957 Godefrido
516 1924 637 1969 scripti
653 1930 735 1957 sunt
750 1924 894 1957 historia
911 1923 1044 1969 optima
1058 1922 1085 1965 5,
1107 1936 1198 1970 quae
1212 1937 1231 1958 a
1247 1921 1420 1970 parabolis
1438 1925 1592 1959 Salomo-

78 1984 131 2017 nis
144 1982 314 2028 incipiens
324 2009 332 2015 .
349 1994 472 2016 omnes
489 1982 680 2028 prophetas
694 1989 728 2016 et
742 1982 982 2028 apostolorum
1001 1988 1100 2015 actus
1114 1989 1220 2028 atque
1235 1983 1397 2028 epistolas
1412 1996 1476 2017 eon
1483 1984 1586 2017 tinet:

77 2041 242 2083 missalis,
262 2041 297 2074 in
317 2052 390 2086 quo
409 2040 569 2086 quotidie
588 2047 739 2087 utraque
763 2041 866 2074 missa
888 2041 922 2074 in
943 2047 1119 2074 conventu
1143 2047 1326 2083 cantaturg
1348 2048 1463 2076 textus
1482 2055 1589 2076 evan-

75 2100 267 2148 geliorum3
290 2099 434 2133 moralia
454 2099 545 2133 beati
566 2100 743 2147 Gregorii;
770 2099 987 2147 Augustinus
1008 2098 1052 2132 de
1073 2099 1212 2133 civitate
1233 2100 1292 2134 Dei
1312 2107 1346 2133 et
1364 2100 1438 2146 ejus
1458 2101 1587 2135 Euchi-

76 2157 211 2199 ridion,
232 2157 404 2203 multique
424 2157 480 2190 alii
501 2157 579 2190 libri
594 2156 606 2177 ⁴
627 2157 688 2203 qui
707 2170 746 2190 ex
765 2156 996 2191 similitudine
1016 2168 1150 2202 pennae
1168 2164 1432 2205 cognoscuntur
1450 2157 1495 2192 de
1513 2159 1587 2204 ejus

74 2216 247 2261 scriptura
267 2227 351 2249 esse.
383 2215 494 2260 Hujus
512 2215 627 2249 socius
646 2215 681 2248 in
700 2215 894 2250 scribendis
917 2215 1013 2248 libris
1031 2215 1099 2248 fuit
1118 2215 1350 2258 Gislebertus.
1371 2216 1432 2262 qui
1453 2223 1488 2250 et
1514 2217 1587 2263 ipse

73 2274 212 2320 scripsit
229 2273 409 2307 historiam
429 2274 536 2307 totius
553 2274 679 2307 veteris
699 2274 896 2308 testamenti
910 2301 918 2316 Ἴ
947 2285 1083 2307 necnon
1103 2279 1137 2306 et
1155 2273 1245 2307 duos
1263 2273 1414 2321 grandes
1432 2281 1467 2308 et
1485 2275 1586 2309 utiles

74 2333 198 2374 libros,
221 2332 254 2365 in
274 2332 405 2378 quibus
424 2332 652 2366 continentur
667 2332 830 2366 lectiones
847 2332 1007 2366 omnium
1027 2331 1286 2366 dominicarum
1307 2339 1341 2366 et
1355 2332 1583 2368 festivitatum

114 2429 122 2446 ¹
145 2428 260 2454 Maulde.
893 2429 904 2447 ⁴
926 2429 983 2454 Non
998 2429 1088 2456 nullos
1099 2428 1205 2455 codices
1217 2428 1293 2455 MSS.
1306 2438 1338 2455 ex
1353 2430 1394 2456 his
1405 2430 1542 2456 translatis
1557 2431 1583 2457 in

112 2473 125 2491 ²
145 2473 237 2500 Herm.
253 2475 265 2510 §
278 2474 322 2500 79.
853 2484 929 2500 suam
944 2474 1136 2501 bibliothecam
1150 2474 1350 2501 illustrissimus
1363 2475 1396 2502 D.
1411 2475 1524 2502 Carolus
1535 2476 1586 2504 Le-

111 2520 123 2538 ³
143 2520 216 2546 lbid.
230 2520 243 2556 §
256 2519 307 2553 76,
327 2530 387 2556 pag.
403 2520 456 2547 912
470 2526 495 2547 et
510 2521 521 2556 'j
536 2520 572 2547 79
586 2521 611 2547 in
626 2521 690 2547 fine.
855 2520 954 2553 tellier5
974 2520 1097 2556 archiep.
1111 2520 1236 2547 Remens.
1252 2530 1297 2547 an.
1313 2520 1385 2548 1668
1404 2521 1582 2559 (D’Ache‘ry).
