2137 3131
487 417 558 453 67⁶2
826 412 1000 449 CORPUS
1027 410 1358 446 CHRONICORUM
1386 410 1649 446 FLANDRIAE.

482 533 539 559 tus
551 552 560 568 7
582 530 725 570 propter
739 523 944 556 Formosum
959 532 977 554 a
996 526 1127 566 papatu
1148 526 1199 553 est
1218 519 1439 565 reprobatus.
1462 518 1530 552 Iste
1547 530 1583 552 se
1601 517 1646 552 ad
1664 518 1813 551 Francos
1827 520 1992 562 contulit,

483 590 516 617 et
530 594 651 616 eorum
663 579 804 614 auxilio.
821 578 1079 612 Christoforum
1096 589 1222 622 papam
1238 583 1382 622 captum
1397 577 1431 609 in
1446 587 1622 610 carcerem
1642 575 1808 619 trudens,
1825 583 1994 622 papatum

484 640 618 674 invasit.
636 638 704 678 Qui
720 637 824 671 etiam
839 648 857 670 a
875 637 1040 670 Formoso
1057 635 1238 669 ordinatos
1251 635 1380 680 injuste
1398 634 1617 669 exordinavit
1630 641 1664 668 et
1679 634 1843 680 injustius
1858 634 1995 670 reordi-

484 698 576 732 navit
591 697 625 730 in
645 696 814 730 ultionem
833 708 915 729 suae
938 695 1119 741 repulsae7
1141 693 1240 740 quod
1263 694 1308 728 ab
1327 705 1367 727 eo
1386 693 1556 728 diaconus
1579 705 1650 727 non
1675 694 1860 739 episcopus
1882 693 1995 727 factus

482 758 536 790 sit.
560 756 703 803 Legitur
725 762 841 788 tamen
864 755 900 788 in
923 754 1099 788 chronicis
1122 752 1295 801 Sigeberti
1319 752 1418 799 quod
1442 752 1535 786 idem
1558 752 1699 800 Sergius
1722 758 1801 798 post
1820 752 1994 798 repulsam

480 826 577 848 suam
593 825 611 847 a
631 814 795 846 Formoso
815 812 999 858 episcopus
1018 812 1063 845 sit
1085 811 1217 854 factus7
1241 823 1347 857 quem
1368 817 1486 844 tamen
1506 817 1687 844 mortuum
1709 817 1744 843 et
1765 810 1942 856 sepultum
1961 816 1997 843 et

481 872 523 905 de
545 870 705 917 sepulcro
723 876 919 904 extractum
941 870 1029 906 et.in
1045 867 1214 903 cathedra
1232 868 1424 914 pontificali
1445 869 1598 902 locatum
1617 867 1823 910 decollavit3
1846 875 1882 902 et
1898 879 1996 902 eam-

481 929 562 963 dem
589 929 883 962 inhumanitatem
901 955 910 972 ‚
935 940 1042 975 quam
1066 927 1245 974 Stephano
1273 939 1383 973 papae
1411 926 1660 973 adscripsimus
1677 954 1687 971 7
1715 927 1759 961 de
1783 927 1852 961 hoc
1873 926 1996 975 Sergio

481 988 684 1035 Sigebertus
702 988 844 1031 asserit,
864 986 960 1021 unde
981 987 1008 1020 si
1031 993 1220 1033 utramque
1244 986 1395 1019 litteram
1420 986 1610 1031 recipimus
1633 986 1669 1019 in
1693 985 1818 1020 eodem
1843 985 1993 1028 scelere,

481 1046 649 1092 Stephani
669 1045 831 1094 Sergium
850 1052 1115 1092 cooperatorem
1130 1045 1236 1078 fuisse
1256 1043 1448 1079 dicendum
1467 1051 1532 1078 est.

530 1105 702 1152 Reginus,
718 1104 827 1137 abbas
840 1103 1064 1147 Pruniensis,
1082 1103 1287 1137 chronicam
1301 1115 1400 1136 suam
1415 1115 1434 1136 a
1449 1102 1627 1136 nativitate
1642 1102 1781 1136 Domini
1795 1102 1996 1137 inchoatam

482 1163 647 1210 perduxit
659 1175 771 1209 usque
787 1162 831 1197 ad
846 1175 978 1196 annum
996 1163 1136 1196 Domini
1151 1161 1351 1196 DCCCCXI.
1365 1161 1575 1195 Lodowicus
1588 1161 1780 1208 imperator
1794 1168 1828 1195 et
1841 1174 1900 1195 rex
1913 1161 1996 1196 Ger-

482 1234 669 1256 manorum
684 1222 846 1255 moritur.
866 1221 935 1262 Qui
953 1227 1098 1268 propter
1114 1227 1347 1267 tyrannorum
1365 1220 1587 1254 insolentiam
1606 1227 1640 1253 et
1654 1220 1802 1254 multam
1822 1220 1996 1254 malorum

481 1280 719 1329 ingruentiam
737 1292 810 1313 non
825 1280 954 1313 meruit
968 1279 1185 1325 imperialem
1205 1277 1501 1312 benedictionem.
1725 1316 1728 1318 ¹

530 1338 733 1382 Conradus,
762 1339 854 1372 filius
881 1337 1031 1372 Conradi
1053 1337 1154 1372 ducis
1170 1365 1178 1380 a
1206 1336 1394 1371 Lodowieo
1417 1336 1574 1370 succedit
1594 1337 1630 1370 in
1651 1338 1800 1383 imperio
1827 1337 1871 1383 vij
1895 1337 1996 1371 annis

482 1400 659 1444 imperans
671 1424 680 1440 7
701 1397 762 1443 qui
781 1403 815 1430 et
829 1397 902 1442 ipse
917 1396 1087 1442 imperiali
1102 1395 1348 1430 benedictione
1366 1395 1489 1429 caruit.
1513 1395 1580 1428 lste
1596 1395 1778 1429 Conradus
1791 1422 1799 1437 ,
1823 1407 1881 1429 rex
1901 1396 1996 1429 Teu-

482 1457 682 1490 tonicorum
692 1483 700 1499 a
719 1456 907 1502 imperium
924 1455 1092 1501 arripuitg
1109 1467 1221 1500 usque
1236 1454 1328 1487 enim
1343 1452 1387 1487 ad
1402 1453 1470 1487 hoe
1484 1459 1624 1499 tempus
1639 1461 1874 1501 regnaverunt
1888 1454 1997 1500 impe-

484 1522 616 1549 ratores
631 1514 666 1547 in
682 1514 887 1548 Alemannia
895 1513 1036 1547 etItalia
1050 1512 1094 1546 de
1104 1512 1272 1560 progenie
1281 1511 1392 1545 Caroli
1407 1511 1539 1559 Magni.
1553 1512 1665 1545 Berno
1680 1512 1788 1546 abbas
1803 1512 1996 1546 moriturus

485 1574 645 1609 Odonem
668 1573 841 1606 musicum
866 1572 1048 1606 constituit
1071 1572 1235 1605 abbatem
1259 1570 1543 1614 Cluniacensem7
1565 1583 1605 1604 ea
1628 1570 1830 1604 conditione
1853 1577 1894 1604 ut
1913 1569 1996 1604 inde

484 1631 672 1666 duodecim
684 1631 821 1664 nummi
835 1630 1018 1664 annuatim
1033 1630 1196 1663 ecclesiae
1211 1628 1430 1676 Gigmacensi
1441 1629 1632 1662 solvantur.
1651 1627 1781 1662 Contra
1795 1628 1997 1663 Conradum

484 1690 698 1737 potentiores
717 1689 816 1737 regni
836 1689 1062 1722 rebellionem
1082 1687 1318 1731 meditantur,
1340 1687 1402 1733 qui
1420 1687 1500 1720 ilico
1517 1694 1589 1720 tam
1608 1688 1777 1733 sapientia
1795 1700 1906 1734 quamv
1922 1688 1997 1722 for-

484 1748 635 1783 titudine
653 1748 874 1794 imperatoris
894 1747 939 1782 ad
962 1748 1036 1794 ejus
1056 1747 1205 1796 gratiam
1228 1746 1461 1780 reducuntur.
1486 1746 1652 1789 Karolusff
1677 1759 1736 1780 rex
1758 1747 1972 1781 Francorum
1985 1774 1993 1789 ,

483 1820 634 1856 regnum
656 1807 905 1855 Lotharingiae
931 1807 1068 1852 recipit.
1096 1806 1296 1848 Romanus7
1326 1805 1540 1839 Graecorum
1561 1805 1774 1851 imperator,
1800 1806 1890 1840 filios
1915 1818 1997 1840 suos

485 1879 566 1900 cum
589 1864 736 1900 domino
760 1877 824 1899 suo
846 1865 1075 1899 Constantino
1097 1864 1271 1910 imperare
1293 1864 1496 1907 constituit,
1521 1864 1597 1909 ipso
1615 1863 1761 1898 domino
1783 1877 1869 1908 suo⁷
1891 1876 1997 1910 opere

486 1936 657 1958 manuum
676 1936 844 1968 suarum,
868 1924 1027 1970 picturae
1051 1922 1213 1958 videlicet
1234 1929 1344 1957 artem
1369 1922 1564 1957 exercendo
1581 1950 1590 1966 7
1614 1924 1747 1957 victum
1768 1924 1833 1957 sibi
1854 1923 1998 1970 quaeri-

484 1989 592 2017 tante.

534 2041 734 2075 Anastasius
749 2053 840 2087 papa
854 2040 1030 2087 praesidet
1045 2040 1186 2075 duobus
1200 2041 1300 2075 annis
1310 2067 1319 2084 ,
1335 2047 1369 2074 et
1383 2046 1462 2086 post
1478 2041 1594 2086 ipsum
1612 2039 1734 2074 Lando
1748 2040 1862 2074 tribus
1872 2040 1973 2074 annis
1985 2067 1995 2083 7

486 2100 537 2133 vel
559 2098 756 2134 secundum
778 2099 952 2146 quosdam
974 2100 1134 2146 quinque
1162 2100 1354 2134 mensibus.
1381 2099 1566 2133 Battonem
1588 2100 1837 2147 maguntinum
1860 2099 1998 2146 episco-

486 2171 571 2204 pum
590 2185 599 2201 ‚
628 2158 730 2204 cujus
755 2157 838 2191 dolo
861 2158 945 2192 olim
969 2157 1178 2192 Adelbertus
1208 2158 1358 2204 perierat
1374 2185 1383 2201 7
1409 2170 1468 2191 rex
1497 2156 1678 2191 Conradus
1703 2158 1866 2191 sollicitat
1890 2157 1996 2191 etiam

486 2223 607 2250 contra
626 2216 816 2250 Henricum
830 2244 839 2261 .,
856 2215 1034 2250 Saxonum
1053 2215 1182 2251 ducem
1195 2243 1204 2260 ,
1220 2222 1366 2263 propter
1384 2216 1578 2262 potentiam
1594 2216 1669 2262 ejus
1687 2216 1752 2250 sibi
1769 2222 1995 2262 suspectums,

487 2276 604 2322 itaque
623 2274 716 2308 idem
737 2275 837 2308 Batto
857 2275 1042 2321 episcopus
1064 2275 1253 2309 Henricum
1278 2273 1406 2308 ducem
1425 2273 1470 2308 ad
1488 2274 1689 2308 convivium
1708 2286 1827 2308 secum
1849 2274 1994 2318 invitat,

487 2340 612 2379 torque
631 2345 736 2367 aurea
750 2333 918 2367 fabricata
938 2346 1028 2380 quae
1047 2334 1136 2367 collo
1150 2334 1224 2380 ejus
1237 2333 1440 2379 injiceretur
1453 2339 1488 2366 et
1505 2333 1554 2367 sic
1568 2333 1812 2379 perimeretur.
1831 2332 1900 2367 Sed
1913 2332 1996 2367 dolo

488 2390 627 2436 prodito
641 2417 650 2434 a
672 2391 860 2425 frustratus
883 2392 1068 2438 episcopus
1081 2419 1089 2434 7
1112 2398 1191 2438 post
1215 2390 1375 2425 triduum
1395 2391 1521 2424 morbo
1543 2397 1577 2424 et
1594 2403 1724 2439 angore
1741 2398 1905 2435 vexatus,
1925 2391 1996 2425 ictu

489 2448 644 2482 fulminis
660 2450 774 2495 periit.
795 2450 972 2484 Johannes
986 2451 1043 2484 Κῶ
1062 2463 1227 2484 romanae
1242 2450 1405 2484 ecclesiae
1420 2449 1595 2495 praesidet
1608 2449 1640 2496 xj
1661 2451 1761 2484 annis
1779 2457 1814 2484 et
1830 2449 1990 2484 dimidio.

489 2505 669 2541 Conradus
684 2508 875 2553 imperator
894 2509 1085 2543 exercitum
1104 2509 1212 2543 mittit
1230 2516 1351 2544 contra
1367 2509 1556 2543 Henricum
1570 2536 1578 2550 2
1598 2508 1725 2543 ducem
1745 2508 1940 2552 Saxonum,
1961 2509 1996 2542 in
