2118 3184
563 426 791 461 CHRONICA
819 424 1140 460 TORNACENSlS.
1541 421 1607 456 571

147 537 302 570 waltero
317 536 361 570 de
371 535 482 571 Cruce
496 537 661 570 successit
671 537 849 570 Johannes
861 536 995 570 But-hel
1005 535 1028 577 ¹,
1049 534 1222 569 oriundus
1235 533 1280 568 dc
1296 533 1473 572 Tornaco:v
1494 530 1609 577 primo

98 596 263 643 magister
281 595 481 629 scholarum
493 622 500 628 .
521 594 650 629 deinde
667 595 851 641 presbyter
866 595 900 628 S.
919 594 1080 635 Quintini
1096 593 1343 627 Tornaemsis.
1365 597 1483 637 postea
1501 600 1609 623 cano-

99 655 197 687 nicus
210 681 217 687 .
240 660 496 699 consequenter
513 653 668 687 decanus
680 681 687 688 .
709 660 741 687 et
758 653 887 687 deinde
906 653 1047 687 tandem
1071 653 1136 686 fuit
1155 653 1340 698 episcopus
1360 648 1606 683 Tornacensis.

97 719 321 746 consecratus
338 724 431 745 anno
449 710 660 745 MCCLXIV.
679 712 746 746 Iste
765 711 896 745 dicitur
911 719 1045 758 patrem
1061 723 1164 745 suum
1180 710 1375 744 naturalem
1386 735 1394 750 .
1411 714 1496 741 tunc
1506 718 1609 752 prae-

97 771 268 816 positum.
295 770 545 804 communione
565 770 776 805 Tornacensi
795 771 1135 804 excommunicasse.
1162 776 1307 816 propter
1326 766 1608 813 jurisdictionem

96 829 259 863 ecclesiae
277 840 384 875 quam
405 828 521 862 dictus
539 830 759 875 praepositus
784 829 1026 875 perturbabat.
1053 828 1120 861 lstc
1146 827 1307 861 fundavit
1332 824 1607 859 anniversarium

95 899 200 920 suum
228 887 263 920 in
287 887 473 921 refectorio
495 894 602 933 prout
624 888 826 921 continetur
850 896 886 922 νο
910 887 1073 921 kalendas
1094 887 1223 920 Martii.

144 944 296 978 ,Iohanni
317 944 452 978 Bne-hel
469 946 634 979 successit
648 946 661 967 ²
681 945 847 980 dominus
874 946 1059 992 Philippus
1082 945 1126 979 de
1147 943 1333 984 Gandavo,
1358 942 1549 977 canonicus
1575 947 1607 974 et

96 1003 322 1038 cancellarius
346 1004 596 1048 Tornacensis.
622 1006 658 1038 in
678 1006 883 1051 episcopum
910 1011 1133 1038 consecratus
1152 1015 1245 1037 anno
1264 1001 1496 1037 MCCXLVIII
1511 1000 1536 1033 ³.
1555 999 1607 1034 Ab

96 1063 162 1096 isto
180 1063 311 1108 recepit
332 1062 517 1109 Philippus
535 1075 593 1097 rex
613 1064 787 1097 licentiam
807 1075 920 1109 usque
940 1062 984 1096 ad
1003 1069 1138 1097 certum
1159 1068 1298 1107 tempus
1317 1059 1470 1095 cudendi
1491 1071 1609 1092 mone—

96 1126 167 1154 tam
187 1132 330 1154 auream
351 1121 386 1154 in
407 1121 587 1164 TornaCO.v
612 1133 704 1155 anno
725 1120 923 1155 MCCXLII.
947 1121 1056 1162 Item.
1083 1132 1147 1166 pro
1169 1118 1405 1153 anniversario
1427 1129 1491 1151 suo
1510 1116 1609 1151 dedit

95 1179 234 1213 cellario
257 1178 431 1213 decimam
459 1179 503 1213 de
528 1180 696 1222 Huerne,
720 1179 816 1213 unde
839 1180 1075 1213 restituuntur
1102 1178 1286 1212 refectorio
1310 1177 1470 1223 quolibet
1492 1187 1605 1209 anno.

98 1237 308 1271 nonodecim
333 1238 440 1271 librae
454 1241 602 1284 parisi-5.
626 1238 713 1271 Item
727 1265 734 1271 .
760 1238 868 1284 ipsius
887 1244 1046 1283 tempore
1065 1237 1155 1270 facta
1175 1236 1242 1270 fuit
1265 1236 1355 1268 inter
1376 1235 1532 1280 ipsorum
1553 1234 1607 1267 xix

95 1295 284 1344 dignitates
297 1308 337 1330 ac
356 1296 549 1342 capitulum
571 1296 791 1330 Tornacense
809 1296 967 1342 specialis
986 1295 1162 1329 ordinatio
1181 1306 1287 1340 super
1304 1293 1461 1341 regimen
1481 1291 1608 1326 domo-

97 1365 175 1388 rum
194 1355 424 1387 emeritorum
437 1381 445 1396 .
468 1354 644 1388 bonorum
665 1366 856 1400 puerorum
877 1360 911 1387 et
929 1353 1151 1387 sacerdotum
1171 1351 1446 1385 introductione.

145 1412 311 1459 Philippo
336 1413 501 1446 successit
524 1413 672 1447 Michael
695 1412 739 1447 de
767 1412 1020 1459 lVarenyliem,
1047 1411 1274 1446 scholasticus
1298 1410 1545 1450 Tornacensis‚
1572 1409 1607 1442 in

96 1472 302 1518 episcopum
317 1477 540 1505 consecratus
555 1483 648 1505 anno
657 1470 859 1505 MCCXLIII
869 1469 894 1504 ⁴.
914 1470 981 1504 Iste
996 1469 1314 1504 excommunicavit
1333 1469 1497 1502 comitem
1513 1468 1608 1501 Flan-

96 1529 193 1564 driae
208 1530 243 1563 in
258 1530 347 1563 festo
361 1529 522 1563 omnium
538 1536 739 1563 sanctorum
756 1530 791 1562 in
806 1529 885 1562 aula
900 1528 1083 1562 lnsulensi.
1102 1529 1190 1562 Item
1206 1527 1288 1561 fecit
1306 1527 1392 1574 erigi
1408 1526 1606 1573 patibulum

96 1600 202 1635 supra
224 1589 363 1622 altiores
388 1600 507 1622 muros
526 1588 685 1632 Pratelli,
705 1587 833 1622 domus
852 1587 1058 1634 episcopalis
1080 1586 1310 1620 Tornacensis
1328 1597 1448 1619 versus
1468 1585 1605 1619 forum.

97 1659 161 1693 pro
180 1658 222 1681 eo
234 1674 242 1690 .,
261 1646 359 1694 quod
377 1647 468 1681 cives
487 1647 655 1681 nolebant
673 1646 876 1693 permittere
893 1645 991 1692 quod
1010 1644 1156 1692 quidam
1175 1644 1379 1679 malefactor
1398 1643 1610 1678 educeretur

96 1712 193 1739 extra
209 1706 343 1740 curiam
358 1706 592 1752 episcopalem
606 1705 648 1739 ad
660 1704 945 1751 jurisdictionem
958 1703 1188 1749 temporalem
1205 1703 1440 1749 episcopatus7
1461 1703 1496 1736 in
1511 1714 1608 1736 mor-

94 1771 168 1799 tem
192 1763 393 1799 mercedem
419 1770 636 1810 recepturus.
667 1763 774 1806 Item,
801 1763 864 1796 iste
890 1762 974 1796 fecit
995 1762 1152 1796 construi
1179 1767 1333 1795 castrum
1359 1768 1394 1795 et
1415 1762 1542 1794 turrim
1563 1760 1607 1794 de

95 1822 246 1857 Hele-im.
266 1822 373 1865 Item,
396 1821 572 1856 ordinavit
585 1821 833 1856 scholasticum
853 1820 1109 1854 Tornacensem
1130 1819 1287 1866 qualibet
1304 1819 1529 1854 hebdomada
1543 1819 1608 1853 de-

95 1881 178 1915 bere
192 1881 306 1930 legere
320 1882 355 1915 in
369 1882 476 1915 altera
492 1882 667 1927 majorum
683 1880 890 1914 facultatum
901 1907 909 1923 7
927 1885 1072 1926 propter
1085 1878 1183 1925 quod
1197 1879 1384 1926 assignavit
1399 1878 1494 1912 dicto
1508 1878 1608 1912 scho-

95 1940 215 1975 lastico
234 1947 347 1974 certos
365 1953 501 1975 annuos
522 1940 682 1974 redditus
700 1952 720 1973 a
738 1939 878 1973 cellario
894 1937 1157 1985 percipiendos⁷
1179 1944 1214 1971 et
1232 1938 1268 1971 in
1287 1937 1408 1972 officiis
1426 1937 1554 1971 cellarii
1573 1943 1608 1970 et

96 1998 272 2032 refectorii
296 2010 400 2033 suum
425 1998 702 2032 anniversarium
728 1997 914 2044 opulenter
937 1995 1120 2039 fundavit„
1145 2002 1187 2029 ut
1207 1995 1359 2030 habetur
1379 1996 1464 2042 xvij⁰
1488 1996 1608 2030 kalen—

95 2056 158 2091 das
182 2057 394 2091 Decembris.

146 2115 307 2150 Michaeli
326 2117 491 2150 successit
509 2116 687 2150 ,Iohannes
702 2115 746 2149 de
760 2115 963 2157 W‘assonia.
985 2113 1030 2147 de
1047 2114 1156 2158 stirpe
1174 2112 1281 2160 regali
1300 2113 1512 2146 Francorum
1531 2110 1607 2145 des—

95 2174 266 2210 cendens.
292 2175 408 2221 primo
430 2174 699 2209 archidiaconus
721 2174 929 2222 Brugensis.
953 2171 1082 2206 deinde
1103 2177 1326 2206 consecratus
1343 2171 1379 2204 in
1401 2170 1605 2216 episcopum

96 2233 355 2267 Tornacensem
373 2244 466 2267 anno
486 2232 708 2267 MCCCCLIX
721 2231 746 2265 5.
769 2232 855 2274 lste2
877 2231 921 2265 de
944 2242 1116 2265 consensu
1138 2229 1300 2275 capituli,
1325 2228 1408 2262 fecit
1430 2227 1607 2262 aedificari

95 2292 262 2338 capellam
287 2292 322 2325 in
349 2291 484 2325 honore
505 2292 615 2325 sancti
643 2290 836 2334 Ludovici7
863 2290 954 2338 regis
985 2289 1168 2331 Franciae.
1191 2295 1226 2322 et
1249 2288 1285 2321 in
1311 2287 1432 2321 eadem
1456 2287 1606 2320 instituit

135 2392 141 2409 ¹
165 2391 290 2417 Buchiau
306 2391 348 2417 vel
363 2391 477 2417 Buclu'el
488 2395 567 2418 vocat
580 2390 671 2416 Gallia
688 2390 786 2418 Christ.
913 2390 925 2408 ³
947 2390 1030 2416 Error
1044 2394 1085 2415 est
1099 2387 1258 2414 manifestus
1269 2408 1277 2420 ‚
1292 2388 1352 2424 lege
1366 2385 1540 2413 MCCLxxv.

132 2437 145 2456 ²
164 2437 261 2464 Omisit
283 2443 378 2463 auctor
402 2438 446 2463 hic
471 2437 622 2463 Johannem
648 2436 801 2473 d’Enqliien
815 2457 824 2470 ‚
913 2436 925 2454 ⁴
946 2436 1017 2472 Lege
1032 2434 1247 2461 MCCLXXXIH.

95 2493 280 2511 successorem
298 2483 430 2509 Johannis
453 2482 570 2517 Bucliel,
585 2487 739 2518 promotum
755 2492 826 2509 anno
914 2482 926 2500 ⁵
948 2481 1020 2518 Lege
1034 2479 1184 2508 MCCXCII.

96 2528 274 2556 MCCLxxtv
291 2529 323 2555 ad
339 2530 526 2565 episcopatum
542 2529 717 2556 leodiensem.
