2118 3184
734 386 1022 422 APPENDICES.
1563 386 1632 421 793

117 493 220 529 ubique
234 499 426 530 praeterquam
439 495 465 521 in
481 495 585 521 vivario
597 494 721 521 advocati
732 499 759 520 et
772 503 851 520 usum
863 495 982 521 nemoris
989 493 1021 520 ad
1034 493 1173 530 quaelibet
1182 493 1369 529 expedientia;
1385 494 1484 520 curtim
1495 492 1634 520 Nederwic

115 550 176 568 cum
191 546 286 576 prato.
303 542 480 577 piscationem
495 543 520 568 in
535 542 640 568 'renem
655 551 716 567 cum
729 541 872 567 advocato.
885 542 1068 568 Motendinmn
1080 550 1141 567 cum
1155 541 1253 567 mansis
1263 541 1343 576 juxta
1353 541 1495 568 ecclesiam
1506 541 1635 567 Niniven-

116 597 184 614 sem.
194 588 306 614 Terram
316 598 377 614 cum
389 588 546 614 molendino
556 593 583 614 et
594 588 698 623 sylvam
709 597 789 623 quam
803 588 877 613 dedit
891 589 968 614 vobis
979 587 1132 614 willelmus
1143 588 1177 614 de
1188 588 1338 614 merbecca.
1348 588 1460 614 Terram
1470 596 1550 623 quam
1559 586 1635 612 dedit

117 634 256 661 Gen-ardus
271 635 306 661 de
319 635 400 661 Curia
412 644 497 670 super
509 635 676 670 Gidenghem
690 640 716 661 et
730 634 930 660 Gaucstratam.
946 634 1048 660 Curtim
1067 634 1177 660 llubroc
1190 644 1252 660 cum
1265 634 1523 667 circumjacentibus
1537 634 1632 660 terris.

115 683 213 718 pratis,
226 682 320 717 sylvis.
331 682 442 709 Terram
459 682 582 718 llugonis
590 682 682 708 Cauiis
692 688 719 708 et
732 682 824 708 fratris
837 683 897 717 ejus
906 682 1063 708 Giselberti.
1075 682 1184 717 Sylvam
1197 682 1325 717 ,tlentogh
1334 692 1349 708 a
1363 682 1486 708 Gerardo
1498 681 1633 708 advocato

115 733 246 764 emptam.
265 728 468 755 Haereditatem
485 728 593 755 llenrici
610 729 734 755 conversi
753 729 787 754 de
799 728 1012 755 llerlinchoven.
1027 728 1162 754 Allodium
1181 728 1255 764 quod
1269 728 1344 755 dedit
1362 729 1438 754 vobis
1456 728 1635 754 llerbrandus

115 775 150 802 de
162 775 303 802 Merbecca
316 780 343 801 et
358 780 458 802 terram
471 785 533 801 cum
546 774 634 810 sylva,
648 785 729 811 qnam
744 775 866 801 vendidit
880 775 1018 801 walterus
1034 775 1068 801 de
1081 774 1161 801 Curia
1172 780 1199 801 et
1214 785 1295 811 quam
1310 775 1386 801 dedit
1396 775 1584 801 Theodorieus
1600 775 1634 801 de

117 821 240 849 Inserno.
250 822 324 849 Duas
335 829 428 858 partes
438 823 559 850 decimae
567 823 601 850 de
612 822 806 859 Florsenghem
819 828 846 849 et
855 827 1014 849 attractum.
1024 823 1135 848 Terram
1145 832 1226 858 quam
1235 822 1311 849 dedit
1319 823 1396 849 vobis
1407 823 1546 849 Gerardus
1555 823 1637 849 advo-

117 873 195 896 catus
207 874 236 896 et
250 869 383 896 Henricus
396 869 522 896 Walraus
533 870 605 905 apud
618 870 729 896 Scoram
739 890 745 897 ,
761 869 795 895 de
808 879 862 905 qua
873 869 1004 895 decimam
1019 874 1107 895 sumat
1122 869 1272 895 Ninivensis
1285 869 1410 896 ecclesia.
1425 869 1538 896 Terram
1552 879 1634 905 quam

115 915 191 942 dedit
206 915 403 948 clarebaldus,
419 917 498 951 juxta
515 916 636 943 Scoram.
656 917 768 942 Terram
785 926 866 952 quam
884 916 1021 942 dederunt
1038 916 1186 942 Balduinus
1202 921 1229 942 et
1243 915 1383 942 W'alterus
1401 916 1435 943 de
1451 916 1549 943 l'oleka
1563 917 1636 952 apud

116 959 287 1000 okenghem.
308 964 415 990 Partem
432 965 575 999 (ρας-τεοῦ,
596 969 623 990 et
636 969 736 990 terram
746 973 828 1000 quam
843 964 918 990 dedit
934 964 1083 990 Amelricus
1097 963 1132 990 de
1149 963 1317 990 Stenhuzen.
1332 964 1446 990 Terram
1462 973 1543 1000 quam
1561 964 1637 990 dedit

116 1010 188 1037 idem
196 1010 347 1038 Amelricus
355 1017 382 1037 et
391 1011 471 1047 Ilugo
481 1012 621 1047 Rampart.
636 1012 668 1037 In
681 1011 825 1047 parrochia
836 1011 870 1037 de
879 1011 1058 1046 Idreughem,
1076 1011 1272 1037 molendinum.
1289 1011 1399 1037 Pratum
1411 1021 1472 1038 cnm
1488 1013 1597 1047 pascuis
1609 1017 1636 1038 et

118 1059 246 1085 omnibus
259 1059 382 1085 aisentiis
394 1061 464 1091 suis7
478 1068 549 1095 quae
559 1059 693 1085 llenrieus
705 1064 732 1085 et
740 1059 895 1085 willelmus
905 1059 984 1084 liberi
995 1058 1116 1084 Walrani
1129 1058 1266 1084 dederunt
1277 1059 1303 1084 in
1315 1059 1467 1091 ecclesiam,
1477 1064 1507 1085 ut
1518 1059 1635 1085 liberum

117 1105 263 1139 allodium,
278 1116 390 1133 censum
405 1112 433 1133 et
446 1107 573 1142 quintum
588 1107 756 1142 manipulum
771 1107 830 1142 agri
841 1107 972 1142 quijacet
988 1107 1014 1131 in
1029 1105 1172 1140 parrochia
1187 1106 1221 1131 de
1234 1106 1451 1137 uerlinchoven‚
1467 1106 1638 1142 proutvobis

119 1153 256 1180 dederunt
266 1154 400 1181 Geraldus
414 1160 440 1180 et
455 1154 601 1185 Arnulsus,
618 1154 703 1180 l'rater
713 1154 786 1188 ejus,
802 1163 852 1189 pro
862 1155 950 1179 anima
964 1154 1056 1178 matris
1067 1162 1132 1178 suae
1142 1153 1290 1179 Mathildis.
1304 1153 1442 1188 llospitale
1455 1153 1490 1179 de
1499 1153 1638 1180 Polensele

118 1212 180 1229 eum
195 1203 322 1228 omnibus
336 1202 552 1238 possessionibus
565 1202 632 1227 suis.
646 1202 759 1228 Terram
772 1206 799 1227 et
809 1201 912 1236 sylvam
927 1210 1009 1236 quam
1023 1200 1099 1226 dedit
1114 1200 1248 1226 llenricus
1261 1200 1295 1226 de
1312 1200 1335 1226 le
1350 1200 1420 1227 Roes
1439 1206 1464 1226 et
1480 1210 1548 1226 uxor
1563 1201 1638 1234 ejus,

119 1249 193 1285 apud
212 1248 387 1275 Lidkerkam.
409 1249 521 1275 Terram
539 1253 566 1274 et
585 1257 680 1274 nemus
702 1257 773 1283 quae
791 1248 891 1283 Symon
912 1247 946 1273 de
967 1247 1125 1282 Ledeberga
1146 1246 1233 1273 dedit.
1253 1246 1346 1273 Altare
1365 1247 1399 1273 de
1420 1247 1538 1274 Pamella
1551 1269 1559 1282 ,-
1577 1257 1638 1274 cum

119 1296 224 1323 decima
239 1301 266 1322 et
287 1305 370 1323 censu
387 1295 543 1330 debitisque
558 1295 741 1329 pertinentiis.
764 1295 884 1320 Tertiam
905 1299 1010 1329 partem
1025 1293 1146 1319 decimae
1163 1295 1246 1320 totius
1261 1294 1295 1319 de
1310 1293 1469 1329 Okenghem
1492 1300 1519 1320 et
1539 1300 1641 1321 attrac-

119 1348 189 1369 tum.
205 1342 310 1369 Curtim
325 1341 436 1368 Roslar.
452 1351 514 1368 cum
527 1341 786 1375 circumjacentibus
801 1342 898 1373 terris,
915 1341 1087 1369 nemoribus,
1108 1340 1191 1375 sylvis
1210 1350 1279 1376 quas
1299 1341 1436 1367 dederunt
1460 1342 1597 1368 Gosuinus
1615 1348 1642 1368 et

120 1390 270 1427 Hegericus
286 1396 313 1416 et
332 1390 389 1416 Aliz
407 1390 441 1416 de
455 1389 661 1421 Seindelbecca,
677 1394 704 1415 et
718 1398 800 1424 quam
816 1388 953 1415 dederunt
967 1388 1088 1424 Sy-gerus
1102 1389 1136 1414 de
1150 1388 1234 1414 Bosca
1248 1393 1276 1414 et
1293 1388 1375 1414 Gisel.
1394 1389 1506 1414 Terram
1521 1390 1601 1415 etiam
1615 1395 1641 1415 et

119 1437 235 1474 sylvam,
249 1447 331 1474 quam
349 1437 512 1463 Lambertus
525 1442 553 1463 et
565 1436 698 1472 Sygerm,
713 1436 813 1462 fratres
827 1435 860 1462 de
874 1435 1061 1467 Horenbecca,
1076 1435 1213 1462 dederunt
1227 1440 1254 1461 et
1269 1435 1340 1461 Razo
1353 1435 1388 1461 de
1400 1435 1515 1461 Gavera.
1526 1436 1639 1462 Terram

121 1485 235 1518 Abonis,
243 1485 316 1521 apud
329 1484 519 1511 Lidekerkam.
531 1484 643 1510 Terram
656 1493 738 1519 qnam
750 1483 914 1510 castellanus
923 1483 1106 1510 Bruxellensis
1119 1483 1207 1514 dedit,
1220 1492 1332 1509 assensu
1344 1483 1518 1508 dominorum
1528 1492 1640 1509 suorum

121 1532 248 1560 Widonis
266 1537 294 1559 et
314 1532 430 1558 walteri
448 1531 482 1557 de
499 1531 608 1558 llosden
621 1551 628 1563 ‚
652 1530 726 1566 apud
744 1530 891 1556 Senefiam.
913 1530 1016 1556 Ibidem
1039 1536 1139 1556 terram
1161 1539 1243 1565 quam
1263 1529 1339 1555 dedit
1355 1529 1511 1556 Macharius
1530 1539 1643 1556 assensu

123 1580 237 1607 Arnoldi
255 1580 289 1606 de
302 1579 378 1606 Fellu
393 1585 421 1606 et
438 1589 497 1606 eam
514 1589 595 1615 quam
613 1578 683 1604 idem
702 1577 840 1604 Arnoldus
857 1578 891 1604 de
911 1577 987 1604 Fellu
1008 1577 1094 1604 dedit.
1114 1578 1227 1604 Terram
1245 1587 1326 1613 quam
1345 1577 1421 1603 dedit
1439 1577 1519 1613 Ilugo
1534 1578 1643 1613 Pauper

122 1636 234 1654 assensu
249 1626 342 1654 fratris
356 1627 398 1653 sui
409 1627 536 1658 Gissardi,
551 1626 625 1662 apud
640 1626 762 1659 Arclnen7
775 1631 803 1652 et
817 1631 917 1651 terram
926 1646 933 1657 ‚
949 1635 1030 1660 quam
1040 1625 1115 1652 dedit
1125 1625 1267 1651 Albericus
1279 1634 1340 1651 cum
1352 1625 1428 1660 sylva
1439 1625 1466 1650 in
1479 1625 1574 1651 eadem
1583 1635 1643 1660 par-

122 1674 233 1706 rochia,
249 1683 362 1700 assensu
377 1673 550 1700 dominorum
568 1682 693 1699 suorum.
707 1672 815 1707 Sylvam
829 1678 857 1698 et
870 1677 972 1699 terram
987 1682 1068 1708 quam
1084 1672 1218 1698 llenricus
1229 1671 1263 1697 de
1284 1671 1340 1697 Rut
1350 1671 1436 1697 dedit.
1451 1671 1642 1698 omnimodum

123 1731 204 1748 usum
221 1721 340 1748 nemoris
356 1721 390 1747 de
412 1720 555 1747 carbonirs
571 1725 598 1746 et
615 1729 731 1755 pascua,
753 1724 837 1754 prout
854 1729 884 1745 se
900 1719 1022 1746 extendit
1038 1718 1183 1754 parrochia
1200 1718 1234 1744 de
1253 1718 1371 1744 Senefia.
1392 1718 1423 1744 In
1445 1718 1590 1754 parrochia
1607 1719 1642 1745 de

124 1768 280 1801 merbecca,
293 1773 395 1794 terram
403 1789 410 1800 ⁷
423 1778 518 1794 nemus
529 1773 556 1794 et
564 1773 672 1804 pratum
682 1788 688 1798 ‚
700 1772 783 1802 prout
794 1767 892 1793 tenetis
901 1767 934 1793 ad
945 1776 1056 1793 censum
1066 1776 1081 1792 a
1089 1766 1234 1792 Nivellensi
1244 1765 1372 1797 ecclesia,
1386 1770 1412 1792 et
1422 1766 1607 1792 molendinum
1616 1771 1645 1792 et

123 1816 270 1843 exclusam.
281 1816 363 1842 Juxta
376 1817 474 1842 curtim
485 1816 519 1842 de
532 1815 637 1841 Calliem
647 1815 711 1841 etin
724 1824 793 1850 gyro
807 1819 890 1840 totam
903 1820 1005 1841 terram
1019 1819 1046 1840 et
1060 1824 1156 1840 nemus
1168 1823 1230 1840 cum
1242 1822 1292 1839 suo
1306 1813 1448 1848 procinctu
1457 1835 1464 1845 ⁷
1477 1823 1558 1848 quam
1573 1818 1643 1839 tene-

123 1864 159 1890 tis
172 1863 206 1890 ad
219 1873 337 1890 annuam
351 1864 509 1900 pensionem
521 1863 556 1889 ab
567 1862 681 1889 ecclesia
693 1861 726 1888 de
740 1861 863 1897 Haspera
872 1883 879 1892 ,
893 1867 920 1888 et
932 1861 1011 1887 aliam
1025 1871 1106 1896 quam
1118 1860 1218 1887 ibidem
1231 1860 1388 1886 obtinuistis
1402 1861 1429 1886 in
1443 1859 1643 1895 eleemosynam

125 1921 140 1937 a
153 1911 263 1937 Rolino.
280 1911 418 1947 Integram
433 1911 604 1938 medietatem
623 1911 708 1936 totius
725 1909 804 1935 villae
821 1910 855 1936 de
873 1909 1029 1943 Strilllzem,
1046 1918 1126 1944 quam
1139 1908 1214 1934 dedit
1227 1907 1306 1934 vobis
1322 1907 1474 1933 Willelmus
1485 1917 1534 1943 per
1549 1916 1645 1933 manus

125 1958 298 1984 dominorum
312 1967 424 1984 suorum
437 1959 463 1984 in
477 1967 589 1984 censum
603 1962 631 1984 et
643 1958 741 1993 quinto
754 1956 894 1992 manipulo
905 1956 1026 1982 omnium
1039 1955 1179 1982 fructuum
1193 1955 1240 1991 qui
1251 1954 1415 1981 excoluntur
1427 1956 1453 1980 in
1463 1964 1530 1990 agro
1539 1959 1645 1981 etmau-

127 2005 210 2032 suris.
227 2005 257 2031 ln
272 2005 402 2040 parochia
416 2005 450 2031 de
461 2005 580 2037 Sanctis,
593 2005 692 2031 curtim
707 2004 740 2030 de
750 2004 908 2038 Harllaecca,
920 2013 981 2030 cum
994 2004 1086 2034 terris,
1105 2003 1203 2038 pratis,
1219 2002 1312 2037 sylvis‚
1328 2002 1441 2037 suisque
1456 2002 1642 2037 pertinentiis⁷

126 2057 210 2088 prout
224 2051 364 2078 Johannes
380 2052 455 2078 dedit
467 2053 492 2078 in
507 2052 706 2087 eleemosynam
721 2061 782 2077 cum
800 2051 857 2077 filio
870 2060 920 2076 suo
932 2050 1055 2076 Waltero
1068 2059 1150 2086 quem
1163 2049 1197 2075 ad
1209 2049 1415 2075 conversionem
1429 2049 1560 2075 reddidit.
1574 2049 1644 2076 Sane

126 2098 266 2125 novalium
278 2104 433 2125 vestrorum
445 2108 516 2134 quae
530 2099 648 2134 propriis
659 2098 784 2124 manibus
795 2097 836 2124 vel
847 2097 1003 2132 sumptibus
1012 2096 1111 2128 colitis⁷
1127 2105 1175 2122 seu
1187 2096 1221 2122 de
1232 2095 1407 2122 nutrimentis
1418 2095 1575 2121 animalium
1587 2106 1646 2123 ves—

127 2152 234 2173 trorum
247 2145 340 2172 nullus
350 2155 365 2172 a
375 2146 453 2172 vobis
461 2146 580 2172 decimas
589 2151 755 2181 extorquere
768 2150 934 2181 praesumat.
945 2144 1038 2170 Liceat
1048 2152 1160 2179 quoque
1172 2143 1248 2169 vobis
1259 2142 1374 2169 clericos
1383 2142 1424 2168 vel
1433 2142 1515 2168 laicos
1526 2152 1541 2168 e
1552 2143 1644 2169 seculo

126 2193 264 2230 fugientes
280 2192 381 2219 liberos
396 2198 424 2219 et
439 2193 579 2219 absolutos
593 2192 626 2218 ad
640 2193 845 2219 conversionem
861 2192 996 2227 recipere,
1019 2196 1047 2216 et
1059 2200 1106 2217 eos
1126 2190 1232 2225 absque
1251 2189 1467 2216 contradictione
1480 2189 1572 2225 aliqua
1585 2191 1648 2216 reti-

127 2249 204 2266 nere.
216 2239 397 2266 Prohibemus
407 2239 520 2275 insuper
534 2248 567 2265 ne
579 2239 626 2265 ulli
641 2239 757 2265 fratrum
773 2244 926 2265 vestrorum
942 2242 1002 2273 post
1012 2237 1108 2263 saetam
1120 2237 1147 2262 in
1161 2246 1193 2262 eo
1207 2236 1266 2262 loco
1280 2235 1477 2271 professionem
1488 2236 1527 2262 l'as
1535 2237 1569 2262 sit
1582 2237 1646 2263 abs-

128 2296 183 2323 que
193 2286 300 2313 abbatis
313 2287 355 2312 sui
368 2286 477 2312 lieentia
493 2286 527 2312 de
540 2285 634 2312 eodem
648 2285 708 2311 loco
722 2285 874 2312 discedere.
891 2284 1081 2310 Discedentem
1099 2293 1163 2310 vero
1177 2282 1281 2318 absque
1292 2283 1476 2309 communium
1490 2282 1643 2310 litterarum

129 2335 256 2361 cautione
270 2332 363 2359 nullus
376 2333 477 2360 audeat
489 2333 627 2366 retinere;
641 2332 812 2367 sepulturam
827 2337 971 2367 praeterea
984 2331 1070 2366 ipsius
1082 2330 1133 2356 loci
1148 2330 1260 2356 liberam
1277 2338 1336 2355 esse
1355 2329 1543 2362 decernimus,
1560 2336 1590 2357 ut
1603 2340 1646 2357 eo-

129 2391 192 2408 rum
205 2380 359 2407 devotionis
375 2385 402 2406 et
419 2384 557 2406 extremae
571 2379 705 2405 voluntati
723 2379 770 2415 qui
785 2388 814 2405 se
827 2379 883 2404 illic
899 2378 1009 2414 sepeliri
1023 2377 1254 2408 deliberaverint,
1273 2377 1323 2402 nisi
1339 2376 1409 2403 sorte
1423 2378 1648 2404 exeommunicati

99 2438 102 2440 ·
128 2427 170 2455 vel
184 2427 323 2454 interdicti
337 2427 391 2452 siut
401 2447 408 2458 7
429 2425 522 2452 nullus
535 2425 664 2458 obsistat,
681 2425 754 2452 salva
775 2431 862 2451 tamen
874 2425 981 2459 justitia
999 2424 1107 2450 illarum
1121 2423 1297 2450 ecclesiarum
1307 2443 1314 2451 ,
1330 2432 1345 2448 a
1359 2423 1460 2458 quibus
1474 2429 1645 2451 mortuorum

129 2484 247 2511 corpora
260 2479 450 2501 assumuntur.
472 2474 537 2500 Cum
557 2478 648 2500 autem
663 2473 792 2509 generale
810 2473 984 2499 interdictum
1001 2478 1092 2498 terrae
1112 2471 1196 2497 suerit
1207 2491 1214 2504 ,
1230 2470 1310 2497 liceat
1331 2470 1408 2496 vobis
1425 2470 1525 2497 clausis
1537 2471 1646 2506 januis,

253 2550 339 2585 Tou.
371 2550 416 2584 ll.
789 2554 791 2557 '
1468 2547 1536 2582 100
