2118 3184
469 451 729 486 CHROMCON
759 452 969 486 BALDUINI
999 451 1299 487 NINOVIENSIS.
1574 452 1643 487 689

183 558 460 601 llildebraudus.
493 559 668 593 Romanae
689 559 851 593 ecclesiae
873 559 1158 603 archidiaconus.
1185 559 1300 593 dictus
1323 560 1512 607 Gregorius
1531 573 1637 607 papa.v

135 617 307 662 praesidet
327 618 426 651 annis
443 617 522 661 xvij.
550 617 616 650 Iste
634 617 869 662 symoniacos.
894 625 1056 651 uxoratos
1076 619 1125 650 vel
1147 618 1374 651 fornicatores
1397 619 1617 664 presbyteros
1630 647 1637 658 ,

134 681 168 708 et
181 675 229 708 eis
243 675 560 717 conununicames.
578 674 738 716 damnat.v
758 675 877 708 missas
891 688 1013 709 eorum
1030 675 1142 709 audiri
1158 676 1339 720 prohibet.
1360 676 1637 711 benedictionem

133 745 257 766 eorum
280 732 558 766 maledictionem
577 732 761 777 judicans.
792 740 821 766 et
845 734 1038 767 orationem
1062 740 1257 779 peccatum.
1284 733 1360 779 lpse
1379 746 1523 780 quoque
1545 743 1640 770 totus

134 790 246 824 fertur
258 791 293 824 in
309 791 496 824 Heurieum
513 791 758 837 imperatorem
774 792 888 825 verbis
902 799 935 825 et
949 793 1086 838 scriptis
1099 820 1106 826 .
1123 806 1211 840 quos
1226 801 1340 839 potest
1353 802 1510 829 avertens
1523 795 1568 828 ab
1584 808 1638 830 eo.

134 848 177 882 At
195 849 362 882 Henricus
375 875 383 891 ,
406 856 527 883 coacto
542 849 745 883 Yon-macine
760 850 903 884 consilio
918 851 1008 896 xxiiij
1025 852 1291 898 episcoporum.
1312 854 1429 887 omnia
1448 854 1587 888 decreta
1606 861 1637 889 et

132 906 223 940 facta
242 906 400 955 Gregorii
416 908 450 940 in
468 908 606 941 irritum
622 907 778 942 deducit.
802 909 960 955 Episcopi
982 910 1027 943 ibi
1049 911 1256 958 Gregorium
1276 912 1439 957 abjurant
1457 919 1489 946 ct
1510 919 1638 959 papatu

131 963 369 998 abdicandum
381 965 563 1010 judicant.
582 965 642 1000 sed
659 980 677 1000 e
692 973 813 1000 contra
828 968 1017 1015 Gregorius
1035 968 1255 1003 adversantes
1273 970 1474 1016 imperatori
1493 972 1640 1005 absolvit

131 1034 151 1056 a
169 1023 324 1068 perjurio
336 1050 344 1065 τ
363 1030 401 1057 ut
417 1025 610 1070 perjurium
627 1025 780 1071 perjurio
796 1026 1010 1073 corrigerent
1025 1054 1032 1069 .
1052 1027 1160 1061 immo
1176 1029 1399 1062 cumularent
1410 1055 1418 1071 ·,
1439 1029 1640 1075 abjurantes

132 1080 379 1126 imperatorem
400 1089 434 1115 et
451 1095 569 1116 secum
589 1083 748 1128 jurantes
765 1084 788 1117 ¹.
811 1085 902 1118 Haec
922 1092 993 1118 tota
1014 1087 1192 1119 contentio
1214 1087 1305 1120 inter
1327 1087 1419 1133 ipsos
1447 1088 1564 1121 habita
1587 1095 1638 1122 est

131 1146 277 1185 propter
301 1141 522 1175 investituras
541 1142 786 1186 ecclesiarum⁷
811 1156 898 1189 quas
923 1144 988 1177 sibi
1011 1144 1179 1178 Henricus
1202 1145 1384 1190 usurpavit
1404 1146 1542 1191 injuste.
1566 1146 1637 1180 Hoc

131 1198 224 1231 enim
240 1205 415 1245 tempore,
437 1201 766 1246 imperatoresjuste
781 1202 964 1247 privantur
978 1203 1205 1237 ecclesiastica
1220 1204 1445 1247 auctoritate⁷
1466 1205 1548 1251 quia
1565 1205 1637 1250 plu-

133 1257 211 1290 rimi
227 1269 289 1303 per
307 1270 366 1291 eos
383 1258 517 1292 intrant
535 1258 695 1301 aliunde,
717 1272 786 1293 non
803 1272 864 1305 per
882 1261 1009 1294 ostium
1033 1273 1039 1293 :
1062 1273 1152 1306 quae
1169 1268 1287 1294 tamen
1307 1262 1403 1307 prius
1422 1262 1465 1295 ab
1485 1261 1637 1296 Adriano

129 1327 219 1361 papa
234 1327 361 1363 magno
376 1316 500 1350 Karolo
515 1328 677 1350 concessa
690 1317 769 1360 fuit,
786 1319 846 1364 qui
863 1318 1006 1351 minime
1021 1318 1065 1352 ad
1079 1319 1257 1352 avaritiam
1272 1320 1429 1353 animum
1445 1321 1632 1354 inclinavit.

178 1374 278 1407 Anno
292 1373 465 1417 MLXXV.
483 1374 519 1407 in
535 1374 735 1420 Antwerpia
747 1402 755 1418 ,
773 1376 916 1409 sicarius
934 1375 1061 1409 ducem
1079 1375 1329 1420 Godefridum,
1347 1377 1381 1409 in
1399 1389 1571 1412 secessum
1591 1379 1635 1412 ad

132 1432 358 1480 purgandum
384 1432 499 1466 alvum
524 1433 739 1480 ingressum,
762 1446 823 1479 per
851 1441 982 1468 secreta
998 1441 1143 1468 naturae
1159 1435 1272 1468 cultro
1295 1435 1422 1468 feriens
1445 1436 1631 1470 interfecit.

131 1492 232 1525 Anno
254 1492 394 1525 Domini
416 1492 626 1526 MLXXVllI
641 1519 649 1535 a
671 1492 795 1538 hyems
818 1494 1007 1539 asperrima
1029 1493 1175 1527 invaluit
1198 1500 1304 1540 atque
1323 1493 1507 1528 durissima
1528 1507 1546 1528 a
1566 1495 1632 1529 kal.

131 1549 339 1584 Novembris
359 1562 470 1596 usque
491 1551 526 1584 in
546 1550 701 1584 litaniam
719 1552 909 1597 majorem;
930 1552 1030 1597 cujus
1047 1558 1143 1585 tanta
1158 1552 1208 1585 vis
1223 1558 1298 1585 erat
1312 1558 1352 1585 ut
1370 1551 1494 1585 diebus
1514 1553 1634 1587 natalis

131 1608 184 1642 vel
201 1608 491 1657 quadragesimae
509 1608 627 1642 divina
650 1610 685 1643 in
704 1611 855 1644 ecelesiis
878 1623 948 1644 non
967 1611 1111 1654 fierent,
1133 1610 1197 1643 nisi
1216 1610 1369 1656 plurimo
1390 1611 1471 1658 igne
1489 1623 1635 1645 accenso

130 1668 414 1714 carbonibusque
432 1668 623 1715 congestis„
645 1675 679 1702 et
697 1682 803 1715 quem
817 1670 911 1703 calor
929 1669 1019 1717 ignis
1034 1669 1116 1702 hinc
1132 1668 1318 1715 coquendo
1332 1669 1519 1711 exurebat„
1543 1670 1635 1704 illine

130 1726 242 1775 frigus
263 1726 411 1760 tolerare
434 1738 504 1759 non
530 1732 684 1771 poterat.7
712 1728 963 1773 perieruntque
986 1727 1134 1769 bestiae.¹
1160 1727 1318 1760 volucres
1341 1733 1375 1760 et
1399 1727 1575 1774 gramina„
1602 1735 1633 1762 et

131 1785 166 1819 in
187 1784 320 1819 Pascha
339 1785 401 1831 qui
421 1796 543 1818 sereno
567 1785 664 1819 coelo
683 1786 718 1819 in
741 1787 811 1820 sole
833 1786 1013 1820 aestuabat
1034 1786 1198 1819 umbram
1222 1786 1375 1829 intrans,
1396 1786 1526 1833 frigore
1548 1798 1635 1820 con-

131 1845 383 1892 stringebatur.
396 1842 560 1885 Saxones,
574 1842 739 1878 instinctu
756 1844 914 1892 Gregorii
928 1856 1051 1890 papae,
1065 1844 1234 1877 rebellant
1244 1850 1278 1877 et
1286 1856 1405 1891 regem
1416 1845 1635 1878 constituunt

131 1902 344 1945 Rodulfum7
361 1901 486 1936 ducem
502 1899 728 1949 Burgundiae
739 1930 747 1946 7
764 1903 819 1936 cui
834 1915 923 1949 papa
938 1914 1102 1936 coronam
1118 1902 1229 1944 misit.
1245 1902 1301 1936 cui
1316 1902 1523 1948 inscriptum
1538 1911 1629 1937 erat:

550 1992 629 2018 Petra
642 1992 717 2019 dedit
730 1994 822 2028 Petro,
842 1994 940 2020 Petrus
949 1993 1074 2019 diadema
1089 1992 1217 2019 nodulfo.

179 2074 347 2109 Henricus
365 2074 460 2122 gravi
475 2074 566 2108 bello
581 2073 810 2122 congreditur
828 2086 910 2108 cum
930 2074 1048 2107 multis
1062 2073 1280 2119 principibus
1293 2100 1301 2115 ,
1318 2073 1422 2106 etiam
1442 2072 1632 2107 Rodulfum

130 2133 283 2180 perimit.
298 2132 339 2165 In
354 2132 559 2166 Pentecoste
573 2132 772 2180 Maguntiae
786 2138 961 2165 conventu
975 2131 1110 2173 habito,
1127 2131 1316 2178 Gregorius
1330 2129 1524 2164 abdicatur.
1544 2131 1635 2166 Wie-

130 2193 264 2234 bertus7
281 2191 472 2225 Ravennates
485 2191 768 2237 archiepiscopus
779 2217 788 2234 7
806 2202 895 2236 papa
911 2190 1127 2238 designatur.
1144 2191 1242 2222 Anno
1253 2189 1390 2222 Domini
1407 2188 1579 2233 MLXXX,
1599 2191 1633 2223 in

127 2251 232 2285 natali
248 2250 387 2284 Domini
402 2256 526 2283 ventus
540 2249 674 2283 validus
690 2250 800 2295 sylvas
814 2249 980 2291 conterit„
999 2260 1118 2282 muros
1132 2247 1263 2293 dejicit7
1285 2247 1389 2280 urbes
1403 2248 1543 2288 evei-tit.
1562 2260 1631 2282 non

129 2309 284 2343 minatur
297 2319 416 2341 casum
426 2333 435 2350 7
451 2306 512 2340 sed
527 2307 644 2340 omnia
658 2307 758 2340 ruina
770 2307 971 2352 prosternit.
990 2306 1029 2339 In
1044 2305 1209 2340 cathedra
1219 2304 1252 2338 S.
1272 2305 1364 2338 Petri
1376 2332 1384 2348 a
1399 2317 1521 2339 sereno
1536 2306 1632 2340 coelo

130 2368 166 2401 in
188 2378 329 2412 vespera
349 2377 471 2408 mane,
500 2371 595 2398 tanta
614 2365 671 2398 nix
689 2371 815 2399 cuncta
836 2372 1043 2411 operuerat,
1067 2371 1107 2398 ut
1129 2364 1216 2397 ostia
1234 2363 1360 2409 aperiri
1384 2376 1452 2397 non
1473 2372 1631 2410 possent,

131 2425 284 2461 culmina
304 2430 478 2458 tectorum
495 2423 679 2458 excederet
696 2430 731 2457 et
749 2424 853 2457 etiam
872 2424 983 2470 sylvas
1002 2422 1243 2458 absconderet.

169 2554 178 2572 ¹
200 2553 446 2589 Haecesigeberio
457 2553 643 2581 Gemblacensi
653 2573 660 2586 ‚
673 2553 785 2588 cujusin
794 2552 955 2588 Gregorium
972 2551 1021 2578 Vll
1037 2551 1164 2587 iniquitas
1178 2550 1304 2577 omnibus
1318 2555 1380 2576 nota
1395 2555 1445 2576 est.

228 2601 314 2635 Tou.
345 2601 390 2635 ΙΙ.
1446 2596 1489 2631 87
