2137 3131
430 383 499 416 222.
773 376 948 413 CORPUS
976 375 1308 411 ennoxlconum
1338 376 1603 412 FLANDRIAE.

430 489 565 523 dictum
586 495 739 522 castrum
765 486 915 519 insultus
938 484 1101 517 eximios.
1124 491 1159 517 et
1177 484 1223 517 illi
1243 485 1304 531 qui
1325 491 1425 518 crant
1444 485 1562 527 intus7
1586 484 1732 518 viriliter
1750 486 1954 520 resistebant

432 555 462 581 et
484 561 519 580 so
542 545 792 579 ‹lvstfndebanh

479 605 649 639 Dominus
668 609 785 636 autem
808 614 865 635 rex
884 603 974 647 cepit
997 608 1151 635 castrum
1166 628 1174 644 .,
1196 601 1279 647 quia
1302 602 1418 635 nullus
1438 608 1511 635 crat
1532 602 1695 635 resistens
1713 602 1782 645 cis7
1804 609 1839 635 et
1860 603 1957 636 inve-

433 670 556 698 nerunt
591 661 676 694 illud
704 668 818 694 totum
848 673 1000 694 vacuum
1027 660 1072 694 de
1100 659 1329 702 custodibus,
1358 667 1393 694 ct
1415 660 1583 694 dominus
1607 672 1666 694 rex
1694 660 1777 694 fecit
1802 667 1956 694 castrum

432 722 583 756 totaliter
598 720 732 754 destrui
751 727 783 753 et
805 720 983 753 comburi.

476 781 548 813 Una
570 780 678 827 igitur
700 786 819 812 nocte.
843 778 1007 813 custodes
1027 778 1130 812 castri
1149 777 1344 823 supradicti
1368 778 1545 812 subtiliter
1567 779 1749 821 exierunt‚
1778 778 1833 812 his
1852 779 1956 826 igno-

431 839 608 881 rantibus„
632 839 693 884 qui
714 844 795 871 ante
815 837 902 870 illud
922 836 1137 870 residebant.

478 898 649 931 Dominus
664 903 783 930 autem
802 908 862 929 rex
882 896 1046 929 Franciae
1065 894 1247 929 mandavit
1265 895 1566 943 gubernatoribus
1584 896 1733 929 civitatis
1754 895 1781 928 T
1785 907 1958 929 ornacen-

429 958 492 990 sis.
525 963 560 989 ut
591 957 656 989 sibi
684 956 911 988 mitterentur
938 955 1141 988 servientes.
1175 954 1266 995 (2111ιη
1297 954 1419 987 habito
1447 954 1592 987 consilio
1618 966 1700 988 cum
1729 954 1955 995 communia,

428 1016 609 1063 elegerunt
634 1014 729 1047 mille
750 1014 864 1046 viros.
888 1013 980 1046 inter
1003 1025 1093 1059 quos
1118 1012 1264 1045 fuerunt
1283 1011 1427 1045 ducenti
1451 1019 1485 1045 ct.
1509 1012 1769 1060 quinquaginta
1790 1011 1958 1045 balistarii

428 1081 460 1107 et
481 1074 669 1107 archistae.
692 1079 725 1106 et
745 1072 958 1119 septingenti
979 1078 1011 1105 et
1032 1071 1301 1119 quinquagenta
1321 1070 1510 1104 servientes
1527 1082 1609 1103 cum
1628 1070 1816 1104 armaturis
1835 1077 1869 1103 et
1887 1070 1959 1103 lan-

429 1133 511 1167 ceis.
529 1139 561 1165 et
577 1130 753 1165 sexdecim
768 1130 918 1176 equites,
934 1129 978 1163 de
992 1130 1124 1175 quibus
1139 1136 1294 1176 quatuor
1311 1135 1411 1162 crant
1426 1129 1599 1174 capitanei
1609 1129 1771 1161 omnium
1787 1128 1936 1161 aliorum
1947 1155 1955 1170 e

430 1198 501 1224 tam
521 1190 683 1236 equitum
705 1201 812 1235 quam
838 1188 1017 1234 peditum.
1045 1187 1206 1221 videlicet
1227 1187 1426 1221 U'illelmus
1453 1186 1496 1220 de
1518 1187 1652 1230 Porco„
1678 1186 1831 1220 Jacobus
1849 1186 1958 1220 Mou-

429 1256 520 1292 (ons,
545 1249 742 1281 XVillelmus
761 1247 806 1281 de
825 1246 1032 1280 Hellemmes
1050 1253 1082 1279 et
1105 1246 1230 1279 Petrus
1249 1245 1296 1279 Le'
1311 1245 1455 1279 Jlmleis.
1478 1245 1553 1278 Fuit
1571 1252 1690 1278 autem
1708 1245 1757 1278 eis
1775 1245 1957 1290 provisum

428 1309 472 1342 de
492 1307 687 1354 paraturis.⁴
709 1306 809 1352 equis
828 1312 863 1338 et
879 1305 1064 1349 curribus„
1086 1311 1121 1338 et
1139 1304 1183 1338 de
1202 1304 1368 1337 omnibus
1391 1304 1610 1337 necessariis.
1634 1310 1739 1349 prout
1759 1302 1900 1347 decuit7
1922 1309 1957 1336 et

430 1367 474 1400 de
497 1367 656 1412 ipsorum
677 1364 901 1398 ordinatione
927 1364 1053 1396 omitto
1076 1363 1230 1396 scribere
1253 1374 1355 1395 causa
1378 1362 1575 1403 brevitatis,
1597 1362 1680 1407 quia
1701 1362 1958 1409 gubernatores

431 1426 530 1459 villae
554 1425 636 1458 talia
659 1424 791 1457 habent
812 1423 847 1456 in
867 1423 938 1456 suis
957 1422 1113 1470 registris
1135 1422 1336 1469 registrata7
1362 1427 1394 1453 et
1417 1420 1486 1454 vidi
1506 1432 1613 1466 penes
1632 1420 1823 1466 quemdam
1845 1421 1955 1454 civem

431 1485 708 1518 Tornaeensem.
731 1482 866 1516 dictum
883 1482 1082 1515 Johannem
1109 1481 1329 1527 tt'czllewyt‘c1220
1343 1480 1368 1513 ¹.
1394 1480 1512 1513 omnia
1531 1479 1611 1513 talia
1630 1479 1843 1513 accidentia:
1867 1492 1957 1526 quae

429 1543 548 1576 onmia
567 1542 611 1575 de
630 1541 755 1589 gallico
774 1540 927 1573 breviter
945 1540 1108 1573 transtuli
1123 1540 1157 1572 in
1178 1539 1341 1572 latinum.

481 1601 721 1634 'tornacenses
744 1599 880 1644 itaque.
902 1598 946 1631 de
965 1610 1037 1644 qua
1055 1598 1217 1643 superius
1236 1597 1373 1630 dictum
1393 1604 1465 1639 est.)
1488 1597 1525 1629 in
1544 1608 1685 1644 egressu
1705 1596 1750 1630 ad
1769 1596 1957 1630 dominum

432 1672 550 1708 regem
562 1659 777 1692 transierunt
794 1670 857 1704 per
871 1658 1031 1690 Duacum
1043 1683 1050 1689 .
1071 1657 1132 1702 qui
1150 1662 1361 1702 receperunt
1376 1668 1435 1689 eos
1450 1655 1647 1688 honorifice
1657 1661 1691 1688 et
1710 1655 1956 1688 amicabiliter.

432 1718 622 1752 offerentes
642 1717 725 1763 ipsis
751 1716 886 1750 dolium
918 1715 989 1748 vini
1013 1715 1157 1761 optimi7
1184 1715 1220 1747 in
1245 1726 1407 1761 regressu
1430 1725 1513 1746 xero
1536 1712 1720 1746 redierunt
1747 1713 1877 1746 iterum
1895 1726 1959 1759 per

431 1778 605 1811 Duacum.
634 1775 702 1810 Sed
729 1776 897 1809 instinctu
922 1774 1054 1808 diaboli
1077 1773 1207 1807 occidit
1233 1772 1380 1819 quidam
1400 1773 1453 1806 vir
1477 1772 1522 1806 de
1546 1773 1686 1815 Duaeo„
1710 1772 1825 1805 virum
1844 1784 1958 1806 unum

430 1836 474 1869 de
494 1836 520 1869 T
524 1847 654 1869 ornaco
670 1835 704 1868 in
719 1833 875 1880 quodam
892 1833 1071 1878 lupanari.³
1094 1832 1140 1865 ob
1158 1844 1267 1878 quam
1287 1843 1428 1865 causam
1448 1832 1647 1864 Duacenses
1665 1837 1699 1864 et
1719 1830 1959 1865 Tornacenses

429 1895 573 1928 fuerunt
593 1894 628 1926 in
648 1904 778 1940 magno
804 1891 984 1937 periculo.v
1014 1890 1076 1924 sed
1101 1891 1358 1938 gubernatores
1381 1889 1480 1922 villae
1504 1896 1536 1922 et
1562 1889 1734 1935 capitanei
1755 1889 1959 1923 Tornacen-

430 1954 520 1987 sium
542 1965 616 1986 rem
641 1952 733 1985 hanc
753 1951 1024 1998 mitigaveruntff
1051 1957 1083 1983 et
1103 1957 1224 1996 postea
1243 1949 1501 1997 gubernatores
1522 1948 1761 1982 'tornacenses
1783 1960 1905 1994 pacem
1925 1955 1960 1982 et

431 2010 658 2045 concordiam
678 2010 837 2043 fecerunt
857 2009 949 2042 inter
967 2009 1044 2042 illos
1067 2008 1111 2041 de
1128 2009 1247 2041 Duaco
1267 2014 1299 2041 et
1321 2007 1500 2048 Tornacm
1520 2013 1553 2039 et
1569 2007 1716 2040 fuerunt
1734 2006 1781 2039 illi
1804 2006 1848 2040 de
1869 2007 1958 2040 Tor-

432 2083 520 2104 naco
540 2082 603 2115 per
621 2069 775 2115 spatium
792 2075 928 2114 septem
947 2067 1088 2101 dierum
1107 2073 1204 2100 extra
1223 2066 1413 2100 civitatem.

480 2131 581 2162 Anno
606 2127 785 2173 praefato.
811 2126 955 2160 sedente
983 2138 1064 2174 rege
1088 2125 1251 2158 Franciae
1279 2131 1360 2157 ante
1385 2130 1540 2157 castrum
1561 2123 1605 2157 de
1637 2122 1755 2166 Tm'n7
1783 2135 1865 2157 cum
1894 2135 1958 2157 suo

430 2188 602 2221 exercitu.
633 2193 673 2220 ut.
696 2185 833 2219 dictum
857 2191 928 2218 est.
952 2196 1074 2218 versus
1097 2183 1326 2218 Cameracum
1345 2195 1453 2228 supra
1471 2182 1587 2215 rivum
1611 2181 1774 2225 Scaldae3
1801 2194 1861 2215 rex
1885 2183 1958 2216 An-

432 2246 520 2292 gliae
535 2245 679 2279 sedebat
693 2256 733 2278 ex
749 2243 895 2277 adverso
910 2243 1004 2277 ultra
1019 2242 1155 2276 dictum
1172 2241 1321 2275 fluvium
1333 2240 1496 2282 Scaldae‚
1515 2246 1548 2273 et
1563 2240 1693 2288 alligati
1707 2240 1760 2273 sui
1771 2267 1779 2283 e
1796 2239 1958 2274 videlicet

472 2353 479 2369 ¹
503 2354 560 2379 'Non
575 2353 619 2378 ille
634 2353 773 2378 ¹lohannes
788 2352 957 2388 Vhlleyrupe
971 2352 1054 2378 fuisse
1070 2356 1168 2377 auctor
1218 2351 1244 2376 in
1266 2350 1342 2385 regia
1363 2348 1533 2374 bruxellensi
1553 2346 1719 2373 bibliotheca
1739 2351 1878 2378 servatur,
1894 2346 1957 2372 licet

431 2399 551 2424 videtur.
567 2399 612 2424 sed
627 2403 893 2433 possessortantunn
910 2397 1076 2423 narrationis
1086 2406 1167 2432 quam
1219 2401 1284 2422 nota
1296 2396 1367 2422 libro
1381 2395 1486 2429 adjecta
1501 2394 1528 2420 id
1544 2398 1692 2429 supponat.
1708 2393 1783 2427 Quae
1796 2391 1841 2418 hic
1855 2393 1910 2418 edit
1921 2393 1957 2418 Li

432 2445 466 2470 Li
481 2445 575 2470 Jlnisis
594 2445 730 2480 indigitat.
751 2445 808 2470 Non
829 2449 869 2469 est
890 2443 1058 2469 eredendum
1075 2444 1169 2478 itaque
1220 2442 1331 2475 Mm‘sis,
1353 2447 1383 2467 ut
1405 2451 1419 2467 a
1439 2450 1468 2466 se
1489 2440 1665 2470 abbreviaia‚
1689 2438 1801 2465 brevius
1819 2438 1909 2465 adbuc
1928 2439 1954 2465 iu

434 2501 495 2517 eum
511 2492 673 2526 scriptorem
695 2491 778 2516 fuisse
797 2490 924 2523 anonymi
938 2489 1077 2515 chronici.
1094 2489 1168 2524 quod
1221 2497 1356 2522 anonymo
1371 2488 1512 2522 leguntur.
