2137 3131
512 402 581 436 660
849 397 1024 433 CORPUS
1051 395 1381 431 CHRONICORUM
1408 395 1673 431 FLANDRIAE.

514 511 618 544 misit.
636 507 841 549 Geroaldus,
859 507 929 540 (lux
945 505 1137 546 Baioariae,
1154 503 1198 538 ad
1213 504 1369 538 favorem
1383 504 1498 537 Karoli
1514 504 1548 537 in
1565 504 1746 538 Pannonia
1762 503 1930 538 Avaribus
1944 517 2025 539 con-

513 579 650 616 gressus
671 566 874 612 perimitur,
896 564 940 598 de
959 575 1032 610 quo
1051 564 1086 596 in
1100 563 1233 596 visione
1248 561 1432 608 cujusdam
1452 562 1598 610 legitur,
1619 561 1717 608 quod
1737 562 1951 608 martyribus
1968 575 2026 597 an-

513 630 718 659 numeratus
737 624 792 656 sit.

560 684 660 715 Anno
680 680 893 720 DCCXCIX,
924 679 1062 726 Hyrene
1083 679 1285 724 imperatrix
1311 690 1418 724 super
1439 685 1560 724 erepto
1586 678 1651 711 sibi
1673 678 1842 724 imperio,
1872 677 2024 712 femineo

512 740 632 773 dolore
650 740 775 781 abusa,
801 738 1071 772 Constantinum
1096 737 1208 770 filium
1232 749 1337 770 suum
1362 736 1511 782 imperio
1537 736 1649 781 privat
1675 742 1710 769 et
1738 735 1871 777 oculis,
1897 742 1932 769 et
1953 736 2026 769 sola

511 857 613 889 etiam
633 855 883 889 obtenebratus
906 861 957 888 est
977 867 1039 900 per
1057 853 1131 887 dies
1149 853 1231 899 xvij.
1254 853 1403 887 Sanctus
1422 852 1556 886 Salvius
1575 853 1760 899 episcopus
1779 865 1843 899 pro
1858 853 1942 887 fisco
1956 852 2027 886 Va—

508 915 677 948 lentianas
698 914 741 947 ab
764 913 949 959 Aquitania
969 913 1128 954 veniens,
1151 924 1170 945 a
1189 911 1407 959 W'inegrado
1427 911 1498 945 filio
1519 910 1672 945 Genardi
1692 911 1930 957 procuratoris
1950 911 2025 945 fisci

512 973 598 1007 clam
623 972 823 1018 perimitur,
846 971 878 1017 vj
898 971 963 1005 kal.
992 971 1095 1013 Julii,
1117 970 1170 1004 rel
1189 977 1282 1004 certe
1305 970 1371 1003 kal.
1397 969 1497 1012 Julii,
1518 969 1579 1003 sed
1604 969 1751 1003 Karolus
1770 982 1830 1003 rex
1850 976 1890 1004 ut
1908 970 2025 1015 ipsum

510 1037 695 1078 quaereret
704 1043 766 1077 per
775 1030 940 1078 angelum
952 1036 1004 1063 ter
1015 1029 1267 1072 commonitus,
1279 1035 1372 1062 sorte
1382 1028 1574 1062 occisorem
1584 1028 1659 1073 ejus
1668 1028 1867 1074 quaesitum
1877 1028 2023 1070 invenit,

511 1097 546 1124 et
558 1097 630 1123 tam
650 1095 786 1135 patrem
801 1101 908 1135 quam
926 1088 1040 1121 filium
1053 1114 1061 1130 ,
1083 1087 1242 1121 abscissis
1260 1087 1419 1120 virilibus
1431 1114 1439 1129 ,
1457 1086 1606 1132 privavit
1624 1086 1746 1120 oculis.
1768 1087 1870 1120 Anno
1885 1086 2026 1121 Domini

510 1147 640 1188 DCCC„
660 1147 811 1181 Leonem
836 1159 963 1193 papam
977 1173 984 1187 ,
1011 1146 1248 1180 celebritatem
1269 1145 1408 1179 litaniae
1430 1144 1571 1190 majoris
1595 1151 1778 1192 agentem,
1799 1145 1948 1179 Romani
1966 1157 2026 1179 ca-

510 1207 614 1252 piunt
630 1212 664 1239 et
682 1206 838 1253 linguam
861 1205 892 1238 ei
913 1204 1106 1250 oculosque
1128 1204 1293 1237 evellunt.
1319 1203 1383 1237 Cui
1405 1215 1489 1237 voce
1511 1209 1546 1236 et
1568 1203 1644 1236 visu
1667 1202 1836 1237 divinitus
1861 1202 2029 1245 reddito,

510 1265 636 1299 iterum
653 1264 773 1298 oculos
787 1264 941 1297 evellunt
955 1270 987 1296 et
1003 1263 1159 1310 linguam
1176 1262 1344 1296 radicitus
1359 1261 1538 1295 excidunt.
1558 1261 1627 1303 Qui
1641 1261 1685 1296 de
1699 1261 1857 1296 custodia
1867 1262 2026 1308 ipsorum

510 1335 581 1370 qua
599 1323 785 1356 tenebatur
803 1322 960 1367 elapsus,
986 1321 1148 1368 confugit
1165 1320 1210 1354 ad
1229 1320 1407 1354 Karolum.
1434 1321 1475 1354 At
1496 1320 1622 1354 Karolo
1640 1332 1722 1354 cum
1744 1321 1968 1354 nuntiaretur
1980 1319 2025 1354 de

513 1394 594 1415 casu
610 1381 735 1414 Leonis
751 1392 861 1426 papae
880 1380 915 1412 in
930 1379 1075 1421 balneo,
1098 1378 1222 1412 sedens
1237 1378 1303 1412 sub
1321 1391 1427 1412 manu
1444 1378 1595 1412 tonsoris
1609 1378 1774 1412 nuntium
1790 1378 1936 1412 audivit.
1956 1378 2027 1420 Qui

514 1452 593 1473 mox
612 1438 656 1472 de
676 1439 801 1472 balneo
823 1437 981 1480 exiliens,
999 1437 1131 1482 jurarit
1148 1443 1331 1470 tonsuram
1349 1436 1414 1470 sibi
1433 1448 1505 1470 non
1524 1435 1775 1482 perficiendam
1787 1463 1796 1479 ,
1817 1436 1930 1471 donec
1948 1438 2028 1471 vin—

513 1497 606 1531 dicta
626 1497 716 1531 facta
737 1508 864 1542 papam
888 1495 961 1529 sedi
981 1507 1062 1529 suae
1081 1495 1301 1537 restitueret,
1323 1494 1421 1540 quod
1440 1495 1487 1528 ita
1507 1495 1639 1528 factum
1660 1501 1723 1527 est.
1744 1495 1846 1529 Anno
1860 1495 2024 1539 DCCCII,

514 1556 661 1590 Romani
676 1567 775 1596 vero,
792 1554 984 1588 occasionis
998 1560 1140 1599 accepta
1155 1553 1439 1599 opportunitate,
1461 1553 1544 1599 quia
1563 1553 1688 1586 mulier
1702 1552 1901 1598 parricidali
1915 1553 2027 1589 auda-

514 1615 566 1648 cia
583 1614 768 1659 imperium
780 1620 1025 1659 usurpaverat,
1038 1625 1111 1646 uno
1125 1612 1285 1645 omnium
1301 1624 1475 1645 consensu
1486 1639 1494 1654 ,
1510 1612 1752 1657 imperatorias
1768 1611 1887 1646 laudes
1901 1612 2027 1647 Karolo

515 1673 708 1706 acclamant
721 1684 875 1717 eumque
894 1683 956 1716 per
972 1683 1118 1704 manum
1134 1671 1258 1704 Leonis
1277 1682 1386 1716 papae
1401 1676 1572 1703 coronant
1582 1669 1762 1703 Caesarem
1778 1676 1814 1704 et
1829 1671 2029 1718 Augustum

514 1730 691 1777 appellant
709 1736 744 1763 et
764 1735 936 1763 statuunt.
964 1730 1079 1762 Aaron
1103 1729 1230 1762 amiras
1250 1728 1373 1762 Carolo
1396 1729 1432 1761 in
1457 1728 1638 1761 Franciam
1661 1728 1756 1762 misit
1774 1728 1866 1762 inter
1892 1736 2028 1764 caetera

514 1801 590 1823 ossa
606 1789 697 1822 beati
717 1788 881 1834 Cypriani
896 1787 1168 1835 Kartaginiensis
1190 1786 1344 1833 episcopi
1363 1792 1398 1820 et
1419 1786 1601 1832 martyriS,
1626 1792 1661 1819 et
1682 1792 1789 1832 caput
1807 1786 2028 1822 Pantaleonis

515 1848 691 1894 martyris.

563 1907 611 1940 Ex
629 1918 700 1952 quo
720 1905 915 1938 Bizantium
930 1917 950 1938 a
968 1904 1198 1938 Constantino
1213 1916 1342 1952 magno
1355 1904 1391 1937 in
1406 1903 1525 1938 sedem
1540 1903 1678 1949 imperii
1694 1902 1879 1937 dedicatur
1891 1910 1927 1938 et
1939 1917 2028 1939 nova

515 1965 624 2000 Roma
648 1970 699 1998 est
717 1964 907 2009 appellata,
930 1964 1076 1997 evolutis
1095 1964 1195 1997 annis
1213 1963 1352 1997 circiter
1370 1962 1640 2006 CCCCLXVIII,
1661 1961 1773 1996 diviso
1791 1975 1811 1996 a
1828 1962 2029 1998 Constanti-

514 2024 633 2070 nopoli
660 2035 806 2056 romano
830 2023 999 2068 imperio,
1027 2035 1176 2070 magnus
1201 2022 1348 2056 Karolus
1372 2034 1431 2055 rex
1451 2022 1664 2055 Francorum
1688 2021 1824 2067 primus
1845 2021 2030 2068 imperavit

515 2082 679 2116 Romanis
693 2082 792 2115 annis
806 2081 890 2127 xiiij,
907 2088 941 2114 et
955 2081 1072 2115 sedem
1089 2081 1305 2127 imperialem
1317 2094 1337 2115 a
1351 2081 1505 2114 Bizantio
1517 2081 1664 2114 Romam
1673 2080 1866 2124 transtulit,
1877 2081 1939 2127 qui
1949 2093 2030 2115 mox

514 2154 576 2187 per
593 2153 698 2174 omne
711 2140 901 2186 imperium
915 2152 1020 2173 suum
1035 2140 1167 2187 legatos
1185 2139 1231 2173 ad
1250 2139 1451 2174 faciendum
1465 2138 1643 2185 judicium
1657 2144 1692 2172 et
1705 2138 1880 2184 justitiam
1893 2140 2029 2174 cunctis

515 2199 636 2248 dirigit
653 2205 687 2232 et
703 2199 787 2246 legis
806 2198 958 2232 instituit
979 2199 1131 2244 capitula
1148 2198 1253 2244 xxvij.
1275 2198 1413 2244 Hyrene
1432 2197 1635 2243 imperatrix
1647 2223 1656 2241 ,
1676 2197 1827 2242 imperio
1845 2196 2003 2244 deposita
2015 2225 2024 2242 ,

515 2260 550 2292 in
569 2259 669 2292 exilio
685 2258 849 2301 moritur,
870 2264 906 2290 et
920 2257 1142 2303 Nicephorus
1161 2257 1257 2303 apud
1272 2257 1467 2291 Bizantium
1482 2256 1634 2302 imperat
1647 2255 1747 2305 annis
1762 2255 1835 2301 viij.

563 2318 664 2350 Anno
683 2315 837 2358 DCCCV,
861 2316 978 2357 Avari,
1007 2315 1069 2362 qui
1093 2322 1128 2349 et
1150 2316 1264 2359 Huni,
1286 2316 1392 2363 longo
1417 2321 1540 2349 contra
1559 2314 1708 2347 Francos
1730 2313 1822 2347 bello
1841 2313 1930 2348 adeo
1947 2321 2029 2348 sunt

517 2374 724 2421 perdomiti,
741 2381 781 2407 ut
794 2373 973 2420 quidquid
992 2374 1147 2408 thesauri
1166 2387 1229 2420 per
1243 2381 1295 2408 tot
1313 2374 1428 2409 secula
1443 2373 1566 2408 orbem
1584 2379 1760 2406 terrarum
1777 2372 1950 2407 vincendo
1963 2372 2028 2406 sibi

517 2439 781 2481 congesserant,
796 2439 912 2465 totum
928 2433 1093 2466 victoriae
1108 2432 1223 2466 Karoli
1239 2432 1346 2467 modo
1361 2432 1519 2474 cesserit,
1536 2431 1597 2477 qui
1612 2443 1671 2464 eos
1686 2437 1766 2464 ante
1781 2443 1816 2464 se
1830 2430 2028 2465 debilitatos

516 2504 596 2525 cum
616 2492 691 2537 ipso
709 2503 772 2524 suo
792 2491 934 2524 nomine
949 2491 1090 2536 penitus
1107 2491 1314 2526 annihilavit
1332 2492 1423 2525 inter
1442 2490 1622 2525 Sabariam
1641 2496 1676 2523 et
1694 2489 1948 2533 Carantanum,
1967 2489 2028 2524 ha-

2130 1994 2137 2133 -——-
2134 1916 2137 1957 —
