<?xml version="1.0" encoding="UTF-8"?>
<!DOCTYPE html PUBLIC "-//W3C//DTD XHTML 1.0 Transitional//EN"
    "http://www.w3.org/TR/xhtml1/DTD/xhtml1-transitional.dtd">
<html xmlns="http://www.w3.org/1999/xhtml" xml:lang="en" lang="en">
 <head>
  <title>
</title>
<meta http-equiv="Content-Type" content="text/html;charset=utf-8" />
  <meta name='ocr-system' content='tesseract 3.04.00' />
  <meta name='ocr-capabilities' content='ocr_page ocr_carea ocr_par ocr_line ocrx_word'/>
</head>
<body>
  <div class='ocr_page' id='page_1' title='image "./corpuschronicoru02smetuoft_0148.png"; bbox 0 0 2137 3131; ppageno 0'>
   <div class='ocr_carea' id='block_1_1' title="bbox 403 386 1562 427">
    <p class='ocr_par' dir='ltr' id='par_1_1' title="bbox 403 386 1562 427">
     <span class='ocr_line' id='line_1_1' title="bbox 403 386 1562 427; baseline -0.002 -6"><span class='ocrx_word' id='word_1_1' title='bbox 403 395 466 427; x_wconf 67' lang='lat'>{26</span> <span class='ocrx_word' id='word_1_2' title='bbox 735 391 820 423; x_wconf 74' lang='lat' dir='ltr'>COR</span> <span class='ocrx_word' id='word_1_3' title='bbox 830 388 910 422; x_wconf 77' lang='lat' dir='ltr'>l&#39;US</span> <span class='ocrx_word' id='word_1_4' title='bbox 937 387 1086 421; x_wconf 69' lang='lat' dir='ltr'>CIlltON</span> <span class='ocrx_word' id='word_1_5' title='bbox 1096 386 1268 420; x_wconf 73' lang='lat' dir='ltr'><strong>{CORUM</strong></span> <span class='ocrx_word' id='word_1_6' title='bbox 1300 386 1562 421; x_wconf 64' lang='lat' dir='ltr'>FLANDRIAE.</span> 
     </span>
    </p>
   </div>
   <div class='ocr_carea' id='block_1_2' title="bbox 393 493 1927 2537">
    <p class='ocr_par' dir='ltr' id='par_1_2' title="bbox 393 493 1923 1651">
     <span class='ocr_line' id='line_1_2' title="bbox 396 493 1915 539; baseline -0.005 -4"><span class='ocrx_word' id='word_1_7' title='bbox 396 501 553 535; x_wconf 63' lang='lat' dir='ltr'>videlicet</span> <span class='ocrx_word' id='word_1_8' title='bbox 574 498 670 531; x_wconf 77' lang='lat' dir='ltr'>electi</span> <span class='ocrx_word' id='word_1_9' title='bbox 692 504 722 529; x_wconf 85' lang='lat' dir='ltr'>et</span> <span class='ocrx_word' id='word_1_10' title='bbox 744 502 961 537; x_wconf 75' lang='lat' dir='ltr'>conventus.</span> <span class='ocrx_word' id='word_1_11' title='bbox 985 506 1024 527; x_wconf 87' lang='lat' dir='ltr'>ac</span> <span class='ocrx_word' id='word_1_12' title='bbox 1045 494 1150 526; x_wconf 81' lang='lat' dir='ltr'>etiarn</span> <span class='ocrx_word' id='word_1_13' title='bbox 1177 493 1455 539; x_wconf 60' lang='lat' dir='ltr'>possidentium.</span> <span class='ocrx_word' id='word_1_14' title='bbox 1479 493 1638 527; x_wconf 80' lang='lat' dir='ltr'>redditus</span> <span class='ocrx_word' id='word_1_15' title='bbox 1659 494 1864 528; x_wconf 76' lang='lat' dir='ltr'>habentium</span> <span class='ocrx_word' id='word_1_16' title='bbox 1885 502 1915 527; x_wconf 85' lang='lat' dir='ltr'>et</span> 
     </span>
     <span class='ocr_line' id='line_1_3' title="bbox 396 553 1919 601; baseline -0.005 -9"><span class='ocrx_word' id='word_1_17' title='bbox 396 559 624 593; x_wconf 66' lang='lat' dir='ltr'>creditorum.</span> <span class='ocrx_word' id='word_1_18' title='bbox 645 556 690 588; x_wconf 67' lang='lat' dir='ltr'>tio</span> <span class='ocrx_word' id='word_1_19' title='bbox 706 561 864 599; x_wconf 63' lang='lat' dir='ltr'>tempore.</span> <span class='ocrx_word' id='word_1_20' title='bbox 879 553 995 586; x_wconf 81' lang='lat' dir='ltr'>dictus</span> <span class='ocrx_word' id='word_1_21' title='bbox 1009 553 1140 585; x_wconf 73' lang='lat' dir='ltr'>electus</span> <span class='ocrx_word' id='word_1_22' title='bbox 1156 553 1439 598; x_wconf 68' lang='lat' dir='ltr'>prosc({uebatur</span> <span class='ocrx_word' id='word_1_23' title='bbox 1457 565 1519 585; x_wconf 82' lang='lat' dir='ltr'>sua</span> <span class='ocrx_word' id='word_1_24' title='bbox 1537 553 1677 599; x_wconf 72' lang='lat' dir='ltr'>negotia</span> <span class='ocrx_word' id='word_1_25' title='bbox 1692 564 1774 585; x_wconf 81' lang='lat' dir='ltr'>cuni</span> <span class='ocrx_word' id='word_1_26' title='bbox 1790 566 1919 601; x_wconf 69' lang='lat' dir='ltr'>magno</span> 
     </span>
     <span class='ocr_line' id='line_1_4' title="bbox 398 610 1919 657; baseline -0.005 -6"><span class='ocrx_word' id='word_1_27' title='bbox 398 619 534 651; x_wconf 76' lang='lat' dir='ltr'>labore.</span> <span class='ocrx_word' id='word_1_28' title='bbox 557 615 650 647; x_wconf 78' lang='lat' dir='ltr'>solus</span> <span class='ocrx_word' id='word_1_29' title='bbox 669 626 751 646; x_wconf 86' lang='lat' dir='ltr'>cuni</span> <span class='ocrx_word' id='word_1_30' title='bbox 768 625 838 645; x_wconf 89' lang='lat' dir='ltr'>uno</span> <span class='ocrx_word' id='word_1_31' title='bbox 856 611 990 646; x_wconf 84' lang='lat' dir='ltr'>famulo</span> <span class='ocrx_word' id='word_1_32' title='bbox 1010 610 1204 657; x_wconf 83' lang='lat' dir='ltr'>equitando</span> <span class='ocrx_word' id='word_1_33' title='bbox 1225 617 1260 644; x_wconf 86' lang='lat' dir='ltr'>et</span> <span class='ocrx_word' id='word_1_34' title='bbox 1279 623 1448 657; x_wconf 78' lang='lat' dir='ltr'>expensas</span> <span class='ocrx_word' id='word_1_35' title='bbox 1469 624 1548 644; x_wconf 88' lang='lat' dir='ltr'>suas</span> <span class='ocrx_word' id='word_1_36' title='bbox 1571 611 1719 644; x_wconf 84' lang='lat' dir='ltr'>faciens.</span> <span class='ocrx_word' id='word_1_37' title='bbox 1747 611 1919 645; x_wconf 86' lang='lat' dir='ltr'>mittendo</span> 
     </span>
     <span class='ocr_line' id='line_1_5' title="bbox 396 669 1920 717; baseline -0.004 -8"><span class='ocrx_word' id='word_1_38' title='bbox 396 677 499 709; x_wconf 81' lang='lat' dir='ltr'>etiam</span> <span class='ocrx_word' id='word_1_39' title='bbox 521 673 563 706; x_wconf 86' lang='lat' dir='ltr'>ad</span> <span class='ocrx_word' id='word_1_40' title='bbox 584 672 717 706; x_wconf 88' lang='lat' dir='ltr'>curiam</span> <span class='ocrx_word' id='word_1_41' title='bbox 737 671 781 705; x_wconf 90' lang='lat' dir='ltr'>de</span> <span class='ocrx_word' id='word_1_42' title='bbox 803 671 878 713; x_wconf 62' lang='lat' dir='ltr'>his.</span> <span class='ocrx_word' id='word_1_43' title='bbox 903 682 993 717; x_wconf 80' lang='lat' dir='ltr'>quae</span> <span class='ocrx_word' id='word_1_44' title='bbox 1014 682 1032 703; x_wconf 91' lang='lat' dir='ltr'>a</span> <span class='ocrx_word' id='word_1_45' title='bbox 1053 669 1264 715; x_wconf 77' lang='lat' dir='ltr'>propinquis</span> <span class='ocrx_word' id='word_1_46' title='bbox 1288 670 1359 703; x_wconf 86' lang='lat' dir='ltr'>suis</span> <span class='ocrx_word' id='word_1_47' title='bbox 1381 677 1415 703; x_wconf 90' lang='lat' dir='ltr'>et.</span> <span class='ocrx_word' id='word_1_48' title='bbox 1439 670 1559 703; x_wconf 79' lang='lat' dir='ltr'>amicis</span> <span class='ocrx_word' id='word_1_49' title='bbox 1578 677 1674 704; x_wconf 88' lang='lat' dir='ltr'>erant</span> <span class='ocrx_word' id='word_1_50' title='bbox 1693 671 1757 703; x_wconf 90' lang='lat' dir='ltr'>sibi</span> <span class='ocrx_word' id='word_1_51' title='bbox 1778 682 1920 704; x_wconf 90' lang='lat' dir='ltr'>accom-</span> 
     </span>
     <span class='ocr_line' id='line_1_6' title="bbox 398 728 1916 776; baseline -0.003 -10"><span class='ocrx_word' id='word_1_52' title='bbox 398 733 533 767; x_wconf 78' lang='lat' dir='ltr'>modata</span> <span class='ocrx_word' id='word_1_53' title='bbox 565 738 596 763; x_wconf 79' lang='lat' dir='ltr'>et</span> <span class='ocrx_word' id='word_1_54' title='bbox 632 730 808 776; x_wconf 81' lang='lat' dir='ltr'>praestita.</span> <span class='ocrx_word' id='word_1_55' title='bbox 842 730 989 776; x_wconf 81' lang='lat' dir='ltr'>Fuitque</span> <span class='ocrx_word' id='word_1_56' title='bbox 1022 729 1057 762; x_wconf 90' lang='lat' dir='ltr'>in</span> <span class='ocrx_word' id='word_1_57' title='bbox 1085 729 1149 761; x_wconf 76' lang='lat' dir='ltr'>illis</span> <span class='ocrx_word' id='word_1_58' title='bbox 1178 728 1357 762; x_wconf 77' lang='lat' dir='ltr'>laboribus</span> <span class='ocrx_word' id='word_1_59' title='bbox 1384 742 1445 774; x_wconf 81' lang='lat' dir='ltr'>per</span> <span class='ocrx_word' id='word_1_60' title='bbox 1477 741 1611 762; x_wconf 88' lang='lat' dir='ltr'>annum</span> <span class='ocrx_word' id='word_1_61' title='bbox 1641 736 1673 762; x_wconf 80' lang='lat' dir='ltr'>et</span> <span class='ocrx_word' id='word_1_62' title='bbox 1704 728 1893 763; x_wconf 87' lang='lat' dir='ltr'>dimidium</span> <span class='ocrx_word' id='word_1_63' title='bbox 1909 757 1916 771; x_wconf 69' lang='lat'>.</span> 
     </span>
     <span class='ocr_line' id='line_1_7' title="bbox 394 787 1920 836; baseline -0.003 -10"><span class='ocrx_word' id='word_1_64' title='bbox 394 799 583 836; x_wconf 71' lang='lat' dir='ltr'>autequam</span> <span class='ocrx_word' id='word_1_65' title='bbox 597 797 710 836; x_wconf 87' lang='lat' dir='ltr'>posset</span> <span class='ocrx_word' id='word_1_66' title='bbox 733 801 864 822; x_wconf 77' lang='lat' dir='ltr'>munus</span> <span class='ocrx_word' id='word_1_67' title='bbox 878 787 1135 822; x_wconf 70' lang='lat' dir='ltr'>benedictionis</span> <span class='ocrx_word' id='word_1_68' title='bbox 1150 787 1287 833; x_wconf 78' lang='lat' dir='ltr'>assequi</span> <span class='ocrx_word' id='word_1_69' title='bbox 1306 794 1339 820; x_wconf 86' lang='lat' dir='ltr'>et</span> <span class='ocrx_word' id='word_1_70' title='bbox 1359 787 1490 820; x_wconf 87' lang='lat' dir='ltr'>habere</span> <span class='ocrx_word' id='word_1_71' title='bbox 1510 794 1655 833; x_wconf 84' lang='lat' dir='ltr'>propter</span> <span class='ocrx_word' id='word_1_72' title='bbox 1675 788 1785 821; x_wconf 88' lang='lat' dir='ltr'>multa</span> <span class='ocrx_word' id='word_1_73' title='bbox 1805 788 1920 834; x_wconf 88' lang='lat' dir='ltr'>impe-</span> 
     </span>
     <span class='ocr_line' id='line_1_8' title="bbox 394 846 1919 895; baseline -0.002 -12"><span class='ocrx_word' id='word_1_74' title='bbox 394 851 566 884; x_wconf 81' lang='lat' dir='ltr'>dimenta.</span> <span class='ocrx_word' id='word_1_75' title='bbox 589 862 680 895; x_wconf 83' lang='lat' dir='ltr'>quae</span> <span class='ocrx_word' id='word_1_76' title='bbox 699 849 764 882; x_wconf 80' lang='lat' dir='ltr'>sibi</span> <span class='ocrx_word' id='word_1_77' title='bbox 783 853 995 890; x_wconf 75' lang='lat' dir='ltr'>evenerunt7</span> <span class='ocrx_word' id='word_1_78' title='bbox 1016 847 1106 880; x_wconf 88' lang='lat' dir='ltr'>sicut</span> <span class='ocrx_word' id='word_1_79' title='bbox 1126 846 1272 879; x_wconf 88' lang='lat' dir='ltr'>inferius</span> <span class='ocrx_word' id='word_1_80' title='bbox 1290 846 1487 892; x_wconf 81' lang='lat' dir='ltr'>apparebit.</span> <span class='ocrx_word' id='word_1_81' title='bbox 1512 846 1669 880; x_wconf 74' lang='lat' dir='ltr'>Tenebat</span> <span class='ocrx_word' id='word_1_82' title='bbox 1687 847 1800 889; x_wconf 55' lang='lat' dir='ltr'>enim„</span> <span class='ocrx_word' id='word_1_83' title='bbox 1818 853 1849 880; x_wconf 91' lang='lat' dir='ltr'>et</span> <span class='ocrx_word' id='word_1_84' title='bbox 1871 847 1919 880; x_wconf 91' lang='lat' dir='ltr'>sic</span> 
     </span>
     <span class='ocr_line' id='line_1_9' title="bbox 393 904 1917 952; baseline -0.002 -10"><span class='ocrx_word' id='word_1_85' title='bbox 393 909 532 942; x_wconf 77' lang='lat' dir='ltr'>(licebat</span> <span class='ocrx_word' id='word_1_86' title='bbox 555 909 585 941; x_wconf 91' lang='lat' dir='ltr'>ei</span> <span class='ocrx_word' id='word_1_87' title='bbox 613 908 779 941; x_wconf 80' lang='lat' dir='ltr'>dominus</span> <span class='ocrx_word' id='word_1_88' title='bbox 805 907 991 952; x_wconf 85' lang='lat' dir='ltr'>episcopus</span> <span class='ocrx_word' id='word_1_89' title='bbox 1019 905 1268 947; x_wconf 62' lang='lat' dir='ltr'>Tornaeensis.</span> <span class='ocrx_word' id='word_1_90' title='bbox 1291 904 1390 951; x_wconf 88' lang='lat' dir='ltr'>quod</span> <span class='ocrx_word' id='word_1_91' title='bbox 1416 904 1461 938; x_wconf 90' lang='lat' dir='ltr'>de</span> <span class='ocrx_word' id='word_1_92' title='bbox 1488 906 1653 948; x_wconf 69' lang='lat' dir='ltr'>servitiis.</span> <span class='ocrx_word' id='word_1_93' title='bbox 1676 913 1710 939; x_wconf 87' lang='lat' dir='ltr'>ut</span> <span class='ocrx_word' id='word_1_94' title='bbox 1737 905 1917 946; x_wconf 58' lang='lat' dir='ltr'>audierat.</span> 
     </span>
     <span class='ocr_line' id='line_1_10' title="bbox 395 964 1921 1012; baseline -0.001 -12"><span class='ocrx_word' id='word_1_95' title='bbox 395 968 480 1000; x_wconf 90' lang='lat' dir='ltr'>liber</span> <span class='ocrx_word' id='word_1_96' title='bbox 492 973 593 999; x_wconf 78' lang='lat' dir='ltr'>esset.</span> <span class='ocrx_word' id='word_1_97' title='bbox 615 966 738 999; x_wconf 87' lang='lat' dir='ltr'>Habita</span> <span class='ocrx_word' id='word_1_98' title='bbox 756 965 864 1012; x_wconf 70' lang='lat' dir='ltr'>igitur</span> <span class='ocrx_word' id='word_1_99' title='bbox 880 976 949 997; x_wconf 89' lang='lat' dir='ltr'>una</span> <span class='ocrx_word' id='word_1_100' title='bbox 964 964 1079 997; x_wconf 88' lang='lat' dir='ltr'>littera</span> <span class='ocrx_word' id='word_1_101' title='bbox 1092 991 1100 1006; x_wconf 69' lang='lat'>.</span> <span class='ocrx_word' id='word_1_102' title='bbox 1122 964 1155 997; x_wconf 89' lang='lat' dir='ltr'>in</span> <span class='ocrx_word' id='word_1_103' title='bbox 1174 977 1244 1010; x_wconf 93' lang='lat' dir='ltr'>qua</span> <span class='ocrx_word' id='word_1_104' title='bbox 1259 964 1546 998; x_wconf 88' lang='lat' dir='ltr'>continebantur.</span> <span class='ocrx_word' id='word_1_105' title='bbox 1568 977 1659 1011; x_wconf 82' lang='lat' dir='ltr'>quae</span> <span class='ocrx_word' id='word_1_106' title='bbox 1674 971 1774 998; x_wconf 83' lang='lat' dir='ltr'>erant</span> <span class='ocrx_word' id='word_1_107' title='bbox 1793 976 1921 1010; x_wconf 89' lang='lat' dir='ltr'>oppor-</span> 
     </span>
     <span class='ocr_line' id='line_1_11' title="bbox 394 1023 1919 1066; baseline -0.002 -7"><span class='ocrx_word' id='word_1_108' title='bbox 394 1034 477 1059; x_wconf 86' lang='lat' dir='ltr'>tuna</span> <span class='ocrx_word' id='word_1_109' title='bbox 506 1026 608 1059; x_wconf 83' lang='lat' dir='ltr'>missa</span> <span class='ocrx_word' id='word_1_110' title='bbox 635 1038 654 1058; x_wconf 88' lang='lat' dir='ltr'>a</span> <span class='ocrx_word' id='word_1_111' title='bbox 681 1024 777 1058; x_wconf 89' lang='lat' dir='ltr'>dicto</span> <span class='ocrx_word' id='word_1_112' title='bbox 805 1024 1013 1066; x_wconf 55' lang='lat' dir='ltr'>Lamberto.</span> <span class='ocrx_word' id='word_1_113' title='bbox 1048 1024 1194 1056; x_wconf 83' lang='lat' dir='ltr'>consilio</span> <span class='ocrx_word' id='word_1_114' title='bbox 1224 1023 1348 1056; x_wconf 87' lang='lat' dir='ltr'>habito</span> <span class='ocrx_word' id='word_1_115' title='bbox 1381 1035 1463 1057; x_wconf 89' lang='lat' dir='ltr'>cum</span> <span class='ocrx_word' id='word_1_116' title='bbox 1497 1030 1691 1058; x_wconf 67' lang='lat' dir='ltr'>conventu.</span> <span class='ocrx_word' id='word_1_117' title='bbox 1725 1023 1769 1057; x_wconf 90' lang='lat' dir='ltr'>de</span> <span class='ocrx_word' id='word_1_118' title='bbox 1796 1035 1919 1057; x_wconf 86' lang='lat' dir='ltr'>eorum</span> 
     </span>
     <span class='ocr_line' id='line_1_12' title="bbox 395 1082 1919 1128; baseline -0.002 -10"><span class='ocrx_word' id='word_1_119' title='bbox 395 1086 571 1118; x_wconf 66' lang='lat' dir='ltr'>voluntate</span> <span class='ocrx_word' id='word_1_120' title='bbox 586 1084 680 1117; x_wconf 81' lang='lat' dir='ltr'>misit</span> <span class='ocrx_word' id='word_1_121' title='bbox 693 1083 880 1117; x_wconf 88' lang='lat' dir='ltr'>dominum</span> <span class='ocrx_word' id='word_1_122' title='bbox 896 1082 1128 1125; x_wconf 59' lang='lat' dir='ltr'>Gossuinum.</span> <span class='ocrx_word' id='word_1_123' title='bbox 1146 1082 1447 1116; x_wconf 87' lang='lat' dir='ltr'>commonachum</span> <span class='ocrx_word' id='word_1_124' title='bbox 1462 1089 1497 1115; x_wconf 85' lang='lat' dir='ltr'>et</span> <span class='ocrx_word' id='word_1_125' title='bbox 1517 1089 1681 1128; x_wconf 89' lang='lat' dir='ltr'>nepotem</span> <span class='ocrx_word' id='word_1_126' title='bbox 1696 1095 1819 1126; x_wconf 61' lang='lat' dir='ltr'>suum.</span> <span class='ocrx_word' id='word_1_127' title='bbox 1838 1094 1919 1116; x_wconf 89' lang='lat' dir='ltr'>cum</span> 
     </span>
     <span class='ocr_line' id='line_1_13' title="bbox 394 1140 1922 1189; baseline -0.001 -13"><span class='ocrx_word' id='word_1_128' title='bbox 394 1142 639 1189; x_wconf 70' lang='lat' dir='ltr'>procuratorio</span> <span class='ocrx_word' id='word_1_129' title='bbox 660 1142 726 1175; x_wconf 83' lang='lat' dir='ltr'>sub</span> <span class='ocrx_word' id='word_1_130' title='bbox 746 1142 859 1189; x_wconf 78' lang='lat' dir='ltr'>sigillo</span> <span class='ocrx_word' id='word_1_131' title='bbox 878 1153 960 1183; x_wconf 58' lang='lat' dir='ltr'>suo.</span> <span class='ocrx_word' id='word_1_132' title='bbox 979 1141 1014 1174; x_wconf 91' lang='lat' dir='ltr'>in</span> <span class='ocrx_word' id='word_1_133' title='bbox 1034 1153 1107 1187; x_wconf 87' lang='lat' dir='ltr'>quo</span> <span class='ocrx_word' id='word_1_134' title='bbox 1128 1147 1227 1174; x_wconf 88' lang='lat' dir='ltr'>erant</span> <span class='ocrx_word' id='word_1_135' title='bbox 1247 1140 1332 1174; x_wconf 86' lang='lat' dir='ltr'>dieti</span> <span class='ocrx_word' id='word_1_136' title='bbox 1352 1141 1562 1174; x_wconf 89' lang='lat' dir='ltr'>Lambertus</span> <span class='ocrx_word' id='word_1_137' title='bbox 1576 1147 1611 1174; x_wconf 87' lang='lat' dir='ltr'>et</span> <span class='ocrx_word' id='word_1_138' title='bbox 1629 1140 1822 1174; x_wconf 86' lang='lat' dir='ltr'>Gossuinus</span> <span class='ocrx_word' id='word_1_139' title='bbox 1837 1153 1922 1186; x_wconf 86' lang='lat' dir='ltr'>pro-</span> 
     </span>
     <span class='ocr_line' id='line_1_14' title="bbox 394 1199 1921 1246; baseline -0.003 -10"><span class='ocrx_word' id='word_1_140' title='bbox 394 1209 573 1236; x_wconf 78' lang='lat' dir='ltr'>curatores</span> <span class='ocrx_word' id='word_1_141' title='bbox 597 1201 778 1235; x_wconf 85' lang='lat' dir='ltr'>constituti</span> <span class='ocrx_word' id='word_1_142' title='bbox 792 1227 799 1239; x_wconf 52' lang='grc'>.,</span> <span class='ocrx_word' id='word_1_143' title='bbox 818 1200 976 1233; x_wconf 83' lang='lat' dir='ltr'>nesciens</span> <span class='ocrx_word' id='word_1_144' title='bbox 994 1199 1092 1245; x_wconf 88' lang='lat' dir='ltr'>quod</span> <span class='ocrx_word' id='word_1_145' title='bbox 1112 1206 1290 1245; x_wconf 83' lang='lat' dir='ltr'>oporteret</span> <span class='ocrx_word' id='word_1_146' title='bbox 1312 1199 1387 1232; x_wconf 85' lang='lat' dir='ltr'>fieri</span> <span class='ocrx_word' id='word_1_147' title='bbox 1410 1199 1497 1233; x_wconf 91' lang='lat' dir='ltr'>illud</span> <span class='ocrx_word' id='word_1_148' title='bbox 1518 1199 1617 1246; x_wconf 87' lang='lat' dir='ltr'>quod</span> <span class='ocrx_word' id='word_1_149' title='bbox 1639 1199 1820 1242; x_wconf 72' lang='lat' dir='ltr'>fece1·unt‚</span> <span class='ocrx_word' id='word_1_150' title='bbox 1838 1200 1921 1246; x_wconf 89' lang='lat' dir='ltr'>quia</span> 
     </span>
     <span class='ocr_line' id='line_1_15' title="bbox 395 1257 1922 1307; baseline -0.002 -13"><span class='ocrx_word' id='word_1_151' title='bbox 395 1262 421 1294; x_wconf 72' lang='lat' dir='ltr'>si</span> <span class='ocrx_word' id='word_1_152' title='bbox 446 1272 610 1307; x_wconf 82' lang='lat' dir='ltr'>praesens</span> <span class='ocrx_word' id='word_1_153' title='bbox 636 1260 757 1293; x_wconf 88' lang='lat' dir='ltr'>fuisset</span> <span class='ocrx_word' id='word_1_154' title='bbox 786 1259 904 1304; x_wconf 88' lang='lat' dir='ltr'>potius</span> <span class='ocrx_word' id='word_1_155' title='bbox 937 1258 1145 1305; x_wconf 79' lang='lat' dir='ltr'>resignasset</span> <span class='ocrx_word' id='word_1_156' title='bbox 1171 1257 1243 1302; x_wconf 87' lang='lat' dir='ltr'>juri</span> <span class='ocrx_word' id='word_1_157' title='bbox 1271 1258 1385 1300; x_wconf 70' lang='lat' dir='ltr'>omni.</span> <span class='ocrx_word' id='word_1_158' title='bbox 1416 1257 1514 1303; x_wconf 84' lang='lat' dir='ltr'>quod</span> <span class='ocrx_word' id='word_1_159' title='bbox 1542 1258 1717 1292; x_wconf 84' lang='lat' dir='ltr'>habebat.</span> <span class='ocrx_word' id='word_1_160' title='bbox 1751 1270 1860 1304; x_wconf 87' lang='lat' dir='ltr'>quam</span> <span class='ocrx_word' id='word_1_161' title='bbox 1887 1270 1922 1291; x_wconf 90' lang='lat' dir='ltr'>se</span> 
     </span>
     <span class='ocr_line' id='line_1_16' title="bbox 396 1316 1919 1367; baseline -0.001 -16"><span class='ocrx_word' id='word_1_162' title='bbox 396 1320 584 1367; x_wconf 76' lang='lat' dir='ltr'>obligasset</span> <span class='ocrx_word' id='word_1_163' title='bbox 603 1318 647 1352; x_wconf 87' lang='lat' dir='ltr'>ad</span> <span class='ocrx_word' id='word_1_164' title='bbox 666 1317 753 1351; x_wconf 89' lang='lat' dir='ltr'>illud</span> <span class='ocrx_word' id='word_1_165' title='bbox 772 1317 817 1351; x_wconf 88' lang='lat' dir='ltr'>ad</span> <span class='ocrx_word' id='word_1_166' title='bbox 836 1316 934 1363; x_wconf 88' lang='lat' dir='ltr'>quod</span> <span class='ocrx_word' id='word_1_167' title='bbox 949 1317 1016 1350; x_wconf 88' lang='lat' dir='ltr'>fuit</span> <span class='ocrx_word' id='word_1_168' title='bbox 1031 1330 1094 1363; x_wconf 87' lang='lat' dir='ltr'>per</span> <span class='ocrx_word' id='word_1_169' title='bbox 1113 1316 1312 1362; x_wconf 84' lang='lat' dir='ltr'>praedictos</span> <span class='ocrx_word' id='word_1_170' title='bbox 1332 1323 1579 1362; x_wconf 83' lang='lat' dir='ltr'>procuratores</span> <span class='ocrx_word' id='word_1_171' title='bbox 1598 1317 1792 1364; x_wconf 61' lang='lat' dir='ltr'>obligatus3</span> <span class='ocrx_word' id='word_1_172' title='bbox 1815 1317 1899 1363; x_wconf 86' lang='lat' dir='ltr'>quia</span> <span class='ocrx_word' id='word_1_173' title='bbox 1911 1344 1919 1350; x_wconf 90' lang='lat'>.</span> 
     </span>
     <span class='ocr_line' id='line_1_17' title="bbox 397 1374 1919 1425; baseline -0.002 -13"><span class='ocrx_word' id='word_1_174' title='bbox 397 1379 488 1425; x_wconf 88' lang='lat' dir='ltr'>proh</span> <span class='ocrx_word' id='word_1_175' title='bbox 515 1376 639 1411; x_wconf 91' lang='lat' dir='ltr'>dolor!</span> <span class='ocrx_word' id='word_1_176' title='bbox 673 1383 863 1422; x_wconf 85' lang='lat' dir='ltr'>antequam</span> <span class='ocrx_word' id='word_1_177' title='bbox 880 1376 992 1409; x_wconf 88' lang='lat' dir='ltr'>bullas</span> <span class='ocrx_word' id='word_1_178' title='bbox 1012 1382 1153 1421; x_wconf 80' lang='lat' dir='ltr'>possent</span> <span class='ocrx_word' id='word_1_179' title='bbox 1180 1375 1331 1417; x_wconf 61' lang='lat' dir='ltr'>hahere.</span> <span class='ocrx_word' id='word_1_180' title='bbox 1361 1375 1520 1420; x_wconf 89' lang='lat' dir='ltr'>oportuit</span> <span class='ocrx_word' id='word_1_181' title='bbox 1537 1374 1635 1420; x_wconf 91' lang='lat' dir='ltr'>quod</span> <span class='ocrx_word' id='word_1_182' title='bbox 1662 1374 1735 1408; x_wconf 86' lang='lat' dir='ltr'>duo</span> <span class='ocrx_word' id='word_1_183' title='bbox 1763 1375 1919 1418; x_wconf 74' lang='lat' dir='ltr'>servitia.v</span> 
     </span>
     <span class='ocr_line' id='line_1_18' title="bbox 397 1432 1922 1481; baseline -0.003 -10"><span class='ocrx_word' id='word_1_184' title='bbox 397 1450 511 1471; x_wconf 89' lang='lat' dir='ltr'>unum</span> <span class='ocrx_word' id='word_1_185' title='bbox 530 1436 692 1470; x_wconf 69' lang='lat' dir='ltr'>videlieet</span> <span class='ocrx_word' id='word_1_186' title='bbox 714 1447 777 1481; x_wconf 91' lang='lat' dir='ltr'>pro</span> <span class='ocrx_word' id='word_1_187' title='bbox 796 1433 1064 1480; x_wconf 84' lang='lat' dir='ltr'>praedecessore</span> <span class='ocrx_word' id='word_1_188' title='bbox 1082 1446 1164 1475; x_wconf 48' lang='lat' dir='ltr'>suo.</span> <span class='ocrx_word' id='word_1_189' title='bbox 1190 1432 1285 1466; x_wconf 88' lang='lat' dir='ltr'>aliud</span> <span class='ocrx_word' id='word_1_190' title='bbox 1306 1445 1371 1478; x_wconf 92' lang='lat' dir='ltr'>pro</span> <span class='ocrx_word' id='word_1_191' title='bbox 1390 1445 1425 1465; x_wconf 90' lang='lat' dir='ltr'>se</span> <span class='ocrx_word' id='word_1_192' title='bbox 1446 1433 1522 1478; x_wconf 88' lang='lat' dir='ltr'>ipso</span> <span class='ocrx_word' id='word_1_193' title='bbox 1536 1433 1804 1478; x_wconf 79' lang='lat' dir='ltr'>promitterent.</span> <span class='ocrx_word' id='word_1_194' title='bbox 1822 1440 1856 1467; x_wconf 88' lang='lat' dir='ltr'>et</span> <span class='ocrx_word' id='word_1_195' title='bbox 1878 1433 1922 1467; x_wconf 87' lang='lat' dir='ltr'>ad</span> 
     </span>
     <span class='ocr_line' id='line_1_19' title="bbox 398 1491 1923 1541; baseline -0.003 -11"><span class='ocrx_word' id='word_1_196' title='bbox 398 1497 466 1530; x_wconf 87' lang='lat' dir='ltr'>hoc</span> <span class='ocrx_word' id='word_1_197' title='bbox 490 1496 605 1541; x_wconf 87' lang='lat' dir='ltr'>ipsum</span> <span class='ocrx_word' id='word_1_198' title='bbox 634 1501 668 1527; x_wconf 85' lang='lat' dir='ltr'>et.</span> <span class='ocrx_word' id='word_1_199' title='bbox 692 1505 909 1527; x_wconf 85' lang='lat' dir='ltr'>successores</span> <span class='ocrx_word' id='word_1_200' title='bbox 935 1504 1017 1526; x_wconf 89' lang='lat' dir='ltr'>suos</span> <span class='ocrx_word' id='word_1_201' title='bbox 1044 1498 1075 1525; x_wconf 90' lang='lat' dir='ltr'>et</span> <span class='ocrx_word' id='word_1_202' title='bbox 1105 1492 1360 1524; x_wconf 88' lang='lat' dir='ltr'>monasterium</span> <span class='ocrx_word' id='word_1_203' title='bbox 1392 1491 1601 1539; x_wconf 76' lang='lat' dir='ltr'>obligarent.</span> <span class='ocrx_word' id='word_1_204' title='bbox 1643 1492 1815 1538; x_wconf 81' lang='lat' dir='ltr'>Factaque</span> <span class='ocrx_word' id='word_1_205' title='bbox 1841 1499 1923 1526; x_wconf 81' lang='lat' dir='ltr'>sunt</span> 
     </span>
     <span class='ocr_line' id='line_1_20' title="bbox 400 1550 1921 1596; baseline -0.002 -8"><span class='ocrx_word' id='word_1_206' title='bbox 400 1556 484 1589; x_wconf 85' lang='lat' dir='ltr'>liaec</span> <span class='ocrx_word' id='word_1_207' title='bbox 503 1555 539 1587; x_wconf 93' lang='lat' dir='ltr'>in</span> <span class='ocrx_word' id='word_1_208' title='bbox 559 1553 716 1587; x_wconf 87' lang='lat' dir='ltr'>absentia</span> <span class='ocrx_word' id='word_1_209' title='bbox 735 1552 821 1586; x_wconf 87' lang='lat' dir='ltr'>dicti</span> <span class='ocrx_word' id='word_1_210' title='bbox 836 1552 948 1585; x_wconf 87' lang='lat' dir='ltr'>electi.</span> <span class='ocrx_word' id='word_1_211' title='bbox 974 1550 1250 1596; x_wconf 83' lang='lat' dir='ltr'>Ascenduntque</span> <span class='ocrx_word' id='word_1_212' title='bbox 1269 1550 1364 1584; x_wconf 87' lang='lat' dir='ltr'>dicta</span> <span class='ocrx_word' id='word_1_213' title='bbox 1383 1551 1521 1583; x_wconf 83' lang='lat' dir='ltr'>servitia</span> <span class='ocrx_word' id='word_1_214' title='bbox 1541 1550 1585 1584; x_wconf 88' lang='lat' dir='ltr'>ad</span> <span class='ocrx_word' id='word_1_215' title='bbox 1604 1562 1779 1590; x_wconf 51' lang='lat' dir='ltr'>summam</span> <span class='ocrx_word' id='word_1_216' title='bbox 1796 1563 1921 1585; x_wconf 69' lang='lat' dir='ltr'>novem</span> 
     </span>
     <span class='ocr_line' id='line_1_21' title="bbox 399 1609 1539 1651; baseline -0.004 -5"><span class='ocrx_word' id='word_1_217' title='bbox 399 1613 549 1646; x_wconf 88' lang='lat' dir='ltr'>millium</span> <span class='ocrx_word' id='word_1_218' title='bbox 566 1611 783 1645; x_wconf 81' lang='lat' dir='ltr'>florenorum</span> <span class='ocrx_word' id='word_1_219' title='bbox 799 1610 843 1644; x_wconf 83' lang='lat' dir='ltr'>(le</span> <span class='ocrx_word' id='word_1_220' title='bbox 858 1610 1049 1651; x_wconf 70' lang='lat' dir='ltr'>Florentia3</span> <span class='ocrx_word' id='word_1_221' title='bbox 1074 1616 1106 1642; x_wconf 85' lang='lat' dir='ltr'>et</span> <span class='ocrx_word' id='word_1_222' title='bbox 1127 1610 1176 1642; x_wconf 88' lang='lat' dir='ltr'>sic</span> <span class='ocrx_word' id='word_1_223' title='bbox 1195 1609 1307 1642; x_wconf 87' lang='lat' dir='ltr'>bullas</span> <span class='ocrx_word' id='word_1_224' title='bbox 1323 1609 1539 1642; x_wconf 87' lang='lat' dir='ltr'>babuerunt.</span> 
     </span>
    </p>

    <p class='ocr_par' dir='ltr' id='par_1_3' title="bbox 397 1667 1927 2537">
     <span class='ocr_line' id='line_1_22' title="bbox 449 1667 1922 1713; baseline -0.002 -8"><span class='ocrx_word' id='word_1_225' title='bbox 449 1672 619 1705; x_wconf 82' lang='lat' dir='ltr'>Dominus</span> <span class='ocrx_word' id='word_1_226' title='bbox 644 1677 763 1704; x_wconf 87' lang='lat' dir='ltr'>autem</span> <span class='ocrx_word' id='word_1_227' title='bbox 784 1668 995 1703; x_wconf 86' lang='lat' dir='ltr'>Oudrardus</span> <span class='ocrx_word' id='word_1_228' title='bbox 1015 1667 1256 1713; x_wconf 64' lang='lat' dir='ltr'>supradictus7</span> <span class='ocrx_word' id='word_1_229' title='bbox 1283 1667 1327 1701; x_wconf 90' lang='lat' dir='ltr'>de</span> <span class='ocrx_word' id='word_1_230' title='bbox 1351 1674 1443 1701; x_wconf 81' lang='lat' dir='ltr'>statu</span> <span class='ocrx_word' id='word_1_231' title='bbox 1463 1674 1497 1700; x_wconf 88' lang='lat' dir='ltr'>et</span> <span class='ocrx_word' id='word_1_232' title='bbox 1516 1674 1724 1713; x_wconf 86' lang='lat' dir='ltr'>paupertate</span> <span class='ocrx_word' id='word_1_233' title='bbox 1745 1667 1830 1702; x_wconf 85' lang='lat' dir='ltr'>dicti</span> <span class='ocrx_word' id='word_1_234' title='bbox 1850 1681 1922 1702; x_wconf 86' lang='lat' dir='ltr'>mo-</span> 
     </span>
     <span class='ocr_line' id='line_1_23' title="bbox 402 1726 1924 1775; baseline -0.001 -12"><span class='ocrx_word' id='word_1_235' title='bbox 402 1730 541 1763; x_wconf 84' lang='lat' dir='ltr'>nasterii</span> <span class='ocrx_word' id='word_1_236' title='bbox 556 1742 618 1775; x_wconf 91' lang='lat' dir='ltr'>per</span> <span class='ocrx_word' id='word_1_237' title='bbox 635 1729 772 1762; x_wconf 89' lang='lat' dir='ltr'>dictum</span> <span class='ocrx_word' id='word_1_238' title='bbox 788 1728 1017 1761; x_wconf 86' lang='lat' dir='ltr'>Lambertum</span> <span class='ocrx_word' id='word_1_239' title='bbox 1033 1727 1244 1760; x_wconf 83' lang='lat' dir='ltr'>informatus</span> <span class='ocrx_word' id='word_1_240' title='bbox 1257 1753 1265 1768; x_wconf 33' lang='grc' dir='ltr'><strong><em>ἦ</em></strong></span> <span class='ocrx_word' id='word_1_241' title='bbox 1283 1726 1417 1759; x_wconf 90' lang='lat' dir='ltr'>habens</span> <span class='ocrx_word' id='word_1_242' title='bbox 1431 1738 1533 1771; x_wconf 86' lang='lat' dir='ltr'>saepe</span> <span class='ocrx_word' id='word_1_243' title='bbox 1547 1738 1726 1759; x_wconf 83' lang='lat' dir='ltr'>accessum</span> <span class='ocrx_word' id='word_1_244' title='bbox 1746 1726 1791 1760; x_wconf 86' lang='lat' dir='ltr'>ad</span> <span class='ocrx_word' id='word_1_245' title='bbox 1806 1726 1924 1761; x_wconf 83' lang='lat' dir='ltr'>domi-</span> 
     </span>
     <span class='ocr_line' id='line_1_24' title="bbox 397 1784 1922 1834; baseline -0.003 -11"><span class='ocrx_word' id='word_1_246' title='bbox 397 1802 482 1823; x_wconf 89' lang='lat' dir='ltr'>num</span> <span class='ocrx_word' id='word_1_247' title='bbox 497 1801 679 1822; x_wconf 84' lang='lat' dir='ltr'>summum</span> <span class='ocrx_word' id='word_1_248' title='bbox 694 1787 898 1834; x_wconf 87' lang='lat' dir='ltr'>pontificem</span> <span class='ocrx_word' id='word_1_249' title='bbox 912 1814 919 1825; x_wconf 69' lang='lat'>.</span> <span class='ocrx_word' id='word_1_250' title='bbox 939 1785 1091 1820; x_wconf 83' lang='lat' dir='ltr'>confecit</span> <span class='ocrx_word' id='word_1_251' title='bbox 1108 1792 1143 1819; x_wconf 87' lang='lat' dir='ltr'>et</span> <span class='ocrx_word' id='word_1_252' title='bbox 1163 1785 1327 1819; x_wconf 63' lang='lat' dir='ltr'>formavit</span> <span class='ocrx_word' id='word_1_253' title='bbox 1341 1784 1534 1831; x_wconf 87' lang='lat' dir='ltr'>quamdam</span> <span class='ocrx_word' id='word_1_254' title='bbox 1554 1784 1715 1818; x_wconf 84' lang='lat' dir='ltr'>cedulam</span> <span class='ocrx_word' id='word_1_255' title='bbox 1729 1812 1737 1828; x_wconf 64' lang='lat'><em>7</em></span> <span class='ocrx_word' id='word_1_256' title='bbox 1759 1798 1868 1832; x_wconf 89' lang='lat' dir='ltr'>quam</span> <span class='ocrx_word' id='word_1_257' title='bbox 1888 1786 1922 1819; x_wconf 92' lang='lat' dir='ltr'>in</span> 
     </span>
     <span class='ocr_line' id='line_1_25' title="bbox 399 1842 1925 1894; baseline -0.002 -13"><span class='ocrx_word' id='word_1_258' title='bbox 399 1848 504 1894; x_wconf 89' lang='lat' dir='ltr'>pleno</span> <span class='ocrx_word' id='word_1_259' title='bbox 523 1847 730 1881; x_wconf 84' lang='lat' dir='ltr'>consistorio</span> <span class='ocrx_word' id='word_1_260' title='bbox 747 1846 782 1879; x_wconf 83' lang='lat' dir='ltr'>in</span> <span class='ocrx_word' id='word_1_261' title='bbox 797 1844 992 1891; x_wconf 83' lang='lat' dir='ltr'>praesentia</span> <span class='ocrx_word' id='word_1_262' title='bbox 1008 1843 1143 1877; x_wconf 90' lang='lat' dir='ltr'>domini</span> <span class='ocrx_word' id='word_1_263' title='bbox 1164 1856 1275 1889; x_wconf 86' lang='lat' dir='ltr'>papae</span> <span class='ocrx_word' id='word_1_264' title='bbox 1294 1849 1327 1876; x_wconf 91' lang='lat' dir='ltr'>et</span> <span class='ocrx_word' id='word_1_265' title='bbox 1347 1842 1577 1876; x_wconf 87' lang='lat' dir='ltr'>dominorum</span> <span class='ocrx_word' id='word_1_266' title='bbox 1591 1842 1825 1877; x_wconf 82' lang='lat' dir='ltr'>cardinalium</span> <span class='ocrx_word' id='word_1_267' title='bbox 1839 1856 1925 1890; x_wconf 94' lang='lat' dir='ltr'>pro-</span> 
     </span>
     <span class='ocr_line' id='line_1_26' title="bbox 400 1901 1921 1952; baseline -0.003 -12"><span class='ocrx_word' id='word_1_268' title='bbox 400 1906 514 1952; x_wconf 84' lang='lat' dir='ltr'>posuit</span> <span class='ocrx_word' id='word_1_269' title='bbox 532 1912 565 1939; x_wconf 91' lang='lat' dir='ltr'>et</span> <span class='ocrx_word' id='word_1_270' title='bbox 581 1904 829 1951; x_wconf 79' lang='lat' dir='ltr'>praesentavit.</span> <span class='ocrx_word' id='word_1_271' title='bbox 848 1903 926 1943; x_wconf 88' lang='lat' dir='ltr'>Qua</span> <span class='ocrx_word' id='word_1_272' title='bbox 937 1903 1025 1936; x_wconf 88' lang='lat' dir='ltr'>lecta</span> <span class='ocrx_word' id='word_1_273' title='bbox 1040 1908 1074 1935; x_wconf 88' lang='lat' dir='ltr'>et</span> <span class='ocrx_word' id='word_1_274' title='bbox 1089 1901 1222 1944; x_wconf 56' lang='lat' dir='ltr'>auditat</span> <span class='ocrx_word' id='word_1_275' title='bbox 1239 1901 1407 1934; x_wconf 88' lang='lat' dir='ltr'>dominus</span> <span class='ocrx_word' id='word_1_276' title='bbox 1421 1913 1525 1947; x_wconf 44' lang='lat' dir='ltr'>papa.</span> <span class='ocrx_word' id='word_1_277' title='bbox 1543 1901 1640 1934; x_wconf 79' lang='lat' dir='ltr'>vivae</span> <span class='ocrx_word' id='word_1_278' title='bbox 1653 1901 1747 1935; x_wconf 62' lang='lat' dir='ltr'>vocis</span> <span class='ocrx_word' id='word_1_279' title='bbox 1765 1902 1921 1936; x_wconf 83' lang='lat' dir='ltr'>oraculo.</span> 
     </span>
     <span class='ocr_line' id='line_1_27' title="bbox 399 1959 1925 2003; baseline -0.003 -4"><span class='ocrx_word' id='word_1_280' title='bbox 399 1977 464 1999; x_wconf 84' lang='lat' dir='ltr'>suo</span> <span class='ocrx_word' id='word_1_281' title='bbox 496 1964 689 1998; x_wconf 87' lang='lat' dir='ltr'>camerario</span> <span class='ocrx_word' id='word_1_282' title='bbox 719 1975 758 1997; x_wconf 85' lang='lat' dir='ltr'>ac</span> <span class='ocrx_word' id='word_1_283' title='bbox 784 1963 889 1996; x_wconf 90' lang='lat' dir='ltr'>etiam</span> <span class='ocrx_word' id='word_1_284' title='bbox 921 1961 1113 1995; x_wconf 86' lang='lat' dir='ltr'>camerario</span> <span class='ocrx_word' id='word_1_285' title='bbox 1145 1960 1373 1993; x_wconf 89' lang='lat' dir='ltr'>dominorum</span> <span class='ocrx_word' id='word_1_286' title='bbox 1402 1959 1633 1993; x_wconf 83' lang='lat' dir='ltr'>cardinalium</span> <span class='ocrx_word' id='word_1_287' title='bbox 1661 1960 1835 1994; x_wconf 87' lang='lat' dir='ltr'>commisit</span> <span class='ocrx_word' id='word_1_288' title='bbox 1848 1987 1856 2003; x_wconf 28' lang='grc' dir='ltr'>ἢ</span> <span class='ocrx_word' id='word_1_289' title='bbox 1886 1968 1925 1995; x_wconf 91' lang='lat' dir='ltr'>ut</span> 
     </span>
     <span class='ocr_line' id='line_1_28' title="bbox 401 2017 1924 2069; baseline -0.003 -13"><span class='ocrx_word' id='word_1_290' title='bbox 401 2036 506 2069; x_wconf 67' lang='lat' dir='ltr'>super</span> <span class='ocrx_word' id='word_1_291' title='bbox 532 2022 626 2057; x_wconf 87' lang='lat' dir='ltr'>dieta</span> <span class='ocrx_word' id='word_1_292' title='bbox 655 2021 778 2056; x_wconf 86' lang='lat' dir='ltr'>cedula</span> <span class='ocrx_word' id='word_1_293' title='bbox 795 2033 830 2054; x_wconf 88' lang='lat' dir='ltr'>se</span> <span class='ocrx_word' id='word_1_294' title='bbox 857 2021 1108 2061; x_wconf 52' lang='lat' dir='ltr'>informarent„</span> <span class='ocrx_word' id='word_1_295' title='bbox 1129 2025 1163 2052; x_wconf 86' lang='lat' dir='ltr'>et</span> <span class='ocrx_word' id='word_1_296' title='bbox 1184 2019 1365 2052; x_wconf 83' lang='lat' dir='ltr'>mitterent</span> <span class='ocrx_word' id='word_1_297' title='bbox 1390 2017 1435 2052; x_wconf 89' lang='lat' dir='ltr'>ad</span> <span class='ocrx_word' id='word_1_298' title='bbox 1462 2017 1636 2051; x_wconf 86' lang='lat' dir='ltr'>civitatem</span> <span class='ocrx_word' id='word_1_299' title='bbox 1666 2018 1924 2052; x_wconf 87' lang='lat' dir='ltr'>Tornacensem</span> 
     </span>
     <span class='ocr_line' id='line_1_29' title="bbox 403 2075 1921 2124; baseline -0.003 -8"><span class='ocrx_word' id='word_1_300' title='bbox 403 2083 462 2116; x_wconf 87' lang='lat' dir='ltr'>ubi</span> <span class='ocrx_word' id='word_1_301' title='bbox 478 2089 545 2115; x_wconf 86' lang='lat' dir='ltr'>stat</span> <span class='ocrx_word' id='word_1_302' title='bbox 560 2081 697 2115; x_wconf 90' lang='lat' dir='ltr'>dietum</span> <span class='ocrx_word' id='word_1_303' title='bbox 714 2079 967 2114; x_wconf 84' lang='lat' dir='ltr'>monasterium</span> <span class='ocrx_word' id='word_1_304' title='bbox 981 2105 988 2121; x_wconf 78' lang='lat'>-,</span> <span class='ocrx_word' id='word_1_305' title='bbox 1007 2085 1041 2111; x_wconf 93' lang='lat' dir='ltr'>et</span> <span class='ocrx_word' id='word_1_306' title='bbox 1055 2078 1184 2111; x_wconf 84' lang='lat' dir='ltr'>scirent</span> <span class='ocrx_word' id='word_1_307' title='bbox 1199 2089 1263 2123; x_wconf 89' lang='lat' dir='ltr'>per</span> <span class='ocrx_word' id='word_1_308' title='bbox 1276 2077 1413 2123; x_wconf 89' lang='lat' dir='ltr'>aliquos</span> <span class='ocrx_word' id='word_1_309' title='bbox 1427 2076 1497 2110; x_wconf 84' lang='lat' dir='ltr'>fide</span> <span class='ocrx_word' id='word_1_310' title='bbox 1511 2075 1638 2124; x_wconf 77' lang='lat' dir='ltr'>dignos</span> <span class='ocrx_word' id='word_1_311' title='bbox 1650 2103 1659 2118; x_wconf 38' lang='grc' dir='ltr'><strong><em>ἢ</em></strong></span> <span class='ocrx_word' id='word_1_312' title='bbox 1680 2077 1707 2110; x_wconf 88' lang='lat' dir='ltr'>si</span> <span class='ocrx_word' id='word_1_313' title='bbox 1721 2089 1802 2110; x_wconf 67' lang='lat' dir='ltr'>vera</span> <span class='ocrx_word' id='word_1_314' title='bbox 1821 2084 1921 2121; x_wconf 58' lang='lat' dir='ltr'>sunt.</span> 
     </span>
     <span class='ocr_line' id='line_1_30' title="bbox 400 2135 1926 2187; baseline -0.003 -13"><span class='ocrx_word' id='word_1_315' title='bbox 400 2154 490 2187; x_wconf 86' lang='lat' dir='ltr'>quae</span> <span class='ocrx_word' id='word_1_316' title='bbox 506 2141 540 2174; x_wconf 91' lang='lat' dir='ltr'>in</span> <span class='ocrx_word' id='word_1_317' title='bbox 556 2140 680 2174; x_wconf 87' lang='lat' dir='ltr'>cedula</span> <span class='ocrx_word' id='word_1_318' title='bbox 696 2139 935 2173; x_wconf 89' lang='lat' dir='ltr'>continentur.</span> <span class='ocrx_word' id='word_1_319' title='bbox 954 2138 996 2170; x_wconf 80' lang='lat' dir='ltr'>Et</span> <span class='ocrx_word' id='word_1_320' title='bbox 1009 2136 1121 2183; x_wconf 66' lang='lat' dir='ltr'>quod,</span> <span class='ocrx_word' id='word_1_321' title='bbox 1139 2136 1229 2170; x_wconf 86' lang='lat' dir='ltr'>facta</span> <span class='ocrx_word' id='word_1_322' title='bbox 1245 2136 1486 2183; x_wconf 72' lang='lat' dir='ltr'>inquisitione7</span> <span class='ocrx_word' id='word_1_323' title='bbox 1504 2136 1725 2169; x_wconf 86' lang='lat' dir='ltr'>remitterent</span> <span class='ocrx_word' id='word_1_324' title='bbox 1737 2135 1773 2169; x_wconf 89' lang='lat' dir='ltr'>in</span> <span class='ocrx_word' id='word_1_325' title='bbox 1787 2137 1926 2182; x_wconf 86' lang='lat' dir='ltr'>scriptis</span> 
     </span>
     <span class='ocr_line' id='line_1_31' title="bbox 402 2193 1925 2242; baseline -0.003 -9"><span class='ocrx_word' id='word_1_326' title='bbox 402 2200 445 2233; x_wconf 88' lang='lat' dir='ltr'>ad</span> <span class='ocrx_word' id='word_1_327' title='bbox 465 2200 599 2233; x_wconf 84' lang='lat' dir='ltr'>curiam</span> <span class='ocrx_word' id='word_1_328' title='bbox 622 2198 772 2232; x_wconf 84' lang='lat' dir='ltr'>fideliter</span> <span class='ocrx_word' id='word_1_329' title='bbox 791 2210 896 2231; x_wconf 88' lang='lat' dir='ltr'>omne</span> <span class='ocrx_word' id='word_1_330' title='bbox 915 2195 1002 2230; x_wconf 94' lang='lat' dir='ltr'>illud</span> <span class='ocrx_word' id='word_1_331' title='bbox 1021 2195 1119 2242; x_wconf 89' lang='lat' dir='ltr'>quod</span> <span class='ocrx_word' id='word_1_332' title='bbox 1141 2195 1351 2229; x_wconf 75' lang='lat' dir='ltr'>invenirent.</span> <span class='ocrx_word' id='word_1_333' title='bbox 1377 2195 1417 2228; x_wconf 87' lang='lat' dir='ltr'>Et</span> <span class='ocrx_word' id='word_1_334' title='bbox 1436 2206 1543 2240; x_wconf 87' lang='lat' dir='ltr'>super</span> <span class='ocrx_word' id='word_1_335' title='bbox 1562 2194 1632 2228; x_wconf 87' lang='lat' dir='ltr'>hoc</span> <span class='ocrx_word' id='word_1_336' title='bbox 1649 2193 1817 2228; x_wconf 88' lang='lat' dir='ltr'>dominus</span> <span class='ocrx_word' id='word_1_337' title='bbox 1835 2207 1925 2241; x_wconf 86' lang='lat' dir='ltr'>papa</span> 
     </span>
     <span class='ocr_line' id='line_1_32' title="bbox 403 2252 1926 2292; baseline -0.003 -2"><span class='ocrx_word' id='word_1_338' title='bbox 403 2258 592 2292; x_wconf 79' lang='lat' dir='ltr'>ordinaret.</span> <span class='ocrx_word' id='word_1_339' title='bbox 618 2257 757 2291; x_wconf 87' lang='lat' dir='ltr'>Domini</span> <span class='ocrx_word' id='word_1_340' title='bbox 779 2263 898 2290; x_wconf 85' lang='lat' dir='ltr'>autem</span> <span class='ocrx_word' id='word_1_341' title='bbox 919 2255 1101 2289; x_wconf 87' lang='lat' dir='ltr'>camerarii</span> <span class='ocrx_word' id='word_1_342' title='bbox 1129 2254 1297 2288; x_wconf 82' lang='lat' dir='ltr'>antedicti</span> <span class='ocrx_word' id='word_1_343' title='bbox 1320 2253 1545 2288; x_wconf 81' lang='lat' dir='ltr'>concorditer</span> <span class='ocrx_word' id='word_1_344' title='bbox 1563 2253 1736 2286; x_wconf 87' lang='lat' dir='ltr'>miserunt</span> <span class='ocrx_word' id='word_1_345' title='bbox 1753 2252 1798 2287; x_wconf 91' lang='lat' dir='ltr'>ad</span> <span class='ocrx_word' id='word_1_346' title='bbox 1819 2265 1926 2287; x_wconf 86' lang='lat' dir='ltr'>vene-</span> 
     </span>
     <span class='ocr_line' id='line_1_33' title="bbox 404 2311 1926 2360; baseline -0.003 -11"><span class='ocrx_word' id='word_1_347' title='bbox 404 2317 529 2350; x_wconf 84' lang='lat' dir='ltr'>rabiles</span> <span class='ocrx_word' id='word_1_348' title='bbox 546 2317 638 2349; x_wconf 68' lang='lat' dir='ltr'>viros</span> <span class='ocrx_word' id='word_1_349' title='bbox 657 2315 844 2349; x_wconf 87' lang='lat' dir='ltr'>dominum</span> <span class='ocrx_word' id='word_1_350' title='bbox 866 2313 1066 2348; x_wconf 72' lang='lat' dir='ltr'>Arnardum</span> <span class='ocrx_word' id='word_1_351' title='bbox 1085 2313 1207 2360; x_wconf 68' lang='lat' dir='ltr'>Regis.</span> <span class='ocrx_word' id='word_1_352' title='bbox 1228 2325 1400 2360; x_wconf 79' lang='lat' dir='ltr'>magnum</span> <span class='ocrx_word' id='word_1_353' title='bbox 1422 2311 1712 2345; x_wconf 88' lang='lat' dir='ltr'>archidiaconum</span> <span class='ocrx_word' id='word_1_354' title='bbox 1732 2312 1768 2345; x_wconf 88' lang='lat' dir='ltr'>in</span> <span class='ocrx_word' id='word_1_355' title='bbox 1782 2311 1926 2345; x_wconf 87' lang='lat' dir='ltr'>ecclesia</span> 
     </span>
     <span class='ocr_line' id='line_1_34' title="bbox 404 2370 1925 2414; baseline -0.002 -7"><span class='ocrx_word' id='word_1_356' title='bbox 404 2374 663 2408; x_wconf 77' lang='lat' dir='ltr'>cameracensi.</span> <span class='ocrx_word' id='word_1_357' title='bbox 688 2381 721 2407; x_wconf 86' lang='lat' dir='ltr'>et</span> <span class='ocrx_word' id='word_1_358' title='bbox 745 2373 931 2407; x_wconf 91' lang='lat' dir='ltr'>dominum</span> <span class='ocrx_word' id='word_1_359' title='bbox 960 2371 1196 2406; x_wconf 86' lang='lat' dir='ltr'>Bertrandum</span> <span class='ocrx_word' id='word_1_360' title='bbox 1221 2371 1264 2405; x_wconf 90' lang='lat' dir='ltr'>de</span> <span class='ocrx_word' id='word_1_361' title='bbox 1284 2370 1456 2414; x_wconf 61' lang='lat' dir='ltr'>Galardo.</span> <span class='ocrx_word' id='word_1_362' title='bbox 1484 2371 1695 2404; x_wconf 85' lang='lat' dir='ltr'>canonicum</span> <span class='ocrx_word' id='word_1_363' title='bbox 1722 2370 1756 2403; x_wconf 91' lang='lat' dir='ltr'>in</span> <span class='ocrx_word' id='word_1_364' title='bbox 1783 2370 1925 2404; x_wconf 87' lang='lat' dir='ltr'>ecelesia</span> 
     </span>
     <span class='ocr_line' id='line_1_35' title="bbox 404 2429 1927 2472; baseline -0.002 -7"><span class='ocrx_word' id='word_1_365' title='bbox 404 2433 615 2465; x_wconf 78' lang='lat' dir='ltr'>&#39;fornacensi</span> <span class='ocrx_word' id='word_1_366' title='bbox 647 2439 681 2466; x_wconf 89' lang='lat' dir='ltr'>et</span> <span class='ocrx_word' id='word_1_367' title='bbox 700 2431 991 2466; x_wconf 82' lang='lat' dir='ltr'>archidiaconum</span> <span class='ocrx_word' id='word_1_368' title='bbox 1019 2430 1262 2472; x_wconf 67' lang='lat' dir='ltr'>Gandensemg</span> <span class='ocrx_word' id='word_1_369' title='bbox 1289 2430 1496 2464; x_wconf 90' lang='lat' dir='ltr'>mandantes</span> <span class='ocrx_word' id='word_1_370' title='bbox 1523 2435 1556 2462; x_wconf 86' lang='lat' dir='ltr'>et</span> <span class='ocrx_word' id='word_1_371' title='bbox 1579 2429 1839 2462; x_wconf 87' lang='lat' dir='ltr'>committentes</span> <span class='ocrx_word' id='word_1_372' title='bbox 1858 2429 1927 2462; x_wconf 90' lang='lat' dir='ltr'>eis-</span> 
     </span>
     <span class='ocr_line' id='line_1_36' title="bbox 402 2487 1924 2537; baseline -0.002 -13"><span class='ocrx_word' id='word_1_373' title='bbox 402 2491 483 2525; x_wconf 83' lang='lat' dir='ltr'>dem</span> <span class='ocrx_word' id='word_1_374' title='bbox 497 2518 504 2524; x_wconf 94' lang='lat'>.</span> <span class='ocrx_word' id='word_1_375' title='bbox 523 2498 697 2537; x_wconf 87' lang='lat' dir='ltr'>quatenus</span> <span class='ocrx_word' id='word_1_376' title='bbox 707 2518 714 2532; x_wconf 73' lang='lat'>.</span> <span class='ocrx_word' id='word_1_377' title='bbox 732 2492 822 2524; x_wconf 83' lang='lat' dir='ltr'>sicut</span> <span class='ocrx_word' id='word_1_378' title='bbox 840 2490 904 2523; x_wconf 86' lang='lat' dir='ltr'>sibi</span> <span class='ocrx_word' id='word_1_379' title='bbox 919 2491 1147 2524; x_wconf 86' lang='lat' dir='ltr'>commissum</span> <span class='ocrx_word' id='word_1_380' title='bbox 1163 2497 1235 2523; x_wconf 88' lang='lat' dir='ltr'>erat</span> <span class='ocrx_word' id='word_1_381' title='bbox 1251 2502 1270 2523; x_wconf 86' lang='lat' dir='ltr'>a</span> <span class='ocrx_word' id='word_1_382' title='bbox 1284 2489 1431 2523; x_wconf 88' lang='lat' dir='ltr'>domino</span> <span class='ocrx_word' id='word_1_383' title='bbox 1446 2500 1554 2534; x_wconf 64' lang='lat' dir='ltr'>papa.</span> <span class='ocrx_word' id='word_1_384' title='bbox 1573 2488 1646 2521; x_wconf 77' lang='lat' dir='ltr'>viee</span> <span class='ocrx_word' id='word_1_385' title='bbox 1661 2494 1695 2521; x_wconf 91' lang='lat' dir='ltr'>et</span> <span class='ocrx_word' id='word_1_386' title='bbox 1709 2487 1786 2522; x_wconf 89' lang='lat' dir='ltr'>loco</span> <span class='ocrx_word' id='word_1_387' title='bbox 1801 2500 1924 2521; x_wconf 91' lang='lat' dir='ltr'>eorum</span> 
     </span>
    </p>
   </div>
  </div>
 </body>
</html>
