2137 3131
413 339 483 374 878
1018 327 1162 364 APPEN
1170 326 1308 362 DICES.

415 447 524 472 decimis
538 445 650 470 aliarum
666 448 801 468 terrarum
812 461 818 472 ‚
833 449 900 475 quas
913 439 970 474 ipsa
988 438 1022 463 ab
1037 436 1151 463 ecciesia
1166 436 1304 462 &inivensi
1325 434 1438 470 pacifice
1451 436 1595 461 consuevit
1612 435 1755 470 percipere
1768 435 1803 461 ab
1815 436 1929 470 antiquo

415 495 440 519 in
456 492 582 528 parochia
599 490 747 526 praedicta.
761 487 907 523 Arrcragia
924 494 990 512 vero
1009 485 1123 511 suerunt
1140 483 1293 510 condonata
1309 482 1430 508 omnino.
1452 482 1482 508 ln
1498 482 1578 516 cujus
1591 483 1631 509 rei
1649 483 1834 510 testimonium
1850 492 1930 518 prae·

416 545 505 566 semes
520 538 621 564 inieras
634 536 746 563 fecimus
761 535 794 560 ad
807 534 965 570 petitionem
982 532 1099 567 partium
1113 530 1194 566 sigilli
1213 530 1298 556 nostri
1314 529 1463 555 munimine
1477 529 1614 556 roborari.
1631 530 1726 556 Actum
1742 539 1814 556 anno
1827 530 1930 565 gratiae

418 585 590 613 mcxxxiv
602 605 607 610 .
623 592 712 609 mense
726 583 858 617 Augusto.

1343 633 1456 663 Original
1472 641 1548 658 sceau
1565 634 1663 658 detruit.

1076 890 1273 924 CLXXVII.

414 981 575 1028 le‘lzppe
593 980 633 1013 cle
656 979 829 1020 Boulaer,
853 980 1016 1024 seeffizeur
1039 977 1262 1024 cl'Aspelaere
1273 1004 1283 1019 ‚
1310 975 1388 1011 cede
1409 975 1433 1010 ἀ
1456 977 1615 1023 l’ahbaye
1633 982 1709 1010 tous
1725 988 1776 1010 ses
1797 976 1925 1020 droits,

461 1052 548 1073 cezca'
568 1038 608 1072 (le
626 1037 730 1071 haute
740 1038 872 1083 justice
895 1034 1049 1082 coeceple's
1061 1062 1072 1077 ,
1094 1047 1161 1069 sur
1177 1047 1249 1069 une
1271 1041 1363 1069 terre
1381 1034 1488 1069 sz'tuc'e
1508 1032 1531 1068 ὰ
1545 1033 1731 1081 Aspelaere
1749 1040 1783 1068 et
1795 1035 1930 1070 vendue

456 1111 529 1145 par
549 1097 668 1131 Baml.
694 1095 932 1142 Zmylteloose,
950 1106 1013 1128 son
1032 1094 1166 1137 vassal,
1186 1092 1208 1127 ἀ
1227 1094 1385 1140 l’ahhaye
1406 1094 1447 1127 de
1467 1093 1616 1128 Ninove.
1633 1113 1682 1118 —
1696 1093 1875 1128 Rovsmum.

1031 1246 1048 1267 A
1067 1244 1190 1274 Aspelaere
1205 1262 1211 1273 ,
1231 1244 1301 1268 1255.

456 1319 511 1354 Ego
525 1317 665 1352 Philippus
675 1316 709 1342 de
723 1315 841 1347 Boular,
855 1315 983 1341 domiuus
996 1315 1030 1340 de
1045 1314 1163 1350 Asplar,
1181 1320 1276 1341 notum
1293 1314 1361 1341 facio
1374 1314 1568 1350 praesentibus
1582 1319 1664 1350 prout
1678 1319 1706 1341 eL
1721 1314 1837 1347 suturis,
1853 1315 1929 1351 quod

415 1365 561 1392 Balduinus
581 1368 760 1400 cognomento
774 1362 920 1398 Zorqelose,
936 1361 1043 1388 villicus
1056 1361 1090 1387 de
1105 1361 1222 1397 Asplar,
1237 1361 1318 1388 homo
1331 1371 1407 1388 meus
1421 1382 1428 1394 ‚
1439 1361 1555 1387 contulit
1569 1362 1596 1387 in
1612 1360 1811 1396 eleemosynam
1825 1362 1853 1388 in
1864 1371 1931 1389 con-

416 1413 549 1439 cambium
566 1417 592 1438 et
606 1412 632 1437 in
645 1411 780 1446 emptione
791 1431 797 1441 ‚
811 1410 940 1436 ecclesiae
959 1409 1097 1435 Ninivensi
1110 1418 1171 1435 cum
1188 1409 1261 1435 omni
1274 1409 1432 1445 integritate
1446 1418 1525 1435 omne
1536 1409 1584 1443 jus
1600 1418 1695 1441 suum,
1711 1409 1785 1444 quod
1800 1409 1930 1437 habuisse

412 1461 563 1486 dinoscitur
577 1460 602 1485 in
619 1464 673 1485 tota
686 1464 759 1484 [erra
771 1458 816 1484 illa
825 1457 978 1493 quaejacet
992 1457 1065 1492 apud
1080 1457 1192 1491 Berctlz,
1207 1462 1235 1483 et
1252 1458 1279 1483 in
1295 1457 1355 1483 loco
1370 1457 1417 1492 qui
1435 1456 1628 1482 Godeldenwelt
1639 1456 1758 1489 dicitur,
1773 1466 1856 1493 quam
1871 1462 1929 1484 ter-

414 1518 471 1534 ram
486 1507 667 1533 haereditarie
681 1507 769 1532 tenuit
786 1506 820 1531 ab
834 1505 948 1541 Aegidio
964 1510 1146 1541 cognomento
1161 1504 1294 1540 Spikiuc5
1310 1505 1347 1530 ita
1362 1503 1489 1531 videlicet
1506 1503 1581 1539 quod
1596 1504 1690 1530 eadem
1703 1504 1817 1531 eeclesia
1828 1504 1928 1532 dictam

414 1561 513 1582 terram
527 1555 561 1580 de
579 1559 686 1580 caetero
704 1553 790 1579 libere
808 1558 835 1580 et
850 1553 954 1588 absque
970 1552 1187 1578 contradictione
1202 1551 1295 1587 aliqua
1311 1551 1463 1587 possidebit
1476 1556 1530 1577 tam
1548 1551 1663 1577 liberam
1685 1561 1767 1587 quam
1781 1553 1927 1579 immunem

415 1604 522 1638 penitus
535 1602 568 1628 ab
583 1602 655 1627 omni
671 1600 744 1627 tallia
764 1606 792 1627 et
810 1601 966 1633 exactione,
982 1609 1053 1636 quae
1070 1599 1104 1626 de
1123 1599 1217 1626 eadem
1234 1604 1308 1626 terra
1322 1599 1387 1625 mihi
1404 1600 1461 1626 sive
1477 1599 1648 1634 quibuslibet
1662 1599 1721 1626 aliis
1742 1599 1861 1635 persolvi
1880 1606 1929 1627 aut

413 1651 491 1676 etiam
504 1649 573 1685 exigi
586 1653 784 1676 consueverant
795 1649 852 1675 sive
861 1649 937 1683 juste
951 1648 1009 1674 sive
1022 1648 1123 1682 injuste
1131 1647 1265 1674 hactenus
1274 1668 1281 1681 ,
1295 1656 1471 1683 quocumque
1485 1647 1595 1673 nomine
1608 1647 1750 1673 servitutis
1761 1668 1768 1680 ‚
1784 1647 1852 1674 nihil
1864 1647 1930 1674 mihi

414 1697 523 1724 omuino
536 1697 664 1732 deinceps
677 1697 799 1722 retinens
812 1696 839 1721 in
850 1695 944 1722 eadem
957 1695 1008 1721 nisi
1023 1704 1179 1730 supremam
1193 1694 1330 1728 justitiam
1344 1715 1351 1726 ,
1366 1699 1397 1720 ut
1412 1699 1453 1721 est
1467 1695 1608 1731 sanguinis
1626 1699 1653 1720 et
1669 1694 1736 1720 surti
1747 1716 1754 1727 ‚
1769 1704 1851 1730 quam
1863 1695 1930 1722 mihi

415 1743 600 1770 tantummodo
613 1743 676 1769 duxi
689 1742 892 1769 reservandam.
907 1742 993 1768 Porro
1000 1742 1114 1778 pratarii
1125 1741 1232 1767 nullum
1241 1742 1289 1775 jus
1299 1741 1429 1778 deinceps
1443 1741 1585 1767 habebunt
1597 1742 1624 1767 in
1637 1751 1684 1773 ea,
1700 1751 1734 1768 eo
1747 1741 1806 1768 solo
1814 1747 1929 1778 excepto
1942 1752 1946 1756 ’

414 1792 486 1827 quod
508 1792 534 1817 in
551 1796 625 1817 terra
646 1791 782 1816 nominata
799 1790 869 1816 sicut
885 1789 992 1826 vulgari
1013 1794 1039 1816 et
1057 1789 1193 1815 communi
1212 1788 1306 1825 lingua
1326 1788 1428 1814 dicitur
1445 1792 1547 1814 sennen
1566 1793 1699 1823 poterunt
1716 1798 1816 1824 pecora
1837 1794 1928 1816 tamen

414 1840 499 1866 aliena
511 1838 656 1865 dummodo
670 1838 797 1864 damnum
813 1837 928 1864 fecerint
938 1842 966 1864 ct
976 1847 1029 1863 non
1041 1837 1171 1863 eeclesiae
1186 1841 1351 1863 memoratae
1360 1856 1367 1869 ‚
1377 1837 1442 1871 quia
1451 1845 1518 1862 vero
1531 1845 1562 1861 ea
1578 1845 1649 1871 quae
1660 1837 1809 1871 praemissa
1820 1842 1884 1863 sunt
1894 1837 1929 1863 de

413 1896 546 1913 consensu
558 1891 585 1912 et
595 1885 735 1912 voluntate
748 1895 806 1911 mea
821 1884 891 1911 facta
902 1884 1026 1919 suerunt3
1041 1889 1071 1910 ut
1080 1884 1114 1911 de
1127 1889 1237 1911 caetero
1249 1885 1328 1910 firma
1339 1889 1366 1910 et
1378 1883 1486 1910 stabilia
1496 1889 1674 1919 perseverent
1684 1884 1718 1910 ad
1732 1884 1862 1918 majorem
1872 1894 1930 1911 cer-

413 1934 554 1960 titudinem
569 1933 706 1969 praesenti
719 1934 833 1969 paginae
846 1933 961 1968 apposui
973 1932 1092 1969 sigillum
1108 1942 1208 1959 mcum.
1225 1932 1350 1959 Fuerunt
1362 1937 1453 1957 autem
1468 1936 1626 1967 praesentes
1640 1932 1688 1958 ubi
1700 1932 1767 1958 haec
1775 1937 1835 1959 acta
1846 1938 1925 1965 sunt,

418 1981 554 2007 Walterus
570 1981 603 2007 de
620 1981 709 2010 Valle*
727 1980 866 2007 Johannes
878 1981 912 2007 de
927 1981 1017 2017 Bor-qh
1037 1986 1065 2007 et
1078 1980 1218 2007 Walterus
1231 1980 1308 2012 Sole,
1324 1979 1449 2006 homines
1462 1980 1528 2014 mei3
1548 1980 1612 2006 item
1626 1979 1742 2006 Michael
1752 2001 1759 2013 e
1774 1980 1928 2007 Willelmus

415 2028 448 2054 de
460 2029 568 2055 Catbeca
582 2033 607 2054 et
620 2027 779 2064 Arnulphus
790 2028 824 2054 de
839 2028 957 2062 Hasselt,
973 2028 1086 2054 scaffini.
1103 2028 1199 2054 Actum
1214 2027 1288 2063 apud
1299 2026 1437 2063 Haspleir‚
1451 2027 1478 2052 in
1491 2027 1562 2053 atrio
1572 2048 1579 2055 ,
1595 2036 1667 2052 anno
1679 2027 1783 2063 gratiae
1794 2027 1862 2054 MCC
1879 2029 1929 2054 tri-

418 2077 516 2102 cesimo
529 2077 638 2112 quinto7
654 2077 681 2102 in
696 2076 910 2102 Annuntiatione
925 2076 1070 2103 dominica.
1379 2069 1382 2071 Δ

1204 2133 1323 2164 Οτίῧίιωμ
1332 2138 1401 2156 sceau
1416 2139 1445 2154 en
1456 2132 1504 2155 cire
1513 2131 1588 2155 brune
1598 2131 1767 2163 endommage.

2130 1174 2137 1206 1

2132 1218 2137 1244 ι

2129 1258 2137 1365 ἒ

2133 1375 2137 1415 ἱ
