2137 3131
402 367 471 401 9100
1008 350 1296 388 APPENDICES.

406 481 440 501 lai

406 522 477 556 qnod
493 519 578 544 omnia
592 515 735 551 praemissa
750 514 775 538 in
790 521 847 537 mea
862 509 1015 546 praesentia
1029 509 1081 534 rite
1094 507 1207 533 suerunt
1217 506 1309 532 habita
1323 510 1349 531 et
1365 509 1474 540 peracta
1485 525 1491 535 ,
1503 503 1622 539 sigillum
1634 512 1723 529 mcum
1737 513 1791 529 una
1805 513 1865 531 cum
1880 506 1916 531 si-

443 484 531 509 ιιμιιιιιι
549 471 671 497 (lominus
688 478 702 493 a
721 476 775 502 qno
790 470 897 491 tenetur
911 463 982 489 dicta
997 462 1117 493 decima,
1134 459 1319 486 testimonium
1333 464 1360 485 et
1375 459 1512 484 munimen
1526 457 1646 483 omnium
1662 457 1872 492 praemissorum
1886 463 1913 483 et

406 566 611 603 ffillisdiclormn
621 561 766 595 conjugum
775 558 822 584 Ar.
832 562 857 582 el
867 557 901 583 M.
911 555 1046 591 praesenli
1055 559 1146 580 cartae
1155 553 1220 579 duxi
1230 550 1558 587 fideliterapponendum.
1566 550 1741 585 Actumapud
1751 550 1913 583 Lidekerka,

406 616 430 639 in
445 614 522 638 domo
536 610 599 636 dicti
612 607 712 634 domini
726 615 815 632 coram
830 604 947 639 Symone
961 602 994 628 de
1009 602 1107 634 λεπτος,
1117 600 1242 635 Aegidio,
1254 599 1301 634 qni
1316 598 1399 625 habet
1413 598 1495 624 filiam
1506 597 1571 623 dicti
1584 596 1644 632 Sy„
1654 596 1748 622 Yvano
1758 596 1788 623 de
1803 597 1915 624 Hussin-

403 661 487 695 qhem.
497 658 598 683 'l'lionia
612 655 645 681 de
658 653 782 685 Laudat,
797 651 952 677 hominibus
967 649 1092 679 feodalis,
1109 653 1136 673 el
1149 656 1241 673 coram
1254 646 1371 672 scabinis
1380 645 1469 671 dictae
1483 644 1562 670 villae
1574 644 1608 670 de
1621 643 1773 678 Lidelcerke,
1789 644 1917 671 videlieet

404 707 451 732 Ae.
465 711 489 730 οι
505 705 533 729 i.
546 701 700 738 praedictis,
717 699 836 726 Arnoldo
847 697 953 724 Bridre.
963 697 1056 722 Testes
1069 695 1115 731 qui
1128 694 1319 730 praesentibus
1330 692 1616 728 interfueruntrogaii
1625 712 1631 722 ,
1640 696 1704 717 sunt
1718 692 1762 718 isti
1772 701 1778 718 :
1790 692 1917 719 videlicet

404 752 551 779 JolianucS,
564 750 662 779 abbas,
679 748 772 775 Basso,
786 746 914 773 sacrista,
931 744 1081 775 Johanncs,
1098 742 1288 778 praepositus,
1304 740 1480 771 Godesridus,
1495 744 1608 765 curatus
1621 739 1655 765 de
1671 738 1824 771 Lidelserlfe,
1837 739 1917 766 Jaco-

404 800 453 824 bus
462 798 494 823 dc
510 796 681 826 Valenccnis,
695 793 867 829 capellanus5
881 791 980 818 fratres
993 796 1019 817 et
1031 790 1153 816 canonici
1167 789 1326 815 Ninivenses
1339 798 1345 814 :
1359 788 1485 819 colinus,
1496 787 1614 813 clericus
1623 808 1630 819 ,
1641 786 1751 813 Colinus
1761 786 1914 821 Bulstrinc,

405 846 534 871 ilenricus
555 843 597 868 del
619 841 713 867 Warde
726 846 753 866 et
764 840 903 866 Johannes
916 838 946 864 «Ie
966 837 1068 863 Wincle
1078 857 1084 868 ‚
1100 841 1127 862 et
1145 836 1190 862 alii
1202 835 1380 871 quamplures
1399 835 1426 860 in
1441 834 1624 860 testimonium
1637 835 1752 860 evocati.
1768 834 1847 861 Anno
1862 834 1918 861 Do-

406 893 468 918 mini
483 889 654 917 MCCLXRVI
667 909 673 920 η
688 887 755 914 seria
768 887 847 913 tertia
859 891 920 922 post
933 884 1142 912 decollationem
1155 883 1228 909 beati
1242 882 1375 909 Johannis
1387 882 1535 917 Baptistae.

1133 949 1252 981 Original,
1265 956 1351 973 sceaux
1364 956 1394 972 en
1406 948 1454 972 cire
1466 947 1542 972 brune
1551 947 1663 971 d'Arnold
1672 947 1733 971 etde
1743 954 1767 972 sa
1781 947 1880 980 semme3

1156 991 1215 1016 celui
1226 991 1348 1015 d'Erasme
1360 990 1388 1014 ‹le
1401 991 1476 1015 Gavre
1487 994 1523 1014 est
1531 989 1615 1021 perdu.

1049 1319 1243 1355 CCXLVIII
1253 1346 1258 1352 .

406 1428 511 1467 Jeme,
532 1428 598 1458 sire
613 1425 636 1458 (Ι
642 1422 862 1458 Ἀπᾶρηανεῦσ
872 1449 881 1463 ,
896 1420 1063 1467 confirma
1074 1420 1119 1453 les
1137 1419 1203 1466 Zeys
1216 1432 1282 1465 que
1299 1431 1339 1452 sa
1349 1418 1418 1464 fille
1432 1416 1576 1460 Marias
1589 1416 1693 1451 dame
1706 1417 1747 1451 de
1760 1416 1897 1452 Ninove
1907 1445 1916 1460 ,

720 1494 742 1514 a
758 1482 844 1525 faits
859 1493 931 1527 par
949 1484 1133 1513 testantem
1149 1477 1171 1512 ὰ
1191 1478 1360 1524 [abbaye.
1385 1497 1432 1502 —
1450 1475 1590 1510 Nmoviz.

1120 1676 1192 1700 1277.

444 1762 474 1788 Je
488 1762 602 1789 Jehans.
620 1761 661 1787 dis
675 1761 741 1787 sires
754 1760 964 1786 d'Audeunarde
974 1780 981 1792 ,
998 1760 1067 1785 sires
1081 1757 1115 1784 de
1130 1758 1224 1784 Rosoit
1234 1778 1240 1790 ⁷
1257 1756 1317 1783 sach
1328 1758 1343 1783 ἐι
1356 1766 1437 1783 savor
1449 1758 1464 1782 a
1476 1762 1538 1782 tous
1549 1756 1644 1782 chiaus
1656 1756 1690 1782 ke
1703 1764 1748 1782 ces
1761 1755 1844 1782 letres
1857 1765 1918 1782 ver-

410 1815 469 1835 runt
483 1814 508 1834 et
523 1813 635 1840 oui-out,
652 1817 705 1843 que
715 1807 763 1841 j'ai
776 1807 826 1833 veu
841 1807 866 1832 le
882 1812 963 1833 lenur
977 1806 1012 1832 do
1026 1810 1171 1831 testament
1182 1804 1216 1830 de
1230 1813 1272 1830 me
1285 1804 1378 1830 cliiere
1391 1803 1447 1830 fille
1460 1803 1560 1835 Marie,
1572 1803 1645 1837 jadis
1659 1803 1738 1829 dame
1752 1803 1786 1829 de
1798 1803 1898 1829 Nineve
1909 1824 1916 1834 ‚

409 1856 480 1882 saele
495 1856 528 1881 'de
541 1865 587 1881 sen
610 1854 664 1880 sael
680 1859 706 1880 et
725 1854 779 1880 saei
794 1863 855 1879 mon
878 1863 978 1889 segnor
998 1852 1086 1879 Jehan
1107 1852 1140 1878 de
1160 1851 1241 1878 Neela
1251 1872 1258 1883 ,
1278 1851 1360 1887 qu'on
1380 1851 1420 1877 dit
1439 1851 1473 1877 de
1490 1850 1593 1877 Falleni
1602 1871 1609 1883 ‚
1632 1850 1658 1876 ki
1679 1850 1773 1886 parole
1792 1859 1826 1876 en
1846 1855 1919 1877 ceste

411 1904 493 1929 forme
507 1913 513 1928 :
528 1903 559 1928 Je
571 1903 667 1933 Marie,
687 1901 764 1927 dame
776 1902 810 1927 de
823 1902 923 1927 Nineve
934 1922 940 1934 ,
957 1901 1053 1927 semme
1066 1909 1127 1926 mon
1140 1909 1241 1935 segnor
1258 1899 1361 1926 Jehans
1372 1899 1406 1925 de
1418 1898 1500 1925 Neela
1510 1919 1517 1931 ,
1533 1898 1685 1930 chevalier,
1703 1897 1879 1924 considerans
1893 1902 1920 1923 et

409 1951 550 1976 alleudans
563 1959 615 1985 que
627 1949 739 1975 honeste
753 1949 835 1975 chose
849 1954 890 1975 est
904 1953 930 1975 et
944 1948 1090 1984 profitable
1101 1948 1177 1973 amoi
1190 1947 1224 1973 de
1235 1956 1335 1983 penser
1349 1956 1384 1973 au
1397 1946 1456 1972 salu
1470 1946 1504 1972 de
1519 1946 1628 1978 m'ame‚
1645 1945 1684 1972 fas
1698 1955 1760 1971 mon
1775 1949 1921 1971 testament

408 2007 440 2023 en
454 2006 493 2023 me
505 1998 557 2023 bon
564 2007 625 2023 sens
639 2001 665 2022 et
681 2006 713 2022 cn
725 2006 784 2022 men
797 1996 849 2022 bon
860 1996 1000 2027 memorie,
1010 2001 1037 2021 et
1045 1995 1148 2021 ordene
1159 1995 1192 2021 de
1201 2002 1257 2020 mes
1266 1995 1343 2020 biens
1350 2003 1383 2020 en
1392 1993 1446 2020 tele
1455 1993 1559 2019 manire
1594 1993 1805 2028 premierment,
1816 1992 1846 2026 je
1859 1991 1919 2018 voel

409 2054 461 2080 que
483 2046 515 2070 de
533 2053 593 2070 mon
612 2044 663 2070 fiel·
679 2043 713 2069 de
728 2043 852 2069 Lessines
863 2064 870 2075 ,
889 2043 915 2069 1ιί
927 2049 991 2070 vaut
1004 2047 1067 2069 cent
1079 2042 1127 2068 lib.
1144 2042 1178 2068 de
1192 2043 1289 2078 parisis
1303 2051 1353 2077 par
1369 2051 1402 2067 an
1414 2062 1420 2073 ,
1438 2050 1492 2076 que
1503 2041 1532 2074 je
1547 2041 1623 2076 tieng
1638 2040 1671 2066 de
1686 2049 1748 2066 mon
1761 2039 1838 2066 chier
1855 2039 1920 2074 pere

411 2102 469 2117 mon
484 2101 582 2127 segnor
595 2091 682 2117 Jehan
695 2090 896 2122 d'Audenarde,
912 2090 1061 2121 chevalier,
1071 2090 1096 2116 le
1110 2090 1205 2125 quinte
1220 2090 1308 2125 partie
1322 2089 1348 2114 ki
1363 2093 1429 2115 vaut
1441 2089 1499 2115 vint
1513 2088 1595 2114 livres
1609 2088 1643 2114 de
1655 2088 1752 2123 parisis
1765 2096 1815 2122 par
1824 2096 1872 2119 an,
1887 2096 1920 2113 en

411 2141 461 2165 soit
475 2139 612 2165 converlie
624 2148 673 2173 par
686 2138 725 2164 les
739 2139 823 2164 mains
834 2139 867 2165 de
878 2148 934 2165 mes
946 2138 1122 2173 exequleurs,
1133 2137 1244 2164 l'abbeit
1255 2143 1282 2163 et
1292 2137 1308 2163 li
1322 2137 1416 2172 prieus
1429 2136 1463 2162 de
1472 2136 1531 2162 vau
1544 2135 1563 2161 li
1573 2136 1623 2161 noi
1632 2156 1639 2166 ,
1652 2135 1697 2161 del
1709 2134 1812 2161 ordene
1820 2134 1854 2160 de
1865 2134 1921 2160 Cis-

413 2187 495 2214 liaux.
508 2191 535 2212 et
548 2185 657 2211 l'abheit
668 2190 695 2211 et
710 2185 727 2210 li
742 2186 834 2220 prieus
845 2185 879 2212 de
891 2186 1003 2217 Nineve,
1018 2184 1062 2210 del
1075 2185 1179 2211 ordene
1192 2185 1225 2211 de
1239 2183 1427 2216 Premonstre,
1442 2192 1476 2209 en
1490 2188 1565 2209 estor
1577 2182 1659 2209 d'une
1672 2181 1827 2217 chapelerie
1839 2182 1876 2207 οὐ
1885 2190 1919 2207 οη

411 2233 537 2258 chautera
547 2241 632 2257 messe
641 2233 656 2257 a
668 2232 796 2266 tousjors
808 2226 857 2267 por
865 2232 890 2258 le
901 2231 1009 2257 remede
1020 2231 1053 2257 de
1063 2230 1156 2257 m'ame
1167 2236 1194 2257 et
1202 2231 1235 2257 de
1248 2240 1304 2257 mes
1316 2230 1487 2261 anchiseurs‚
1496 2229 1521 2255 la
1530 2229 1611 2265 quele
1624 2228 1813 2264 chapelerieje
1824 2228 1883 2255 voel
1893 2233 1920 2254 et

412 2280 513 2305 ordone
526 2288 579 2314 que
593 2278 634 2304 ele
646 2279 698 2304 soil
707 2278 771 2305 saite
782 2289 814 2305 en
826 2279 919 2305 l’abbie
927 2279 957 2305 de
966 2278 1065 2305 Nineve
1075 2283 1099 2304 et
1107 2289 1165 2305 sera
1176 2279 1206 2305 de
1218 2280 1309 2305 valem-
1320 2278 1351 2304 tle
1362 2279 1419 2304 vz'nt
1433 2277 1479 2303 lib.
1495 2277 1529 2303 de
1540 2277 1648 2312 parisis⁷
1657 2285 1757 2302 cascun
1770 2285 1815 2308 an,
1825 2285 1859 2302 en
1870 2275 1922 2301 tele

414 2327 513 2352 manire
526 2335 579 2361 que
592 2324 610 2351 li
625 2325 708 2352 abbes
718 2331 746 2352 et
759 2325 779 2352 li
790 2335 909 2352 couvens
920 2326 964 2352 del
975 2325 1055 2351 abbie
1065 2325 1165 2352 devant
1177 2326 1232 2352 dite
1245 2326 1396 2352 renderont
1409 2333 1509 2351 caseun
1521 2333 1555 2350 an
1568 2323 1821 2359 permanablement
1832 2322 1867 2349 de
1879 2331 1923 2348 ces

413 2374 467 2398 vint
476 2373 524 2399 lib.
533 2373 631 2399 devant
644 2373 694 2403 dis,
707 2373 748 2399 dis
760 2373 809 2399 lib.
824 2373 858 2400 de
870 2374 966 2409 parisis
980 2375 996 2399 ἁ
1008 2372 1145 2408 l’hospital
1154 2373 1185 2399 de
1196 2373 1297 2400 Nineve
1307 2383 1358 2408 par
1365 2373 1485 2408 pitance,
1496 2376 1524 2398 eL
1533 2371 1551 2397 li
1564 2376 1644 2398 autre
1653 2371 1750 2397 dislib.
1761 2369 1923 2397 serontluer

415 2429 462 2454 par
471 2420 495 2445 la
505 2421 593 2446 raison
602 2419 635 2446 de
643 2420 668 2446 la
680 2418 833 2456 chapelerie
843 2431 849 2455 ς
860 2414 1030 2455 εῑῖεὴΙιεηε
1039 2442 1046 2453 ,
1057 2420 1098 2447 dis
1108 2422 1177 2447 sires
1186 2421 1390 2451 d'Audenarde,
1401 2420 1469 2446 sires
1478 2419 1511 2445 de
1521 2419 1615 2445 Rosoit
1625 2439 1632 2451 ,
1643 2418 1744 2445 devant
1753 2417 1857 2449 nomes,
1868 2421 1924 2443 met

415 2476 473 2492 mon
486 2471 665 2492 assentement
677 2476 711 2492 au
726 2472 870 2494 testament
883 2468 931 2494 des
944 2468 1001 2494 vint
1013 2467 1061 2495 lib.
1074 2468 1175 2495 devant
1183 2468 1238 2501 diS,
1253 2477 1306 2503 que
1317 2477 1359 2493 ma
1372 2466 1428 2493 fille
1441 2466 1543 2493 devant
1553 2465 1609 2492 dite
1623 2475 1638 2491 a
1651 2464 1710 2498 fait,
1724 2469 1751 2491 et
1761 2464 1791 2498 je
1800 2463 1922 2490 l'octroie

2130 369 2137 714 ——4-——Q‚—-r
2135 343 2137 348 Δ
2132 291 2137 331 „2st
