2118 3184
524 416 748 452 cunone-x
778 417 945 452 AEGlDlI
974 418 1015 452 LI
1044 417 1208 452 MUlSlS.
1554 420 1624 455 395

110 525 345 573 quadraginta
369 524 443 559 dies
467 526 650 559 morietur.
682 525 769 558 ltem
793 525 849 558 alii
870 531 938 558 tres
965 525 1038 560 dies
1062 538 1144 560 cum
1174 526 1335 560 noctibus
1361 526 1432 560 suis
1456 533 1557 569 sunt,
1588 527 1622 559 in

109 585 240 631 quibus
267 585 396 618 femina
419 596 489 617 non
513 584 685 630 concipit;
714 590 746 617 et
775 584 801 616 si
833 584 911 629 quis
938 585 1112 619 masculus
1140 585 1174 618 in
1200 584 1254 619 his
1281 585 1394 619 tribus
1417 583 1542 618 diebus
1570 584 1621 617 vel

109 644 272 678 noctibus
298 649 490 689 conceptus
515 643 619 676 fuerit
648 649 682 676 et
714 649 835 676 natus.
864 655 992 689 corpus
1021 644 1111 678 illius
1140 656 1323 690 nunquam
1353 649 1619 689 corrumpetur,

109 714 221 747 usque
247 702 281 735 in
302 701 395 735 diem
415 700 540 746 judicii
555 728 563 738 ,
594 700 753 735 videlicet
779 701 923 735 ultimus
944 701 1018 735 dies
1048 703 1247 737 Decembris
1275 709 1309 736 et
1329 702 1401 736 duo
1419 702 1494 736 dies
1517 702 1621 748 primi

107 760 276 794 Januarii.
299 759 379 792 Rari
399 766 481 793 sunt
499 760 560 805 qui
581 759 650 793 hoc
668 759 797 794 sciant.
818 766 852 793 et
870 772 992 794 verum
1008 766 1072 793 cst.

108 895 310 930 Acmdentm
336 908 425 941 quae
455 901 645 929 creuerunt
674 898 711 929 in
742 908 836 928 amm
870 895 976 930 MCC
979 895 1053 938 CL,
1083 909 1151 943 pet·
1176 897 1401 943 praedictum
1433 896 1619 943 Acylclz'um

155 954 314 988 abbatem
347 954 454 988 Santi
484 953 642 988 Martini
670 953 918 995 Tornaeeusi-s‘,
957 955 1122 988 ordinata
1153 961 1183 989 et
1209 958 1396 1002 roffi-strata
1421 960 1453 988 et
1472 957 1619 1001 posteris

157 1013 386 1047 demandata.

154 1110 289 1145 Notum
321 1111 363 1144 sit
393 1112 562 1145 omnibus
589 1112 718 1146 futuris
745 1113 833 1146 scire
859 1112 1078 1145 volentibus.
1112 1111 1209 1157 quod
1241 1112 1277 1144 in
1311 1124 1404 1145 anno
1436 1110 1619 1145 millesimo

107 1169 353 1203 trecentesimo
373 1170 691 1217 quinquagesimo,
718 1169 793 1204 dics
811 1176 952 1204 sanctus
974 1170 1127 1204 Paschae
1148 1170 1217 1203 fuit
1238 1170 1401 1203 vicesima
1423 1177 1544 1204 octava
1562 1170 1619 1204 dic

106 1228 235 1262 mensis
249 1227 376 1262 Martii.
392 1235 427 1262 ct
443 1229 480 1262 in
494 1228 550 1262 die
565 1229 659 1263 Jovis
672 1228 895 1274 praecedenti
905 1255 913 1271 ‚
930 1229 1013 1274 quia
1029 1228 1095 1262 fuit
1110 1229 1147 1261 in
1161 1240 1270 1262 coena
1286 1229 1425 1262 Domini
1437 1255 1445 1271 7
1464 1229 1531 1262 fuit
1545 1229 1618 1263 dies

105 1287 383 1321 annuntiationis
406 1288 517 1322 factae
536 1299 599 1332 per
620 1287 785 1335 angelum
804 1286 1000 1321 Gabrielem
1023 1286 1158 1333 Virgini
1179 1287 1368 1334 gloriosae,
1390 1293 1425 1320 et
1442 1287 1510 1321 fuit
1529 1287 1619 1321 facta

105 1345 294 1379 solennitas
322 1346 357 1378 in
383 1344 440 1379 die
466 1345 559 1379 Jovis
588 1344 833 1390 praecedenti,
861 1351 896 1378 et
921 1344 1110 1378 solennitas
1137 1345 1247 1379 sancti
1270 1345 1450 1379 Benedicti
1472 1346 1540 1379 fuit
1562 1345 1618 1379 die

105 1403 209 1438 lunae
227 1403 263 1437 in
277 1403 430 1438 crastino
445 1403 647 1437 Palmarum
663 1403 848 1437 celebrata.
867 1403 990 1436 Annus
1003 1409 1121 1436 autem
1137 1403 1470 1451 quinquagesimus,
1489 1415 1617 1437 secun-

104 1461 191 1496 dum
215 1461 345 1508 stylum
372 1462 490 1495 curiae
518 1474 703 1505 romanae,
730 1461 862 1507 incepit
891 1462 928 1494 in
954 1460 1011 1495 die
1039 1461 1227 1495 nativitatis
1253 1462 1456 1496 Dominicae
1475 1474 1618 1508 praece-

105 1519 225 1563 denti,
255 1520 339 1566 quia
367 1519 571 1554 tabelliones
595 1526 631 1554 et
661 1520 848 1566 scriptores
880 1526 1020 1565 ponunt
1051 1520 1087 1553 in
1119 1520 1350 1565 prothocollis
1380 1526 1414 1554 et
1446 1520 1568 1554 litteris
1599 1533 1618 1554 a

107 1578 287 1612 nativitate
306 1579 447 1612 Domini
460 1605 468 1621 ‚
490 1585 523 1613 et
543 1579 579 1612 in
599 1591 710 1627 regno
729 1578 892 1613 Franciae
909 1585 945 1612 et
966 1579 1002 1612 in
1023 1578 1184 1624 pluribus
1206 1579 1291 1614 locis
1308 1585 1447 1625 ponunt
1465 1578 1509 1613 de
1531 1591 1618 1613 con-

105 1635 293 1671 suetudine
311 1637 356 1671 ab
375 1637 627 1672 incarnatione.

152 1694 345 1729 Sciendum
366 1702 417 1729 est
440 1702 558 1730 autem
583 1695 702 1742 quod,
728 1708 748 1730 a
770 1694 948 1741 praedicta
967 1694 1024 1729 die
1047 1695 1235 1729 nativitatis
1258 1708 1372 1742 usque
1393 1695 1438 1730 ad
1460 1696 1591 1730 Pascha
1605 1723 1613 1738 ,

106 1764 218 1799 pauca
234 1759 429 1787 evenerunt
447 1754 637 1788 memoriae
656 1752 949 1788 commendanda.
970 1754 1143 1787 Rumores
1158 1760 1297 1787 tantum
1312 1760 1411 1788 erant
1430 1753 1474 1787 dc
1489 1766 1616 1801 guerra

104 1811 196 1845 inter
214 1823 313 1859 reges
328 1811 492 1845 Franciae
505 1818 540 1846 et
558 1812 702 1860 Angliae
714 1839 723 1855 τ
739 1810 838 1858 quod
853 1811 889 1845 in
907 1812 1051 1845 remotis
1066 1812 1287 1859 regionibus,
1308 1811 1470 1845 videlieet
1482 1812 1519 1845 in
1538 1812 1616 1846 Bri-

103 1870 248 1913 tannia,
276 1870 314 1904 in
343 1870 533 1914 Gasconia,
562 1871 599 1905 in
631 1871 785 1905 Pictavia
812 1877 847 1904 et
871 1871 908 1904 in
935 1870 1169 1914 Normannia,
1202 1876 1324 1918 gentes
1352 1870 1443 1918 regis
1471 1870 1614 1918 Angliae

103 1929 219 1972 villas,
240 1928 374 1975 oppida
391 1936 426 1964 et
443 1936 565 1978 gentes
583 1930 738 1964 multum
756 1930 970 1963 infestabant
983 1936 1017 1963 et
1031 1930 1301 1975 opprimebantx,
1322 1936 1357 1963 et
1376 1942 1435 1963 rex
1452 1930 1475 1963 F
1478 1930 1615 1963 ranciae

105 1988 284 2034 principes
306 1995 342 2022 et
359 1995 554 2023 armaturas
580 1989 711 2035 pluries
733 1989 826 2022 misit
844 1994 966 2022 contra
989 2000 1061 2021 eos.
1087 1987 1156 2022 Sed
1174 1987 1263 2034 quid
1284 1988 1332 2022 ibi
1354 1988 1488 2022 factum
1509 1988 1614 2021 fuerit

105 2046 349 2094 registratione
366 2047 516 2095 dignum
529 2075 538 2091 ‚
559 2048 654 2082 nulla
668 2047 765 2094 apud
784 2059 848 2081 nos
866 2045 1042 2080 certitudo
1060 2046 1273 2080 habebatur.
1294 2045 1430 2080 Idcirco
1445 2046 1614 2079 omissum

101 2111 154 2139 est
179 2117 199 2139 a
224 2118 280 2140 me
305 2106 505 2154 registrare.
532 2107 636 2140 Fama
660 2112 780 2140 tamen
806 2111 880 2139 erat
906 2104 1005 2150 quod
1031 2111 1194 2152 treugae,
1222 2104 1276 2138 vel
1299 2110 1498 2150 respectus,
1524 2104 1615 2136 inter

104 2175 205 2212 reges
219 2164 430 2207 haberetur3
451 2171 485 2198 et
499 2165 579 2198 licet
597 2164 834 2198 communiter
846 2163 986 2198 dicatur
999 2162 1098 2210 quod
1111 2175 1300 2197 commune
1317 2162 1454 2197 dictum
1468 2162 1613 2196 omnino

102 2234 174 2256 non
198 2229 249 2257 est
276 2223 421 2266 falsum,
453 2223 550 2257 nulla
572 2230 691 2257 tamen
714 2222 890 2258 certitudo
919 2222 1130 2256 habebatur.
1157 2221 1226 2256 Sed
1251 2221 1351 2268 quod
1378 2222 1612 2256 communitas

101 2281 323 2327 concupiscit
341 2281 442 2315 facile
458 2280 547 2315 illud
565 2281 689 2315 credit.

149 2338 217 2373 Per
235 2338 494 2373 ordinationem
514 2339 649 2373 domini
666 2340 795 2373 summi
814 2339 991 2385 pontificis
1008 2338 1196 2372 Clementis
1212 2350 1323 2384 papae
1341 2338 1427 2372 sexti
1445 2344 1480 2372 et
1494 2337 1614 2372 domi-

102 2409 231 2432 norum
257 2397 511 2441 cardinalium,
539 2397 583 2432 de
613 2410 737 2432 eorum
764 2398 944 2432 communi
971 2409 1162 2441 consensu,
1189 2409 1255 2443 pro
1279 2397 1382 2431 certis
1408 2397 1521 2431 causis
1544 2396 1612 2430 fuit

100 2448 357 2491 concordatum
386 2455 486 2503 quod
511 2456 722 2491 centesimus
745 2468 858 2490 annus
887 2454 1190 2503 indulgentiarum
1213 2455 1450 2503 generalium,
1477 2455 1514 2488 in
1539 2466 1611 2500 quo

101 2515 292 2550 centesimo
311 2528 404 2551 anno
423 2516 577 2562 populus
602 2515 814 2550 christianus
833 2527 854 2549 a
879 2515 1016 2549 cunctis
1039 2514 1135 2549 orbis
1156 2514 1317 2561 partibus
1335 2514 1466 2549 Romae
1492 2513 1612 2548 limina
