2118 3184
544 413 766 448 ‹tflnoxlcx
799 415 964 449 AEGIDH
993 414 1032 448 Ll
1064 414 1227 448 MUtsls.
1573 416 1637 449 35¹1

545 522 591 555 De
610 522 703 555 falsis
722 522 903 555 monachis
922 529 1096 568 quantum
1117 522 1290 570 intelligo.

543 580 747 614 Secundum
765 593 869 626 opera
889 593 980 627 quae
997 580 1042 614 de
1059 581 1113 614 his
1132 580 1251 614 audio.

544 639 621 673 Non
640 640 733 673 enim
752 639 846 673 aliud
866 646 950 685 opto
968 652 1180 686 componere
1194 667 1201 673 .

451 697 517 732 180
545 699 614 732 Nec
634 710 765 731 novum
784 698 917 744 aliquid
936 711 1068 745 quaero
1085 700 1288 746 confingere
1300 726 1307 731 .

546 757 686 791 Praeter
705 757 773 791 hoc
792 757 889 804 quod
910 757 995 807 milii
1016 757 1060 791 de
1078 757 1144 791 illis
1163 757 1310 791 dieitur.

544 818 656 862 Atque
675 828 737 862 per
755 815 896 849 eosdem
918 816 1009 849 foras
1027 815 1241 849 extenditur.

544 875 611 920 Ipsi
631 874 674 908 de.
696 874 805 908 nihilo
827 875 918 908 inter
936 888 971 908 se
992 881 1237 908 murmurant.

542 934 583 967 Et
600 935 690 968 sicut
708 934 862 967 feminae
878 933 1097 980 quandoque
1116 934 1253 982 litigant
1266 961 1273 966 .

449 991 517 1027 185
542 993 678 1026 Habent
695 993 761 1026 sub
781 993 879 1026 labiis
897 1005 1073 1026 venenum
1093 992 1254 1038 aspidum
1268 1019 1275 1025 .

541 1050 657 1097 Seque
675 1051 845 1085 dilaniant
865 1064 962 1085 more
981 1051 1212 1097 serpentium.

543 1111 584 1144 [lt
604 1122 706 1144 canes
725 1111 911 1144 conferunt
931 1111 1132 1144 inimicitias
1145 1137 1153 1153 .

544 1171 656 1215 Atque
677 1169 850 1203 latrabiles
868 1175 979 1216 agunt
998 1168 1153 1202 insidias.

543 1227 577 1261 Si
597 1227 729 1261 debent
746 1227 846 1260 silere
864 1228 996 1272 templo
1014 1227 1067 1260 vel
1086 1227 1198 1273 epulis

449 1285 515 1319 190
541 1286 754 1332 Loquuntur
771 1292 806 1318 et
824 1292 960 1319 certant
978 1286 1086 1333 signis
1104 1291 1139 1318 et
1157 1285 1279 1319 oculis.

548 1344 739 1377 Laetantur
756 1343 964 1387 daemones7
988 1356 1070 1377 cum
1090 1344 1176 1378 haec
1198 1345 1389 1390 aspiciunt.

542 1403 582 1436 Et
599 1409 783 1448 peccantes
802 1402 912 1450 magis
930 1414 1075 1448 peccare
1094 1402 1240 1436 faciunt.

542 1461 612 1503 Qui
631 1468 770 1495 tantum
789 1460 916 1494 invidis
935 1461 1137 1494 ministrant
1156 1461 1279 1495 odium

541 1519 647 1561 Quod
665 1519 754 1554 ordo
773 1520 922 1553 vertitur
940 1519 1006 1553 illis
1025 1520 1061 1553 in
1080 1519 1251 1554 taedium.

448 1578 516 1614 195
541 1579 746 1627 Suggerunt
761 1578 951 1612 daemones
970 1579 1036 1612 illis
1052 1578 1220 1612 invidiam

542 1639 706 1685 Iramque
723 1638 898 1671 seminant
911 1665 919 1681 ‚
941 1638 1102 1684 plantant
1119 1637 1332 1672 discordiam
1346 1666 1354 1681 -.

545 1698 659 1732 Bonos
677 1710 713 1731 se
732 1698 865 1745 fingere
883 1703 1010 1745 rogant
1027 1697 1247 1742 hypocritas.

542 1757 660 1791 Justos
677 1769 713 1791 se
732 1756 848 1790 dicere
867 1763 999 1804 cogunt
1019 1763 1215 1802 apostatas3

543 1816 633 1850 Nam
650 1816 733 1849 victi
751 1816 895 1861 plurimi
915 1815 1131 1849 daemonum
1150 1815 1285 1849 artibus
1297 1843 1306 1859 a

446 1874 517 1909 200
544 1875 585 1908 Et
603 1874 702 1908 malis
721 1875 826 1908 illecti
849 1874 1089 1917 suasionibus,

545 1934 631 1967 Tam
653 1934 766 1967 Deum
784 1945 891 1979 quam
912 1933 987 1966 loca
1004 1932 1190 1966 dimittunt
1208 1933 1346 1967 leviter.

544 1993 583 2026 In
600 1993 732 2039 quibus
750 1997 925 2025 noverunt
942 1998 1032 2025 stare
1048 1991 1230 2025 stabiliter.

544 2052 603 2085 Est
620 2052 731 2085 virtus
748 2051 867 2097 itaque
887 2062 1013 2098 magna
1034 2050 1189 2093 Diaboli,

544 2111 610 2144 Per
629 2123 736 2156 quem
755 2110 905 2144 convicti
923 2116 1005 2143 sunt
1024 2109 1128 2143 etiam
1148 2110 1331 2153 monachi.

446 2168 518 2204 205
545 2169 615 2209 Qui
635 2169 733 2215 prius
751 2168 893 2202 fuerant
911 2167 1033 2201 famuli
1055 2167 1194 2201 Domini

545 2228 585 2261 Et
603 2227 710 2261 modo
728 2226 943 2261 daemonum
962 2226 1044 2260 facti
1063 2232 1147 2259 sunt
1164 2226 1260 2260 socii.

544 2286 585 2319 In
604 2285 705 2319 terris
723 2285 833 2333 igitur
851 2285 953 2331 pauci
974 2291 1057 2318 sunt
1075 2284 1237 2328 ordines,

545 2344 707 2385 Quorum
728 2356 798 2377 non
819 2343 954 2389 aliquos
973 2344 1183 2377 convincant
1198 2342 1400 2378 daemones.

544 2403 743 2437 Vincuntur
761 2403 890 2436 etenim
910 2403 971 2449 qui
991 2402 1036 2436 ad
1053 2402 1122 2436 hoc
1140 2403 1299 2436 seculum

448 2461 519 2496 210
547 2461 709 2497 Redeunt
722 2489 731 2506 ‚
752 2462 858 2495 veluti
877 2474 980 2496 canes
1000 2461 1044 2496 ad
1063 2462 1248 2496 vomitum.

546 2521 698 2555 Abbates
716 2533 822 2566 super
840 2521 895 2555 his
915 2533 976 2555 cor
995 2521 1127 2555 habent
1145 2521 1295 2567 impium
1308 2548 1316 2563 .
