2137 3131
390 368 460 402 944
997 356 1139 392 APPEN
1145 354 1284 391 DICES.

391 478 455 503 (lum
469 476 502 502 de
517 473 619 501 Pamela
629 493 635 501 ,
653 468 843 497 Herbi-andum
857 466 976 502 Stormp,
993 464 1159 491 Willelmum
1172 463 1207 489 de
1221 462 1344 498 Berqlien
1355 466 1383 487 et
1398 460 1550 486 Walterum
1562 458 1666 485 dictum
1679 457 1787 484 Fratre.
1803 458 1900 484 Actum

391 529 417 549 et
428 524 519 549 datum
530 520 601 556 apud
617 517 748 545 Pamelam
760 538 766 546 ,
782 516 808 541 in
823 515 893 541 atrio
903 535 909 546 ‚
925 522 996 539 anno
1009 507 1115 539 Domini
1126 509 1319 541 MCCLxxxl‚
1335 517 1428 535 mense
1442 507 1551 534 Martio.

1280 574 1389 607 Original
1398 593 1403 597 .
1417 574 1478 598 deux
1490 579 1575 597 sceaux
1584 579 1613 596 en
1627 571 1675 596 cire
1686 571 1769 596 brune.

1101 659 1162 670 u

1068 896 1214 931 CCL111.

391 1004 453 1038 Les
476 1003 631 1036 dohec-ins
652 1002 693 1035 de
715 1000 896 1035 Meerheke
916 997 1094 1032 de'clarent
1115 1010 1181 1043 que
1210 996 1314 1031 Gilles
1337 994 1539 1029 cl’Elseheke
1560 1007 1583 1028 a
1604 1006 1692 1042 refu
1716 993 1823 1028 d⁷une
1844 993 1902 1028 [ιε’-

434 1064 554 1108 quine,
576 1059 730 1093 nomme'e
751 1058 954 1099 Catherine,
975 1070 1024 1091 un
1045 1054 1362 1090 demi-honm'erde
1380 1060 1475 1087 terre
1493 1053 1714 1095 laborarahle,
1731 1066 1808 1087 aua·
1825 1065 1903 1087 eon-

439 1119 566 1153 de'tz'ons
583 1117 755 1151 anneoee'es
773 1114 796 1149 ἀ
815 1116 912 1149 Z’acte
930 1115 955 1149 ¹.
979 1136 1026 1140 —
1046 1114 1234 1149 ΜΕΕΒΒΕΚΕ.

1110 1312 1182 1336 1281.

430 1398 568 1424 Lniversis
581 1401 737 1432 praesentes
752 1396 856 1422 litteras
868 1395 968 1421 visuris
983 1399 1011 1420 et
1022 1393 1172 1425 audituris,
1189 1393 1293 1419 scabini
1307 1392 1341 1419 de
1353 1392 1496 1419 Merbecca
1507 1392 1623 1419 salutem
1635 1397 1663 1419 et
1676 1401 1790 1419 noscere
1805 1393 1906 1419 verita-

393 1451 456 1472 tem.
468 1444 642 1471 Universitali
651 1447 758 1469 vestrae
771 1448 867 1468 tenore
879 1442 1065 1477 praesentium
1077 1440 1262 1476 significamus
1271 1460 1277 1466 .
1291 1439 1364 1475 quod
1376 1439 1506 1476 Aegidius
1517 1439 1551 1465 de
1563 1439 1684 1466 Etsebeke
1693 1459 1702 1473 ,
1714 1439 1788 1466 filius
1797 1438 1906 1472 Clarae,

393 1492 531 1518 dimidium
542 1490 683 1516 bonarium
693 1495 781 1515 terrae
788 1488 898 1515 arabilis
905 1491 988 1514 situm
995 1487 1068 1523 apud
1077 1487 1199 1513 Elsebeke
1206 1495 1302 1512 versus
1309 1485 1511 1522 Lamfrt'nqbem
1518 1506 1526 1519 ‚
1535 1485 1570 1512 de
1579 1491 1653 1512 terra
1661 1486 1799 1522 quondam
1808 1486 1909 1522 Diony-

393 1540 424 1566 sii
439 1538 472 1564 de
490 1536 620 1570 Elsebeke,
633 1537 660 1562 in
674 1536 808 1571 superiori
823 1541 900 1571 parte
911 1544 1008 1561 versus
1021 1534 1191 1566 Mer-beccam
1200 1554 1207 1565 ‚
1223 1542 1306 1568 quam
1319 1533 1372 1559 sub
1386 1542 1478 1559 annuo
1492 1542 1576 1559 censu
1594 1533 1713 1559 duorum
1728 1533 1904 1561 denariorum

395 1585 588 1611 lovaniensium
602 1583 709 1609 domina
722 1583 858 1608 abbatissa
867 1581 1129 1608 Nivellensis·teuuit
1138 1601 1144 1613 ‚
1156 1581 1184 1606 in
1197 1585 1290 1606 nostra
1299 1579 1631 1621 praesentia'Catherinae
1640 1601 1648 1612 ,
1663 1579 1800 1616 beghinae
1809 1602 1817 1614 ‚
1831 1581 1906 1617 apud

395 1632 622 1658 Bellum-Pratum
632 1631 825 1661 commoranti,
840 1630 913 1656 filiae
925 1629 1063 1665 quondam
1072 1628 1206 1655 ,Iohannis
1223 1627 1329 1654 dictide
1340 1627 1487 1653 Cameraco
1495 1632 1523 1654 et
1536 1627 1721 1663 Ermegardis,
1730 1628 1791 1663 ejus
1799 1630 1906 1660 ιιιοι-ῐε,

394 1690 444 1716 pro
457 1679 573 1715 quadam
585 1683 658 1704 certa
671 1679 802 1713 pecuniae
815 1687 919 1704 summa
933 1677 1056 1704 vendidit
1070 1682 1098 1703 et
1110 1676 1144 1702 ad
1157 1685 1227 1711 opus
1240 1676 1326 1711 ipsius
1340 1675 1503 1701 Catherinae
1518 1675 1688 1710 praedictum
1703 1675 1845 1703 dimidium
1858 1677 1908 1702 bo-

395 1727 499 1752 narium
514 1731 603 1752 terrae
614 1727 641 1751 in
652 1735 747 1752 manus
760 1727 847 1752 nostri
858 1725 941 1752 villici
954 1725 1122 1761 resignavit,
1136 1729 1164 1750 et
1177 1723 1329 1750 secundum
1344 1732 1423 1749 usum
1436 1728 1464 1749 et
1476 1723 1564 1759 legem
1578 1723 1682 1758 patriae
1694 1723 1767 1750 omni
1775 1724 1834 1758 juri
1844 1733 1906 1755 suo,

395 1773 467 1809 quod
482 1774 508 1799 in
525 1773 596 1799 dicto
612 1772 723 1798 dimidio
741 1772 855 1798 bouario
874 1777 964 1798 terrae
984 1771 1082 1797 habuit
1098 1770 1284 1798 effestucando
1298 1770 1480 1804 renuntiavit5
1497 1769 1596 1796 deinde
1610 1769 1717 1797 villicus
1734 1770 1906 1806 praedictus.

396 1829 456 1847 cum
470 1820 541 1845 omni
551 1820 615 1854 jure
627 1828 681 1854 quo
694 1824 836 1854 receperat
847 1819 951 1845 dictum
961 1818 1103 1844 dimidium
1117 1818 1260 1844 bonarium
1275 1822 1366 1843 terrae
1377 1816 1495 1843 contulit
1504 1816 1667 1843 catherinae
1678 1817 1836 1853 praedictae
1847 1817 1911 1844 hae-

395 1867 522 1894 reditarie
541 1867 696 1893 habendum
714 1871 742 1892 et.
759 1866 963 1902 possidendum.
984 1866 1044 1902 Quo
1066 1865 1136 1892 sacto
1149 1887 1155 1896 ,
1171 1865 1242 1891 dicia
1261 1864 1407 1891 Catherina
1420 1863 1592 1900 praedictum
1608 1864 1748 1891 dimidium
1762 1865 1907 1891 bonarium

395 1920 484 1940 terrae
503 1914 621 1940 reddidit
640 1913 764 1949 praefato
778 1914 892 1950 Aegidio
912 1914 1024 1949 pacifice
1038 1918 1065 1940 et
1079 1913 1172 1949 quiete
1189 1911 1334 1938 colendum
1355 1917 1382 1938 et
1397 1911 1593 1947 possidendum
1603 1933 1611 1944 ‚
1631 1921 1682 1947 pro
1694 1912 1807 1938 dimidio
1818 1911 1910 1938 modio

395 1961 523 1997 siliginis.
540 1961 573 1986 ad
591 1960 660 1987 duos
677 1961 803 1987 denarios
820 1961 847 1986 in
865 1960 925 1986 foro
943 1961 1080 1987 communi
1097 1959 1217 1986 melioris
1231 1968 1293 1985 cum
1312 1968 1442 1985 mensura
1459 1958 1597 1984 Ninivensi
1614 1958 1648 1984 ab
1666 1959 1726 1994 ipso
1739 1959 1854 1995 Aegidio
1867 1959 1910 1985 vel

397 2009 454 2042 ejus
467 2008 669 2034 successoribus
687 2009 827 2034 annuatim
842 2009 868 2034 in
882 2008 951 2034 sesto
965 2009 1085 2034 omnium
1099 2013 1256 2034 sauciorum
1271 2006 1427 2042 praedictae
1441 2005 1604 2032 Catheriuae
1619 2006 1660 2033 vel
1673 2006 1734 2041 ejus
1747 2007 1913 2033 successori-

398 2055 448 2081 bus
463 2055 496 2081 ad
511 2055 738 2081 Bellum-Pratum
754 2055 798 2081 vel
812 2055 845 2081 ad
859 2054 942 2081 alium
959 2055 1049 2081 locum
1061 2076 1068 2086 ‚
1090 2064 1178 2090 aeque
1192 2054 1354 2085 distantem,
1369 2053 1396 2079 in
1412 2053 1525 2089 proprio
1542 2058 1622 2079 custu
1635 2062 1744 2089 semper
1760 2053 1908 2080 solvendis.

400 2102 483 2128 Debet
496 2103 575 2128 eliam
590 2102 680 2128 dictus
694 2102 822 2138 Aegidius
835 2102 941 2128 solvere
956 2112 1068 2128 censum
1082 2101 1251 2138 praedictum
1266 2101 1317 2136 ipsi
1330 2100 1492 2127 Catherinae
1505 2100 1549 2127 vel
1561 2102 1618 2127 suis
1631 2101 1836 2127 successoribus
1848 2110 1910 2127 cuni

399 2148 504 2185 siligine
516 2149 541 2174 in
557 2149 626 2175 sesto
639 2149 780 2184 praedicto
790 2170 797 2179 ,
820 2149 866 2175 sed
881 2154 909 2175 et
922 2148 973 2175 alia
988 2149 1081 2175 debita
1095 2149 1129 2175 ad
1143 2157 1215 2184 quae
1228 2148 1302 2174 dicta
1318 2153 1393 2174 terra
1407 2152 1449 2174 est
1463 2147 1594 2184 obligata,
1611 2147 1699 2174 solvet
1712 2149 1770 2183 ipse
1783 2147 1912 2184 Aegidius

399 2205 430 2221 ex
442 2201 518 2230 parte
531 2196 619 2222 (liciae
631 2196 791 2222 Catherinae
801 2201 924 2231 tempore
937 2202 1094 2232 opportuno
1107 2206 1114 2222 :
1128 2197 1149 2223 si
1164 2205 1231 2222 vero
1244 2196 1416 2231 contingeret
1429 2195 1503 2231 quod
1517 2194 1659 2231 praefatus
1670 2195 1801 2231 Aegidius
1812 2195 1856 2222 vel
1863 2195 1915 2221 ali-

400 2243 460 2276 quis
470 2251 655 2268 successorum
667 2252 779 2268 suorum
796 2242 949 2278 praefatum
960 2243 1102 2269 dimidium
1112 2243 1232 2269 modium
1243 2242 1358 2278 siliginis
1369 2251 1431 2268 cum
1442 2251 1526 2268 censu
1539 2242 1680 2277 praedicto
1690 2242 1740 2277 ipsi
1751 2242 1914 2269 Catherinae

401 2289 440 2315 vol
452 2290 507 2315 suis
521 2290 724 2316 successoribus
737 2291 853 2316 termino
869 2296 1030 2326 praenotato
1041 2312 1048 2322 ‚
1062 2297 1093 2317 ut
1107 2291 1278 2326 praedictum
1291 2295 1333 2316 est
1342 2310 1349 2323 ‚
1365 2299 1419 2316 non
1432 2289 1567 2318 solveret.
1582 2290 1657 2326 quod
1669 2289 1740 2316 absit
1749 2311 1758 2323 ‚
1773 2295 1840 2316 tunc
1850 2290 1910 2326 ipsa

402 2335 543 2362 Catherina
557 2336 741 2371 saepedictum
756 2337 897 2363 dimidium
916 2338 1059 2364 bonarium
1073 2343 1164 2364 terrae
1183 2343 1314 2372 tanquam
1329 2337 1469 2372 propriam
1483 2336 1682 2363 haereditatem
1695 2346 1772 2363 suam
1784 2337 1915 2364 tractabit

433 2448 438 2459 ¹
458 2443 516 2462 celte
527 2441 599 2462 charte
609 2450 634 2463 ne
646 2444 713 2470 pai-ait
725 2451 761 2470 pas
776 2446 901 2472 appartenir
911 2444 922 2464 :i
936 2443 1046 2472 sabba-vm
1063 2445 1083 2464 la
1098 2452 1205 2472 personne
1217 2445 1296 2472 qu'elle
1307 2452 1412 2465 concerno
1420 2461 1425 2469 ,
1437 2444 1512 2464 sai-ait
1522 2451 1570 2464 sans
1582 2442 1650 2464 doute
1663 2443 1756 2471 de'pose'e
1767 2451 1809 2464 aux
1818 2442 1912 2464 archives

403 2479 430 2498 du
444 2484 534 2500 convent
545 2488 600 2508 pour
611 2481 640 2509 l‘y
652 2486 726 2502 mettre
736 2489 762 2502 en
772 2483 850 2503 sni-ete.
