2137 3131
419 402 488 435 860
1029 390 1316 427 APPENDICES.

1114 536 1233 571 CLIII.

420 645 569 685 simeoni,
590 646 751 689 secyneur
766 641 807 674 cle
838 638 883 674 W
881 638 1040 679 esemael,
1061 637 1176 671 donne
1193 635 1216 670 ἀ
1235 637 1394 683 l’ahbaye
1416 649 1467 670 un
1492 637 1756 671 demi-bonnier
1775 636 1816 670 de
1835 642 1927 670 terre

937 693 961 729 ἁ,
979 695 1158 729 Lomhelce.
1173 715 1221 720 —
1238 694 1400 729 Cumani.

1141 876 1214 900 1229.

457 955 510 989 Ego
521 950 670 983 Amemus,
684 950 809 976 dominus
823 949 856 975 de
869 947 1020 974 Wesemale
1030 968 1037 979 ‚
1050 947 1185 973 universis
1195 946 1296 972 Christi
1309 945 1437 972 fidelibus
1452 951 1506 972 tam
1518 947 1710 982 praesentibus
1722 957 1805 983 quam
1819 947 1931 979 suturisa

418 1003 449 1028 ad
463 1010 580 1037 quorum
595 998 717 1025 notitiam
731 1005 861 1033 praesens
879 995 1012 1030 scriptum
1026 995 1172 1029 pervenire
1183 993 1329 1029 contigerit
1342 993 1369 1019 in
1384 998 1561 1029 perpetuum.
1583 994 1760 1021 Universitati
1776 1000 1884 1022 vestrae
1898 999 1940 1021 te·

418 1058 483 1075 nore
498 1047 681 1084 praesentium
693 1045 756 1071 duxi
767 1043 961 1070 declarandum
973 1064 980 1075 ‚
997 1042 1072 1078 quod
1085 1052 1136 1078 ego
1150 1042 1185 1068 ob
1198 1042 1250 1068 mei
1265 1046 1293 1068 et
1305 1042 1399 1067 uxoris
1411 1051 1486 1067 meae
1501 1042 1630 1069 Beatricis
1642 1043 1800 1069 memoriam
1813 1041 1938 1068 salutife-

422 1106 476 1122 ram
489 1101 514 1121 et
523 1100 660 1121 aeternam
676 1102 747 1129 quae
760 1093 786 1118 in
801 1091 909 1117 Christo
923 1095 964 1117 est
975 1090 1090 1126 gloriam
1103 1089 1334 1125 consequendam,
1349 1089 1490 1115 dimidium
1505 1089 1649 1116 bonarium
1662 1095 1753 1116 terrae
1762 1111 1769 1122 ‚
1779 1089 1898 1123 jacentis
1911 1089 1938 1115 in

421 1143 547 1179 parochia
561 1142 594 1168 de
605 1141 751 1167 Wambeca
762 1160 769 1172 ,
784 1140 810 1165 in
825 1139 885 1164 vico
896 1137 1035 1164 Lumbeca
1048 1137 1201 1173 vulgariter
1215 1136 1352 1172 appellato
1362 1157 1368 1169 ‚
1383 1145 1490 1162 necnon
1503 1141 1531 1162 et
1544 1146 1638 1163 omnes
1651 1137 1778 1163 aisentias
1792 1137 1818 1162 in
1833 1136 1940 1172 pascuis

419 1189 607 1217 communibus
621 1193 647 1214 et
659 1189 685 1214 in
700 1187 778 1222 aquis
793 1185 893 1212 ibidem
906 1206 912 1217 ‚
929 1186 956 1211 in
968 1185 1083 1211 liberam
1095 1190 1123 1211 et
1133 1189 1294 1220 perpetuam
1304 1184 1505 1219 eleemosynam
1517 1184 1649 1210 ecclesiae
1661 1184 1767 1211 contuli
1782 1184 1920 1210 Ninivensi
1930 1205 1938 1216 ‚

419 1241 453 1263 ita
470 1237 594 1263 videlicet
607 1235 679 1271 qnod
694 1236 752 1270 ipsa
763 1233 876 1260 ecclesia
887 1233 952 1258 mihi
965 1238 993 1259 et
1003 1232 1210 1259 successoribus
1222 1232 1287 1258 meis
1301 1232 1328 1257 in
1340 1237 1480 1267 posterum
1493 1241 1543 1267 per
1556 1241 1641 1258 annos
1655 1232 1778 1268 singulos
1791 1231 1844 1258 sub
1854 1241 1939 1259 censu

420 1294 509 1311 annuo
522 1285 554 1310 ad
567 1283 654 1310 natale
666 1282 773 1308 Domini
787 1291 872 1308 unum
885 1280 1024 1316 persolvet
1035 1280 1179 1306 denarium
1190 1279 1402 1306 bruxellensem.
1414 1280 1451 1306 Ut
1462 1285 1553 1306 autem
1562 1279 1630 1306 haec
1639 1289 1698 1306 mea
1707 1279 1820 1306 donatio
1833 1279 1940 1306 stabilis

419 1339 445 1359 et
462 1333 538 1358 firma
551 1335 708 1367 perseveret
725 1330 751 1355 in
766 1338 861 1355 aevum
873 1349 879 1361 ‚
896 1333 1068 1364 praesentem
1081 1327 1213 1354 cartulam
1231 1327 1313 1363 sigilli
1327 1327 1380 1353 mei
1391 1327 1560 1362 appensione
1571 1332 1705 1353 eteorum
1721 1327 1937 1363 quipraesentes

420 1378 729 1406 aderantsubnotatione
740 1376 804 1402 duxi
816 1375 1042 1402 confirmandam.
1057 1375 1170 1411 Signum
1182 1374 1307 1410 Symonis
1318 1374 1352 1400 de
1362 1373 1434 1400 Peda
1445 1394 1451 1406 ‚
1464 1373 1547 1400 villici
1559 1374 1624 1409 mei5
1637 1373 1763 1400 Balduini
1775 1374 1809 1400 de
1822 1374 1935 1407 Alsena,

423 1427 534 1452 Walteri
547 1426 580 1452 de
594 1426 686 1451 Zemse
697 1445 704 1456 ‚
720 1423 823 1450 Boidini
838 1423 871 1449 de
886 1423 990 1455 Zemse,
1007 1422 1122 1449 W'alteri
1137 1423 1171 1448 de
1186 1422 1315 1449 Avenella
1326 1443 1332 1454 ‚
1347 1422 1521 1448 scabinorum
1536 1421 1570 1448 de
1586 1421 1750 1456 Wambeca5
1767 1421 1797 1448 S.
1811 1421 1937 1458 Helysei3

420 1474 532 1499 Arnoldi
543 1472 767 1507 Cocchenberga5
785 1471 931 1497 Christiani
944 1475 970 1497 et
984 1470 1082 1497 David.
1099 1470 1196 1497 Actum
1211 1479 1282 1496 anno
1297 1470 1401 1506 gratiae
1416 1469 1588 1501 MCCXXIX,
1604 1469 1672 1495 seria
1684 1470 1766 1496 tertia
1779 1468 1851 1496 infra
1864 1474 1939 1496 octa-

422 1532 465 1547 vas
482 1521 652 1548 Ascensiouis
667 1519 827 1545 dominicae.

1431 1563 1557 1595 0rigiua1,
1573 1570 1642 1587 sceau
1658 1563 1757 1587 detrun.

1138 1627 1203 1639 ll

1117 1825 1230 1860 CLIV.

425 1925 614 1968 Gantlet'cr,
632 1926 744 1971 (loyen
761 1926 803 1959 cle
831 1926 1058 1967 Grammont,
1084 1923 1220 1958 de'clare
1241 1936 1307 1970 que
1322 1922 1500 1965 Matlzz'eu,
1521 1923 1610 1957 cure'
1628 1923 1889 1971 d'Yde7zqhem5
1913 1937 1937 1958 a

467 1983 584 2017 (lonne'
597 1982 619 2017 ἀ
637 1984 793 2030 l’ahhaye
811 1984 845 2018 la
858 1989 949 2030 part
963 1985 1030 2029 qui
1044 1983 1099 2017 ἰαί
1113 1984 1273 2017 revenaz'c
1287 1981 1328 2016 de
1345 1982 1379 2016 la
1395 1981 1489 2016 «lime
1507 1981 1548 2016 de
1567 1980 1936 2018 Hooreheke-St-Cor-

472 2042 580 2075 nez‘lle.
597 2042 832 2076 -Rousmff

1144 2207 1216 2231 1229.

459 2279 596 2305 [nix-ersis
614 2285 771 2314 praesentes
788 2280 894 2306 litteras
911 2281 1095 2315 inspecturis,
1119 2279 1176 2311 W„
1199 2279 1320 2305 decanus
1341 2277 1375 2304 de
1387 2278 1608 2311 Geraldimonte,
1630 2278 1747 2305 salutem
1761 2279 1789 2305 in
1808 2278 1936 2305 Domino.

424 2326 596 2352 I'niversitati
608 2331 715 2352 vestrae
727 2331 822 2353 tenore
836 2327 1023 2362 praesentium
1034 2331 1129 2353 uotum
1144 2326 1258 2353 facimus
1269 2346 1276 2359 ‚
1289 2325 1363 2361 quod
1377 2326 1419 2351 vir
1431 2325 1595 2352 venerabilis
1607 2325 1762 2352 Matthaeus
1771 2346 1779 2359 ‚
1795 2326 1942 2362 presbyter

421 2373 453 2397 de
472 2373 620 2409 Ydenyhem
631 2394 638 2405 7
649 2383 711 2399 cum
725 2373 814 2399 adhuc
826 2383 907 2400 sanus
920 2379 991 2400 esset
1004 2383 1120 2409 corpore
1133 2378 1160 2400 et
1173 2382 1284 2408 compos
1296 2373 1393 2399 mentis
1406 2382 1472 2399 suae
1486 2372 1520 2399 de
1530 2372 1644 2399 consilio
1659 2373 1794 2399 bonorum
1804 2373 1942 2405 virorum,

419 2420 521 2446 scilicet
535 2421 620 2446 bonae
633 2422 778 2447 memoriae
793 2422 929 2457 magistri,
945 2422 990 2447 W.
1007 2422 1041 2448 de
1057 2420 1175 2447 Werz'nes
1189 2427 1215 2447 et
1230 2420 1346 2447 aliorum
1356 2441 1363 2453 ‚
1379 2430 1430 2456 pro
1442 2420 1531 2447 salute
1545 2421 1650 2447 animae
1661 2430 1727 2448 suae
1740 2425 1768 2447 et
1780 2420 1941 2456 praedeces-

422 2476 512 2492 sorum
533 2477 644 2493 suorum
656 2489 662 2493 .
685 2473 789 2503 partem
805 2478 881 2494 suam
899 2478 980 2504 quam
999 2468 1118 2495 habebat
1133 2469 1160 2494 in
1179 2468 1284 2494 decima
1297 2468 1331 2494 de
1344 2467 1509 2494 Hoorenbeke
1522 2467 1552 2495 S.
1571 2467 1689 2495 Cornelii
1703 2468 1730 2494 in
1741 2467 1939 2503 eleemosynam

421 2514 504 2540 libere
518 2520 543 2540 et
554 2515 677 2542 absolute
690 2515 799 2542 donavit
811 2516 940 2543 ecclesiae
951 2516 1088 2543 Ninivensi
1099 2537 1105 2548 ‚
1122 2507 1203 2552 quam
1217 2516 1251 2542 ab
1263 2515 1362 2542 abbate
1375 2515 1408 2542 de
1420 2515 1488 2542 Inda
1502 2516 1529 2542 in
1543 2515 1652 2543 feodum
1665 2515 1792 2544 tenebat,
1804 2514 1941 2541 eamdem·
