2137 3131
463 392 533 427 778
1066 385 1356 421 APPENDICES.

461 501 656 535 olorinosynnm
671 499 785 524 liberum
799 502 824 521 et
845 496 879 521 ab
892 495 963 521 omni
979 495 1118 520 exactione
1133 492 1289 519 absolutum
1307 492 1425 519 dedisse.
1447 493 1503 519 Hoc
1523 493 1687 519 beneficium
1708 492 1830 528 Sogerus
1843 492 1877 518 de
1891 492 1979 519 Holle-

463 549 542 573 liecca
554 558 567 573 a
581 547 656 573 nobis
666 547 691 572 in
708 545 815 571 feodum
827 547 951 569 tenuerat
962 547 989 567 (et
1002 552 1016 567 a
1031 542 1134 577 Sogcro
1148 540 1301 566 Willelmus
1314 540 1347 566 dc
1360 540 1510 567 Waleliova
1526 539 1672 566 feodaliter
1682 539 1808 566 tenebat.
1825 539 1980 566 willelmus

466 604 528 620 xero
540 594 589 619 lio«-
602 592 761 618 lwnciicium
774 591 876 625 Soffcro
891 589 1063 624 resignabat,
1082 588 1202 623 Sogerus
1217 596 1282 613 vcro
1301 587 1390 613 nobis.
1414 587 1467 613 Nos
1482 592 1574 613 autem
1590 586 1730 622 praefatae
1750 586 1881 613 ecclesiae
1894 586 1980 613 libere

465 641 622 667 ‹lonavinins
640 644 667 665 et
683 644 757 664 certa
774 637 972 671 fideijussione
990 644 1038 661 nos
1057 640 1083 660 et
1104 639 1228 669 posteros
1242 638 1352 660 nostros
1365 634 1563 670 obligavimus,
1584 633 1746 669 pollicentes
1762 638 1793 659 ut
1813 633 1982 669 quicumque

466 688 612 724 praefatam
623 686 762 712 vcclcsiam
773 694 822 720 pro
833 684 883 710 lioc
893 683 1026 709 beneficio
1038 681 1150 717 querela
1165 681 1274 716 pulsare
1289 686 1426 714 tentaret,
1439 687 1532 708 noster
1541 682 1712 717 principatus
1724 686 1751 707 ct
1763 681 1905 707 advocatia
1917 681 1984 716 obji-

468 740 576 761 ceretur
591 739 615 759 ct
634 734 739 768 integre
753 732 914 757 beneficium
934 729 1063 755 ecclesiae
1080 733 1216 755 tueretur.
1234 729 1267 755 L't
1283 734 1375 755 autem
1390 729 1442 755 hoc
1455 734 1546 755 ratum
1560 733 1586 754 ct
1600 728 1790 755 inconvulsum
1808 734 1981 764 permaneat,

466 781 607 816 privilegio
627 785 653 806 et
667 779 747 814 sigilli
762 778 847 804 nostri
864 777 1035 812 appositione
1055 781 1082 802 et
1095 775 1217 811 legitimo
1232 776 1388 802 testimonio
1405 776 1637 802 confirmavimus.
1653 776 1850 802 Testimonium
1868 777 1982 803 Gozuini

465 829 498 855 dc
512 827 709 855 Scendelbccca
720 848 726 859 ‚
743 826 845 853 Soitini
861 825 894 850 de
908 824 1058 850 stenhusen
1071 845 1078 856 ,
1095 823 1192 849 Ebbiui
1212 823 1245 849 de
1257 823 1349 858 Lilar,
1365 823 1482 849 Gislardi
1500 823 1534 849 de
1548 823 1705 858 Scorebruc,
1719 823 1813 850 Leonii
1827 824 1861 851 de
1876 824 1974 856 Winti‚

465 877 592 910 militum3
614 875 711 901 Ilobini
729 873 762 899 de
776 872 969 902 Dictetvenna,
989 871 1098 897 Henrici
1114 871 1147 897 de
1162 871 1270 903 munta,
1283 871 1475 906 sacerdotum3
1492 871 1603 904 Leonii,
1621 871 1727 898 diaconi
1742 872 1776 898 de
1790 872 1866 899 Eina.
1883 872 1980 899 Actum

464 933 534 949 anno
548 922 654 949 Domini
670 920 825 947 MCLXXIX
839 940 845 952 ‚
865 918 938 955 apud
956 917 1059 944 Gavera
1069 939 1076 951 ‚
1099 919 1125 944 in
1141 918 1210 944 sesto
1227 918 1314 944 sancti
1329 918 1468 954 Dionysii,
1484 918 1511 944 in
1525 918 1697 945 dedicatione
1711 918 1842 946 ecclesiae
1855 919 1977 954 ejusdem

464 971 550 997 villae.

1147 1022 1272 1054 Original,
1293 1030 1361 1047 sceau
1377 1031 1407 1047 en
1425 1023 1473 1047 cire
1492 1023 1584 1054 brune,
1606 1030 1653 1047 aux
1671 1023 1777 1048 archives
1795 1023 1824 1048 de
1841 1024 1862 1048 la
1882 1023 1982 1048 Flandre

1175 1066 1300 1090 orientale.

1135 1375 1296 1410 XXXIX.

571 1476 701 1523 quer.
727 1473 849 1520 deeque
869 1473 910 1508 de
933 1472 1119 1515 Camhrais,
1145 1472 1260 1506 domze
1284 1470 1308 1505 ὰ
1329 1471 1487 1519 l’abbaye
1511 1471 1633 1519 l'dylzls‘e
1655 1472 1696 1506 cle
1714 1472 1868 1506 Pamele.

1126 1531 1324 1565 -ΡΑΜι-ῑιε.

1188 1727 1256 1752 1179.

499 1811 528 1837 1η
543 1811 650 1836 nomine
664 1815 772 1836 sanctae
788 1815 815 1835 et
832 1808 989 1835 individuae
1003 1808 1155 1835 Trinitatis.
1176 1808 1302 1844 Rogerus
1313 1828 1319 1840 ,
1340 1807 1389 1834 Dei
1412 1807 1500 1844 gratia
1521 1807 1724 1834 Cameracensis
1744 1808 1907 1843 episcopus,
1924 1812 1978 1834 tam

459 1859 558 1885 suturis
576 1867 656 1893 quam
678 1856 868 1892 praesentibus
887 1857 914 1882 in
930 1861 1106 1891 perpetuum.
1129 1855 1212 1882 Officii
1229 1855 1315 1881 nostri
1336 1856 1406 1881 ratio
1428 1854 1551 1890 postulat
1570 1859 1600 1880 ut
1615 1854 1786 1890 profectibus
1801 1854 1978 1881 ecclesiarum

460 1916 529 1942 quae
548 1911 657 1932 nostrae
671 1905 898 1931 administrationi
912 1904 1038 1930 subditae
1057 1909 1121 1929 sunt
1135 1903 1341 1939 propensiorem
1361 1902 1552 1939 indulgeamus
1566 1902 1748 1938 diligentiam,
1764 1907 1791 1928 et
1805 1902 1844 1928 eis
1858 1911 1981 1937 praeser—

460 1955 505 1979 tim
519 1975 525 1985 7
541 1963 610 1988 qnos
624 1957 732 1978 sanctae
747 1951 963 1978 conversationis
977 1951 1068 1977 suavis
1081 1951 1174 1986 opinio
1188 1956 1215 1976 et
1227 1950 1335 1976 Christo
1351 1950 1523 1976 commendat
1537 1955 1563 1976 et
1574 1949 1687 1976 mundo.
1702 1949 1742 1975 Ad
1758 1949 1881 1975 notitiam
1894 1949 1980 1985 igitur

459 2007 630 2036 posterorum
646 1999 852 2025 transcribimus
865 1998 939 2034 quod
956 1998 1041 2024 altare
1055 1998 1088 2024 de
1103 1997 1211 2024 Pamela
1221 2019 1228 2030 ‚
1244 1997 1318 2033 quod
1333 1998 1359 2023 in
1375 2002 1482 2023 nostras
1500 2006 1596 2023 manus
1610 2002 1718 2023 mortua
1732 2006 1849 2032 persona
1864 1996 1980 2023 devolu-

460 2054 515 2073 tum
527 2053 601 2079 erat,
617 2047 746 2073 ecclesiae
758 2046 786 2072 S.
801 2046 903 2072 Mariae
916 2046 1069 2078 Ninivensi‚
1085 2055 1146 2072 cnm
1164 2045 1323 2081 appenditio
1339 2054 1389 2071 suo
1402 2045 1564 2081 Ledeberga
1577 2045 1686 2071 nomine
1697 2065 1703 2077 ‚
1717 2044 1907 2080 eleemosynae
1926 2053 1978 2080 pro

458 2096 598 2121 animabus
616 2100 818 2121 antecessorum
835 2099 992 2120 nostrorum
1010 2094 1200 2129 episcoporum
1221 2098 1304 2129 atque
1325 2093 1474 2119 amicornm
1493 2098 1668 2121 nostrorum,
1692 2092 1780 2118 libere
1797 2091 1976 2124 donavimus,

458 2142 532 2168 salvo
543 2142 606 2175 jure
621 2147 715 2168 nostro
728 2147 755 2167 et
771 2141 922 2167 officialium
939 2146 1107 2167 nostrorum.
1123 2141 1213 2175 Hujus
1227 2146 1318 2167 antem
1333 2140 1489 2167 donationis
1503 2145 1612 2166 nostrae
1627 2140 1784 2166 solemnitas
1797 2143 1828 2166 ut
1840 2143 1900 2165 rata
1914 2148 1979 2175 per-

459 2194 581 2217 maneat.
597 2189 648 2215 sub
662 2189 841 2215 anathematis
857 2189 1078 2215 interminatione
1094 2189 1273 2224 prohibentes
1290 2198 1323 2214 ne
1337 2188 1436 2223 aliquis
1451 2197 1508 2214 eam
1527 2188 1624 2214 amodo
1636 2187 1740 2214 violare
1752 2186 1795 2213 vel
1812 2186 1978 2222 perturbare

459 2242 630 2271 praesumat,
648 2236 780 2262 cartulam
795 2236 873 2262 istam
890 2236 971 2272 sigilli
985 2237 1072 2262 nostri
1084 2237 1250 2263 auctoritate
1264 2241 1292 2262 et
1305 2236 1524 2271 subscriptorum
1544 2236 1655 2262 testium
1672 2235 1845 2271 appositione
1862 2233 1975 2270 dignum

458 2283 582 2309 duximus
592 2284 734 2309 roborare.
743 2283 855 2319 Signum
864 2283 980 2310 Walteri
989 2283 1173 2310 archidiaconi
1186 2295 1192 2318 ;
1209 2284 1258 2310 SS.
1269 2283 1388 2310 Anselmi
1398 2304 1405 2317 ,
1421 2283 1560 2309 Walcheri
1570 2303 1578 2315 ‚
1594 2282 1724 2309 Herberti
1733 2302 1740 2311 .
1750 2281 1835 2308 Ulrici
1844 2302 1851 2314 ,
1867 2280 1957 2317 Egidii
1967 2302 1974 2313 ‚

459 2329 619 2356 clericorum
635 2335 792 2356 nostrorum
804 2341 810 2364 3
828 2330 935 2366 signum
949 2330 1059 2357 Henrici
1070 2352 1077 2363 ,
1092 2331 1187 2357 decani
1201 2331 1234 2357 de
1244 2330 1387 2365 Bruxella;
1400 2330 1527 2363 Roberti,
1542 2329 1681 2356 deeanide
1688 2328 1775 2355 Bello.
1791 2327 1889 2354 Actum
1901 2336 1974 2354 anno

458 2375 563 2402 Domini
575 2377 730 2403 MCLxxlx
740 2398 747 2409 ‚
763 2377 910 2404 indictione
924 2378 974 2404 ΧΠ
986 2399 993 2412 ,
1010 2383 1105 2414 epacta
1116 2377 1191 2405 XXII
1204 2400 1210 2411 ‚
1229 2388 1301 2405 anno
1316 2379 1403 2404 nostri
1418 2377 1592 2414 praesulatus
1605 2377 1704 2413 primo.

1119 2445 1237 2478 Original,
1244 2453 1314 2470 sceau
1321 2453 1350 2470 en
1357 2445 1405 2470 cire
1414 2445 1498 2476 brune7
1506 2453 1552 2469 aux
1560 2444 1666 2469 archives
1673 2443 1731 2467 dela
1741 2441 1841 2467 Flandre
1848 2441 1974 2466 orientale.
