2118 3184
792 448 814 480 A
821 446 1077 482 PPENDICES.
1625 444 1693 479 937

179 554 294 581 salutem
308 561 333 581 et
346 564 511 590 cognoscere
527 556 680 581 veritatem.
698 554 871 580 {lniversitati
884 559 991 593 restrae
1003 558 1096 579 notum
1109 553 1221 579 facimus
1231 554 1415 589 praesentium
1424 554 1579 580 testimonio
1590 553 1695 579 littera-

178 611 249 628 rum.
260 602 334 638 quod
345 612 406 628 cum
420 602 607 628 controversia
617 606 774 637 verteretur
784 601 856 626 inter
867 610 915 629 uos
930 600 1016 626 dictas
1030 606 1121 636 partes
1133 621 1139 631 ‚
1155 610 1238 636 super
1251 601 1414 635 quibusdam
1424 601 1536 628 decimis
1544 605 1692 629 terrarum,

178 650 291 675 sitarum
306 650 377 675 inter
389 648 478 675 villam
491 648 524 674 de
536 648 676 674 merbecca
691 652 717 673 et
731 647 821 673 villam
836 647 870 672 de
885 647 1020 678 pamella,
1036 656 1132 673 versus
1147 647 1235 673 rivum
1256 648 1302 682 qui
1316 647 1418 673 dicitur
1441 647 1589 674 Crnnebelca
1599 668 1606 680 ‚
1626 656 1694 682 quas

176 697 294 722 decimas
307 695 463 722 dicebamus
476 695 565 721 dictae
580 699 671 729 partes
685 694 718 719 ad
734 703 782 719 nos
797 694 936 729 pertinere
947 715 954 724 ,
975 694 1010 719 ita
1027 694 1100 729 quod
1121 695 1147 719 in
1173 694 1274 720 eisdem
1295 694 1435 729 quaelibet
1451 695 1568 730 partium
1579 695 1626 728 jus
1639 694 1694 720 cla-

179 744 269 770 mabat
280 764 287 773 ,
303 752 351 769 nos
359 743 448 769 dictae
458 747 549 777 partes
557 751 607 777 pro
620 742 692 767 bono
707 742 791 776 pacis,
807 741 839 767 ad
852 741 1019 775 parcendum
1029 740 1092 766 hinc
1105 741 1167 767 inde
1182 741 1322 767 laboribus
1335 746 1360 767 et
1370 742 1508 776 expensis,
1521 747 1616 767 mutuo
1630 750 1695 767 con-

178 800 258 817 sensu
273 799 356 826 super
365 790 445 815 dictis
455 788 566 815 decimis
580 794 607 814 et
624 789 810 815 controversia
825 788 963 823 praedicta
979 789 1004 813 in
1018 789 1091 814 viros
1105 788 1238 815 discretos
1251 788 1374 815 {vanum
1387 789 1421 815 de
1436 789 1542 824 Goyaca
1554 810 1560 822 ,
1583 789 1692 815 Petrum

176 839 210 865 de
224 838 408 874 Okenqlueniet
421 837 579 872 magistrum
592 836 742 862 Walterum
753 836 786 862 de
799 835 899 862 Castris
909 856 915 866 ,
935 835 1070 861 dictarum
1084 836 1210 861 villarum
1225 836 1401 862 eeclesiarum
1417 841 1552 868 rectores,
1568 846 1695 872 compro*

177 885 297 911 misimus
310 884 344 910 de
356 884 411 910 alto
421 889 449 910 et
463 884 541 910 basso
555 894 561 918 3
575 884 678 910 dictum
696 883 840 910 arbitrium
861 883 992 909 vallantes
1006 893 1093 918 poena
1109 885 1264 918 pecuniaria
1279 884 1373 919 viginti
1395 883 1527 910 librarum
1543 884 1695 910 Lovanien-

177 933 245 959 sium
261 932 332 968 parti
351 932 434 958 stanti
450 932 586 958 dictorum
605 931 720 958 arbitrio
737 932 905 957 arbitrorum
923 941 938 957 a
958 936 1036 967 parte
1053 931 1192 957 resiliente
1214 931 1335 957 totaliter
1353 931 1565 957 reddendarum.
1589 931 1695 957 Debent

176 980 256 1006 etiam
268 979 332 1006 dicti
347 979 443 1006 arbitri
458 988 624 1015 cognoscere
637 979 671 1005 de
682 988 763 1005 causa
779 985 933 1005 nostrarum
946 979 1063 1015 partium
1078 979 1217 1014 praedicta
1226 1000 1232 1008 ,
1245 979 1324 1013 cujus
1334 988 1414 1005 cansa
1430 979 1533 1005 meritis
1547 978 1695 1015 diligenter

176 1027 346 1062 investigatis
362 1031 388 1052 et
410 1026 572 1058 intellectis,
587 1026 608 1052 si
622 1035 688 1058 nos,
710 1025 796 1052 dictas
813 1031 920 1061 partes,
941 1025 1074 1052 amicabili
1092 1026 1288 1060 compositione
1311 1025 1478 1052 concordare
1498 1026 1692 1061 nequiverint,

176 1073 298 1100 eamdem
310 1082 420 1099 causam
433 1073 583 1099 secundum
605 1073 728 1099 ordinem
746 1073 818 1107 juris
835 1073 927 1100 decem
943 1083 993 1109 pro
1007 1073 1092 1099 oculis
1107 1073 1240 1099 habentes
1252 1073 1306 1099 fine
1324 1073 1418 1100 debito
1437 1073 1634 1099 terminabunt.
1654 1074 1694 1099 Ita

176 1120 251 1157 quod
264 1130 313 1147 nos
327 1121 415 1146 dictae
426 1125 518 1155 partes
531 1120 666 1156 quidquid
678 1120 742 1147 dicti
756 1120 854 1146 arbitri
864 1120 906 1147 vel
917 1121 1012 1147 saltem
1024 1120 1079 1146 duo
1093 1129 1188 1146 eorum
1197 1141 1203 1151 ,
1222 1120 1244 1146 si
1256 1130 1350 1146 omnes
1359 1125 1415 1146 tres
1425 1120 1594 1147 concordare
1603 1122 1696 1156 nequi-

178 1168 284 1196 verint,
305 1167 481 1197 arbitrando,
504 1167 657 1193 ordinando
677 1176 724 1193 sen
740 1159 943 1202 componendo⁷
963 1167 1096 1199 dixerint,
1113 1166 1165 1192 sub
1178 1167 1404 1193 intermutatione
1420 1167 1577 1202 praedictae
1590 1177 1694 1202 poenae

177 1214 548 1242 tenebimur=inviolabiliter
565 1214 723 1241 observare.
739 1214 881 1241 Caeterum
902 1220 932 1241 ut
953 1215 1020 1240 nihit
1035 1215 1069 1240 de
1090 1215 1316 1250 contingentibus
1334 1214 1422 1240 omitti
1443 1214 1589 1240 videantur
1601 1236 1608 1245 ,
1629 1215 1695 1240 dicti

178 1263 275 1290 arbitri
288 1263 433 1298 insignum
449 1262 570 1297 suscepti
581 1262 607 1287 in
620 1271 648 1288 se
659 1262 751 1288 oneris
761 1261 825 1288 dicti
840 1262 947 1288 arbitrii
957 1261 1150 1298 praesentibus
1160 1261 1260 1287 litteris
1268 1261 1355 1297 sigilla
1367 1262 1478 1296 propria
1489 1261 1693 1296 appenderunt,

179 1310 231 1337 Nos
246 1319 358 1346 quoque
371 1309 460 1336 dictae
475 1314 566 1344 partes
581 1309 615 1335 ad
634 1309 763 1344 majorem
779 1310 992 1344 praemissorum
1006 1309 1171 1335 evidentiam
1186 1318 1317 1344 praesens
1330 1309 1462 1344 scriptum
1481 1309 1577 1345 sigillis
1594 1310 1694 1335 nostris

180 1362 276 1384 mutuo
289 1356 416 1383 duximus
430 1356 628 1383 roborandum.
643 1356 741 1382 Datum
758 1366 829 1383 anno
841 1356 949 1382 Domini
962 1355 1130 1387 MCCLXM,
1145 1365 1237 1381 mense
1251 1355 1415 1391 Septembri.

877 1423 986 1454 Originat
998 1441 1004 1451 ,
1016 1426 1101 1454 quatre
1111 1429 1197 1446 sceaux
1206 1429 1236 1446 en
1246 1422 1293 1445 cire
1304 1421 1464 1446 brnneAEklui
1476 1422 1504 1445 de
1515 1423 1628 1446 l'aliliesse

914 1465 943 1488 (le
953 1464 1054 1489 Nivelles
1066 1468 1101 1488 est
1112 1464 1195 1495 pei-du.

859 1756 1016 1791 CCXLV.

184 1863 259 1898 Guz'
273 1863 314 1897 de
329 1861 544 1908 Dampz'erre
551 1888 560 1903 ,
576 1865 683 1894 comte
695 1859 737 1893 de
754 1859 789 1893 F
788 1859 912 1893 landre
930 1865 963 1892 et
978 1859 1018 1892 cle
1032 1857 1182 1892 Namur
1190 1885 1199 1900 ,
1214 1858 1336 1904 prend
1354 1869 1434 1891 sous
1447 1869 1486 1891 sa
1498 1860 1689 1903 proteecz'on

203 1921 360 1967 l'ahbaye
371 1926 403 1954 et
413 1926 490 1954 tous
498 1919 543 1953 les
557 1919 654 1953 biens
666 1918 785 1964 qu’elle
794 1916 935 1965 possede
949 1923 981 1951 et
988 1915 1177 1964 possedero,
1190 1917 1281 1950 dans
1293 1929 1345 1950 ses
1357 1915 1454 1950 οἵαις.
1469 1937 1515 1941 ——
1525 1916 1663 1951 ΝιΝονΕ.

833 2106 849 2127 Α
863 2104 938 2128 Douai
948 2122 954 2128 ,
975 2104 1047 2128 1272.

219 2188 291 2214 Nous
304 2188 369 2214 Guis
378 2208 384 2219 ‚
401 2196 486 2214 cuens
499 2187 533 2213 de
547 2187 679 2213 Flandres
692 2192 719 2213 et
734 2185 852 2213 marchis
864 2185 898 2211 de
912 2185 1014 2212 Namur
1024 2205 1031 2217 ‚
1047 2184 1148 2210 saisons
1160 2187 1173 2210 ii
1185 2186 1274 2212 saveir
1287 2187 1301 2211 ii
1317 2191 1377 2212 tous
1387 2207 1393 2217 ⁷
1417 2185 1450 2212 ke
1466 2195 1534 2212 nous
1546 2195 1595 2212 nos
1608 2187 1693 2213 boens

179 2235 245 2261 amis
259 2243 293 2260 en
309 2234 556 2270 IN‘ostre-Segneur⁷
570 2234 650 2261 l'abei
663 2239 689 2260 et
705 2233 730 2260 le
743 2237 861 2259 convent
875 2232 909 2258 de
923 2232 1054 2264 Nieneve‚
1070 2231 1113 2258 del
1126 2232 1229 2258 ordene
1244 2232 1279 2258 de
1297 2233 1495 2265 premonstrei,
1515 2233 1540 2259 le
1554 2233 1635 2269 glise,
1653 2234 1693 2260 les

179 2290 309 2317 persones
320 2286 348 2307 et
357 2285 418 2307 tous
430 2280 473 2307 lor
484 2281 562 2307 biens
575 2280 640 2317 qu’il
651 2286 699 2307 ont.
710 2280 852 2306 orendroit
863 2285 890 2306 et
902 2278 967 2314 qu'il
978 2284 1079 2304 auront
1090 2278 1137 2305 des
1151 2288 1199 2306 ore
1213 2289 1246 2305 en
1259 2285 1354 2311 avant,
1366 2280 1383 2305 ιί
1396 2280 1429 2306 ke
1441 2280 1458 2305 il
1469 2281 1558 2306 soient.
1569 2290 1586 2306 u
1599 2286 1693 2307 seront

176 2329 280 2355 dedens
296 2333 388 2354 nostre
398 2328 525 2364 segnorie
538 2333 565 2354 et
576 2337 609 2353 en
622 2333 716 2354 nostre
729 2327 821 2362 pooir,
837 2336 907 2352 nous
920 2326 959 2352 les
978 2335 1063 2352 avons
1081 2327 1137 2361 pris
1151 2331 1178 2352 et
1191 2326 1330 2361 prendons
1344 2335 1377 2352 en
1392 2331 1485 2353 nostre
1499 2328 1654 2362 protection
1667 2333 1694 2353 et

177 2386 210 2402 en
226 2381 319 2402 nostre
333 2375 416 2412 garde
427 2396 433 2407 ,
445 2385 549 2402 comme
560 2376 635 2402 drois
648 2375 739 2401 avoeis
753 2374 787 2400 de
801 2374 825 2400 le
839 2373 916 2410 glise.
928 2373 960 2399 Et
974 2373 1105 2399 mandons
1116 2378 1143 2400 et
1157 2374 1351 2400 cominandons
1364 2375 1378 2400 ἐι
1393 2379 1455 2400 tous
1469 2383 1518 2400 nos
1532 2373 1626 2401 homes
1637 2380 1664 2401 et
1679 2377 1693 2400 a

180 2430 244 2450 tous
253 2432 336 2450 ceans
350 2422 376 2449 ki
391 2423 491 2449 desous
504 2433 574 2449 nous
587 2428 666 2454 sunt,
682 2422 714 2448 ke
727 2431 779 2448 nus
794 2431 828 2447 ne
840 2421 884 2447 lor
895 2420 953 2447 sace
964 2421 1090 2457 damage„
1108 2421 1282 2447 destourbier
1296 2430 1329 2447 ne
1343 2421 1422 2453 anui,
1443 2430 1477 2447 en
1490 2421 1533 2447 lor
1543 2430 1691 2456 persone&

177 2480 210 2497 en
225 2470 268 2496 lor
282 2470 399 2496 maisons
413 2479 447 2496 ne
457 2479 491 2496 en
503 2469 545 2496 lor
556 2470 648 2502 biens,
663 2475 690 2495 et
707 2478 736 2495 se
748 2477 852 2494 aucuns
865 2468 889 2494 le
905 2467 1010 2499 saisoit,
1026 2467 1044 2493 il
1061 2467 1088 2496 le,
1098 2467 1179 2494 feroit
1193 2473 1288 2494 contre
1302 2477 1380 2494 nous.
1397 2468 1424 2494 Si
1436 2468 1568 2494 mandens
1582 2474 1610 2494 et
1620 2478 1694 2495 com-

177 2517 309 2543 mandous
322 2517 338 2542 a
351 2521 413 2542 tous
430 2525 480 2542 nos
493 2516 602 2542 baillius
612 2537 619 2548 ‚
635 2521 662 2542 et
673 2515 876 2551 especiaument
886 2516 901 2540 a
910 2513 981 2540 celui
995 2513 1028 2540 de
1040 2513 1116 2540 Alost
1127 2534 1134 2546 ‚
1150 2514 1300 2549 kiconqnes
1315 2514 1340 2540 le
1351 2514 1418 2547 soit,
1433 2523 1462 2541 se
1476 2524 1581 2541 aucuns
1595 2515 1694 2542 cheva-

174 2564 239 2590 liers
252 2573 269 2590 u
279 2568 373 2590 autres
382 2584 390 2595 ‚
405 2563 555 2600 kiconques
562 2573 593 2590 ce
604 2564 671 2595 soit,
681 2562 788 2589 mest'ait
799 2572 815 2588 u
828 2563 960 2598 mesprint
971 2566 1065 2588 contre
1073 2570 1179 2588 aucune
1191 2557 1307 2597 persone
1316 2572 1334 2588 u
1344 2567 1439 2589 contre
1451 2562 1491 2589 les
1502 2562 1579 2588 biens
1593 2562 1626 2589 de
1637 2563 1694 2589 cele

298 2611 385 2645 Toni.
415 2611 458 2645 Il.
1505 2609 1573 2644 118
