2118 3184
762 384 1049 421 APPENDICES.
1584 387 1653 421 779

862 522 933 556 XL.

133 614 265 649 L'abbe'
280 616 321 649 clo
337 615 425 650 Jette
446 615 631 650 νσσωιηαίί
647 616 694 650 les
714 616 824 650 ‹lroz'ts
842 617 883 651 (lc
904 617 1060 664 Fabhaye
1077 618 1118 652 cle
1132 618 1269 654 Nineve
1286 632 1351 654 sur
1372 620 1494 667 l’zfflzlse
1515 620 1555 654 de
1570 619 1649 654 Lie-

667 674 825 708 delwrke.
849 696 896 700 ——
913 675 1121 710 Lissntffluffi.

860 860 929 884 1180.

168 927 198 954 In
213 929 322 955 nomine
334 934 443 955 sanctae
457 934 484 955 et
500 929 659 955 individuae
673 929 825 956 Trinitatis.
842 929 898 966 Ego
914 930 1133 961 Hildobrandus,
1149 931 1241 958 divina
1258 932 1402 958 ordinante
1419 932 1562 959 elementia
1576 953 1582 964 ,
1599 932 1651 959 Ge-

130 974 267 1001 thensium
287 975 388 1006 abbas,
405 981 535 1012 totusque
551 981 645 1002 noster
660 981 812 1003 conventus
828 981 881 1003 tam
903 976 1003 1004 suturis
1017 987 1098 1014 quam
1114 979 1304 1013 praesentibus
1319 979 1345 1005 in
1365 984 1542 1015 perpetuum.
1560 979 1649 1015 Quum

129 1022 212 1049 unius
224 1023 296 1049 servi
308 1032 402 1049 sumus
414 1022 463 1049 Dei
478 1023 600 1050 etunius
613 1023 691 1054 fidei,
708 1024 767 1059 spei
780 1029 807 1050 et
821 1024 942 1050 caritatis
961 1025 1082 1059 ejusdcm
1097 1026 1201 1051 ordinis
1218 1030 1244 1051 et
1262 1026 1440 1061 professionis
1450 1047 1456 1055 ,
1471 1026 1602 1052 condecet
1619 1032 1649 1053 ut

129 1079 214 1096 unum
228 1071 254 1096 in
271 1070 386 1097 Domino
400 1080 448 1097 cor
461 1071 612 1097 habeamus
629 1076 658 1097 et
674 1071 790 1097 animam
804 1081 901 1103 unam,
921 1077 947 1098 et
962 1073 1096 1108 quidquid
1112 1073 1180 1098 lianc
1196 1072 1411 1100 Christianorum
1428 1083 1536 1109 pacem,
1552 1075 1579 1099 in
1594 1083 1648 1109 qua

130 1117 260 1143 Dominus
273 1117 377 1143 habitat
391 1117 540 1144 exturbare
553 1118 641 1150 valet,
657 1117 690 1144 ‹le
703 1118 792 1144 medio
805 1118 930 1150 tollatur,
945 1124 972 1144 et
985 1128 1033 1154 pax
1050 1119 1107 1154 ipsa
1121 1120 1274 1146 firmissime
1289 1120 1460 1155 stabiliatur3
1477 1126 1648 1156 quapropter

131 1164 270 1199 querelam
291 1164 365 1190 illam
383 1170 503 1191 veterem
519 1165 591 1191 inter
606 1170 725 1191 nostram
743 1165 883 1191 ecclesiam
899 1170 926 1191 et
940 1166 1112 1192 Ninivensem
1132 1167 1179 1192 diu
1197 1167 1354 1192 ventilatam
1371 1167 1457 1193 libere
1472 1173 1500 1193 et
1514 1168 1584 1194 bona
1600 1178 1648 1195 vo—

128 1211 235 1238 luntate
247 1211 358 1237 omnino
369 1211 545 1246 deponimus,
557 1212 698 1238 verissime
709 1218 904 1248 cognoscentes
915 1218 942 1238 et
953 1213 1114 1248 profitentes
1127 1213 1352 1240 Lidekcreensem
1366 1214 1507 1240 ecclesiam
1518 1224 1579 1241 cum
1591 1216 1647 1242 suis

129 1258 294 1294 appenditiis
307 1257 409 1284 nullius
423 1258 553 1284 ecclesiae
566 1258 649 1284 fuisse
661 1259 847 1294 appenditium
857 1279 864 1291 ,
879 1259 952 1285 unde
966 1268 1015 1285 nec
1028 1265 1138 1286 nostrae
1147 1281 1153 1293 ,
1165 1260 1212 1286 sed
1226 1261 1335 1295 penitus
1347 1270 1396 1296 per
1409 1271 1437 1287 se
1451 1262 1563 1288 liberam
1575 1268 1601 1288 et
1613 1264 1647 1289 ab

129 1306 257 1341 episcopo
277 1305 463 1331 cameracensi
475 1326 481 1333 ,
503 1305 536 1331 ad
551 1306 630 1339 cujus
647 1306 877 1341 dispensationem
893 1307 1030 1332 ordinatio
1046 1307 1129 1341 hujus
1147 1312 1174 1333 et
1188 1307 1303 1333 aliarum
1323 1308 1498 1335 ecclesiarum
1516 1311 1651 1345 pertinuit

129 1351 273 1379 transferri
287 1353 409 1388 potuisse
419 1373 425 1383 ,
438 1357 466 1378 nt
479 1361 537 1378 eam
552 1361 566 1378 a
580 1352 718 1379 Ninivensi
731 1353 845 1379 ecclesia
857 1353 922 1387 jure
936 1359 963 1379 et
977 1354 1080 1389 absque
1094 1354 1228 1381 calumnia
1241 1355 1384 1390 possideri.
1400 1355 1488 1390 Hujus
1502 1362 1592 1383 autem
1606 1367 1653 1383 ve—

128 1400 217 1426 ritatis
230 1400 408 1426 assertionem
420 1404 556 1435 perpetuo
567 1399 712 1426 tenendam
724 1409 785 1426 cum
800 1401 872 1426 omni
886 1400 1007 1436 capitulo
1020 1406 1116 1427 nostro
1129 1402 1316 1428 consensimus
1330 1406 1357 1428 et
1371 1402 1452 1438 sigilli
1466 1404 1551 1429 nostri
1563 1413 1650 1440 appo-

127 1447 226 1473 sitione
245 1452 273 1473 et
291 1455 414 1482 congruo
433 1447 590 1472 testimonio
609 1447 846 1479 confirmavimus,
869 1447 920 1474 hoc
937 1448 1143 1483 expostulantes
1158 1454 1189 1474 ut
1204 1449 1237 1474 ad
1256 1448 1338 1483 hujus
1356 1451 1497 1476 veritatem
1517 1452 1646 1477 tuendam

128 1494 209 1530 plura
221 1494 351 1520 abbatum
366 1493 454 1530 sigilla
466 1493 530 1520 huic
541 1499 635 1520 nostro
646 1495 749 1530 scripto
761 1503 812 1530 pro
823 1495 977 1521 testimonio
989 1501 1181 1531 supponantur
1191 1516 1198 1527 ,
1214 1497 1372 1522 nominatim
1383 1502 1474 1523 autem
1486 1498 1588 1524 ordinis
1600 1499 1649 1524 ab·

129 1541 199 1568 batis
212 1541 508 1571 Praemonstratensis,
531 1541 732 1568 Laudunensis.
748 1542 945 1568 Testimonium
963 1542 1127 1578 Eggeberti,
1146 1542 1253 1569 abbatis
1271 1543 1508 1580 Grimbergensi53
1526 1545 1648 1571 testimo-

126 1590 200 1616 nium
214 1588 342 1615 W‘alteri.
359 1588 465 1615 abbatis
477 1588 692 1623 Trunciniensis3
710 1589 894 1615 testimonium
908 1590 1085 1621 Theoderici,
1103 1590 1202 1625 prioris
1216 1591 1319 1625 nostri3
1336 1590 1448 1617 Gozuini
1460 1613 1466 1623 ‚
1479 1592 1642 1628 subprioris„

128 1635 279 1667 Fromoldi,
296 1635 399 1661 Alsteni
411 1656 417 1667 ‚
431 1635 615 1661 sacerdotum.
630 1635 725 1662 Actum
741 1646 813 1662 anno
827 1636 934 1662 Domini
948 1636 1102 1663 MCLXXX.

844 1703 1056 1735 0riginal,seeaux
1071 1712 1099 1728 cn
1111 1704 1256 1728 circla-unc.
1275 1712 1321 1728 aux
1337 1705 1442 1728 archivcs
1460 1705 1488 1728 de
1505 1706 1526 1729 la
1547 1706 1645 1729 Flandre

877 1746 1001 1770 orientale.

834 2025 922 2059 XLI.

292 2130 437 2173 sslz'clzel,
458 2131 656 2166 conne'tahle
674 2132 715 2165 de
735 2131 893 2166 Flandre
902 2159 913 2174 ,
932 2132 1046 2166 donne
1069 2131 1093 2166 ἀ
1115 2133 1273 2179 l’ahhaye
1294 2147 1365 2168 une
1383 2141 1479 2169 rente

684 2189 860 2224 amzuelle.
872 2211 920 2216 --
929 2190 1069 2224 Lossrsu.

751 2375 768 2396 A
780 2372 990 2403 Boulaere‚1181.

104 2485 106 2487 ‚
165 2451 196 2478 In
209 2452 319 2478 nomine
331 2456 442 2478 sanctae
459 2456 486 2477 et
502 2451 659 2478 individuae
673 2451 826 2478 Trinitatis.
840 2452 897 2489 Ego
908 2452 1038 2485 michael,
1052 2453 1271 2480 constabularius
1283 2453 1426 2480 Flandriae
1435 2475 1442 2487 ‚
1457 2455 1583 2482 omnibus
1597 2456 1639 2482 in·-

123 2499 261 2535 specturis
271 2498 320 2525 has
333 2498 438 2525 litteras
449 2498 576 2525 salutem.
586 2498 683 2525 Norint
693 2504 851 2534 praesentes
861 2504 890 2526 et
902 2500 1021 2535 posteri,
1036 2500 1110 2536 quod
1124 2509 1175 2536 ego
1188 2505 1216 2527 et
1226 2510 1293 2527 uxor
1301 2510 1360 2528 mea
1372 2501 1428 2527 Ada
1440 2506 1468 2528 et
1478 2501 1552 2528 filius
1564 2512 1640 2529 meus
