2118 3184
739 386 1026 423 APPENDICES.
1572 388 1642 424 787

129 500 212 526 runt,
233 495 364 522 roborata
381 500 433 522 est.
455 494 569 531 Signum
591 494 740 525 Iohannis,
763 495 870 521 abbatis
890 494 924 521 de
946 494 1032 529 Alna3
1053 494 1083 521 S.
1105 493 1279 525 Godescalci,
1299 493 1406 521 abbatis
1427 494 1461 521 de
1478 494 1550 521 Bona
1569 494 1640 531 Spe;

129 542 159 569 S.
174 542 352 573 Theoderici,
366 542 473 569 abbatis
484 542 518 568 de
529 542 714 577 Grimbergis3
728 542 756 568 S.
773 542 893 569 Nicliolai
903 563 911 570 .
927 542 1033 568 abbatis
1045 542 1074 568 S.
1090 541 1202 568 Foillani
1215 551 1221 575 ς
1235 541 1264 568 S.
1279 541 1473 574 llildebrandi,
1487 542 1595 568 abbatis
1608 542 1642 568 de

132 590 198 616 Geel·
209 602 217 620 ,-
230 583 260 617 S.
276 590 422 617 Uermanni
435 610 442 622 ,
456 589 551 615 decani
565 589 599 616 de
610 589 730 623 Nivetta;
747 590 774 616 S.
791 590 903 616 Arnoldi
914 610 921 621 ‚
936 599 1079 625 personae,
1095 590 1216 624 magistri
1231 589 1366 625 Eggerici,
1379 590 1500 626 magistri
1513 589 1642 616 Willelmi

128 637 163 663 de
177 637 307 670 Matina,
323 636 436 663 Arnoldi
448 657 455 670 ,
471 636 626 672 presbyteri
643 636 677 663 de
693 636 800 662 Sanies.
817 637 913 663 Actum
931 646 1002 662 anno
1021 631 1128 662 Domini
1149 635 1331 662 MCLXXXV.
1351 636 1449 671 quinto
1463 636 1517 662 kat.
1534 636 1622 663 Martii
1634 658 1640 669 ,

128 684 202 720 apud
220 684 349 711 Bintium.

1018 731 1126 762 original
1135 749 1142 759 ,
1154 737 1238 754 secat-tx
1248 738 1276 754 en
1287 730 1334 754 cire
1343 731 1427 754 brune.

857 1040 913 1074 LI.

129 1136 290 1180 Nicolas,
309 1137 531 1171 archidiacre
545 1136 585 1170 de
603 1135 754 1170 Nirelles
771 1141 804 1169 et
816 1135 857 1169 cle
879 1135 1064 1178 Cambrai,
1083 1134 1267 1169 reconnait
1279 1136 1313 1169 la
1325 1136 1491 1170 donatz'on
1505 1138 1546 1172 cle
1554 1138 1640 1185 plu-

176 1198 291 1230 sieurs
312 1194 510 1242 propr-z'e'te's
532 1195 619 1240 faite
641 1207 716 1241 par
737 1193 906 1228 Francon
928 1194 956 1228 le
986 1194 1101 1228 Bossu
1126 1192 1150 1226 ά
1174 1193 1332 1240 l’abhaye
1361 1194 1403 1228 de
1424 1194 1572 1230 Nt'nove.
1593 1218 1641 1222 —

176 1254 378 1289 Rtmnsnzr.

763 1432 779 1453 Δ
794 1429 894 1453 Nivettes
904 1447 910 1459 ,
926 1428 998 1453 1185,
1355 1405 1359 1433 ἔ

167 1511 199 1538 ln
209 1511 318 1538 nomine
330 1510 419 1536 Patris
432 1514 460 1536 et
473 1509 533 1536 Filii
545 1515 573 1536 et
586 1504 706 1545 Spiritus
718 1508 821 1536 Sancti.
837 1508 997 1541 Mcholnus,
1014 1508 1063 1535 Dei
1076 1509 1163 1545 gratia
1175 1508 1376 1535 Cameracensis
1392 1508 1601 1538 archidiaconus
1615 1518 1643 1539 et

128 1558 290 1586 Nivetteneis
302 1557 492 1594 praepositus,
507 1556 635 1583 omnibus
647 1556 748 1583 Christi
760 1556 889 1582 fidelibus
904 1561 957 1582 tam
971 1555 1073 1582 suturis
1086 1565 1168 1591 quam
1179 1556 1381 1591 praesentibus.
1397 1556 1476 1592 Quod
1488 1558 1642 1586 audivimus

126 1612 155 1634 et
173 1606 290 1633 vidimus
305 1610 508 1636 contestamur,
521 1610 548 1631 et
563 1605 747 1631 testimonium
761 1609 886 1630 nostrum
901 1613 997 1630 verum
1011 1609 1052 1630 est
1065 1609 1092 1630 et
1105 1604 1262 1639 acceptione
1275 1603 1399 1639 dignum.
1414 1603 1519 1631 Franco
1542 1606 1643 1633 Gihhon

127 1653 202 1681 filius
214 1653 338 1689 lingonis
352 1651 500 1687 Pauperis,
518 1651 612 1678 volens
626 1651 712 1687 patris
725 1651 768 1677 sui
782 1656 810 1677 et
823 1660 899 1677 suam
913 1651 992 1677 novis
1006 1650 1180 1676 munimentis
1194 1650 1334 1685 antiquam
1347 1651 1511 1678 confirmare
1524 1652 1643 1680 eleemo—

126 1710 222 1737 synam
235 1709 327 1727 coram
338 1699 444 1726 idoneis
457 1698 572 1725 testibus
587 1699 748 1735 recognovit
760 1708 789 1724 se
802 1703 829 1724 et
843 1703 948 1733 patrem
961 1707 1042 1724 suum
1056 1702 1157 1723 terram
1165 1718 1172 1731 ‚
1184 1702 1293 1732 pratum
1304 1702 1332 1723 et.
1345 1697 1449 1732 sylvam
1462 1698 1593 1726 decimam
1606 1701 1641 1727 de

127 1749 218 1781 Sarto,
228 1756 299 1784 quae
312 1747 384 1773 inter
396 1746 514 1773 Sennam
524 1751 552 1772 et
560 1745 697 1772 Scnlmont
707 1746 734 1772 in
746 1745 877 1781 parochia
889 1745 922 1772 de
936 1745 1053 1772 Archem
1061 1745 1214 1772 Ninivensis
1221 1744 1335 1771 ecclesia
1349 1745 1481 1780 possidet,
1497 1756 1557 1773 cum
1567 1749 1643 1774 omni

121 1797 187 1840 1ῇὸιη
199 1805 250 1822 suo
263 1794 339 1830 quod
351 1794 418 1820 inibi
431 1793 534 1820 habere
546 1793 715 1826 debuerant,
737 1798 848 1829 excepta
861 1793 966 1819 decima
980 1798 1069 1819 terrae
1083 1798 1146 1818 ante
1160 1792 1309 1819 adveutum
1323 1792 1439 1818 fratrum
1453 1793 1639 1822 Ninivensium

125 1842 254 1875 arabilis,
267 1842 406 1878 praelatae
417 1840 548 1867 ecclesiae
563 1841 702 1867 Ninivensi
710 1840 876 1867 censualiter
888 1850 939 1875 pro
953 1840 1042 1866 tribus
1055 1839 1148 1866 solidis
1162 1838 1363 1865 Nivellensibus
1376 1840 1516 1866 annuatim
1524 1841 1552 1866 in
1567 1841 1641 1868 elee-

124 1899 262 1926 mosynam
276 1893 412 1925 perpetuo
431 1888 571 1914 tribuisse.
593 1888 761 1924 Recognovit
774 1888 854 1913 etiam
875 1896 904 1913 se
920 1892 947 1913 et
964 1891 1069 1922 patrem
1083 1896 1163 1912 suum
1178 1895 1349 1912 communem
1366 1895 1446 1912 usum
1465 1887 1493 1913 in
1512 1889 1637 1923 pascuis,

124 1939 203 1974 aquis
219 1942 248 1963 et.
264 1937 293 1963 in
310 1936 426 1962 caeteris
444 1935 572 1961 omnibus
588 1934 779 1961 communibus
797 1934 940 1960 usualibus
951 1955 957 1967 ,
976 1934 1004 1960 in
1025 1934 1165 1969 praedicta
1182 1933 1313 1968 parochia
1328 1932 1362 1959 de
1376 1934 1491 1960 Are-hem
1508 1935 1639 1962 ecclesiae

127 1984 265 2012 ninivensi
276 1982 436 2019 praebuisse
445 2003 452 2014 ,
466 1987 494 2008 et
509 1982 536 2008 in
550 1982 592 2008 his
605 1982 732 2008 omnibus
745 1981 931 2008 warandisiam
950 1980 1141 2007 indefectivam
1155 1981 1320 2016 promisisse.
1336 1980 1506 2017 Recognovit
1518 1982 1598 2008 etiam
1611 1993 1640 2010 se

127 2036 154 2058 et
167 2036 273 2067 patrem
283 2039 364 2057 suum
377 2038 547 2056 communem
559 2029 684 2064 similiter
701 2039 780 2055 usum
796 2030 824 2055 in
836 2029 933 2064 sylvis,
949 2029 1042 2064 aquis,
1055 2028 1176 2063 pascuis,
1191 2028 1219 2054 in
1234 2027 1364 2063 parochia
1378 2028 1413 2054 de
1426 2028 1534 2055 Senefia
1546 2031 1640 2057 euriae

124 2079 159 2105 de
173 2078 324 2104 Reim’rsarl
336 2076 458 2109 dedisse,
473 2077 512 2103 sic
524 2076 643 2112 denique
659 2082 689 2102 ut
702 2076 729 2102 in
742 2076 820 2112 sylva
834 2076 868 2102 de
879 2076 986 2103 Senefia
997 2080 1108 2111 praeter
1118 2074 1194 2111 fagos
1201 2080 1229 2102 et
1243 2084 1363 2111 quercus
1375 2075 1409 2101 ad
1419 2076 1510 2112 ignem
1521 2082 1550 2103 et
1563 2077 1640 2104 clau-

125 2134 217 2152 suram
232 2124 384 2151 necessaria
395 2123 519 2159 praefata
529 2125 606 2150 curia
617 2124 703 2150 libere
716 2125 862 2159 acciperet.
876 2124 918 2150 Ad
929 2123 1053 2150 aedificia
1065 2132 1130 2149 vero
1145 2123 1238 2149 curiae
1249 2128 1276 2149 et
1288 2123 1323 2148 ad
1334 2132 1428 2149 carros
1440 2125 1641 2161 quinquaginta

125 2173 159 2199 ad
171 2181 300 2199 carrucas
313 2171 391 2207 sagos
403 2176 431 2197 et
441 2180 572 2207 quercus,
586 2171 685 2198 fratres
695 2171 730 2198 de
739 2172 816 2198 curia
828 2181 877 2207 per
888 2171 1100 2198 misericordiam
1113 2171 1216 2197 habere
1225 2171 1369 2197 deberent.
1380 2171 1410 2196 In
1421 2173 1639 2206 praesentiarum

125 2225 216 2247 autem
235 2219 336 2254 adjecit
349 2218 505 2254 praedictae
524 2219 660 2245 Ninivensi
678 2219 808 2245 ecclesiae
823 2220 850 2245 in
869 2219 1068 2253 eleemosynam
1085 2218 1156 2245 duos
1170 2218 1325 2254 quartarios
1338 2219 1365 2244 in
1379 2218 1460 2245 Sarto
1474 2221 1640 2247 censualiter

125 2267 265 2294 annuatim
281 2275 330 2302 pro
341 2266 451 2292 duobus
463 2266 583 2292 denariis
593 2266 804 2293 Nivellensibus.
825 2266 897 2293 Haec
909 2271 1002 2292 autem
1015 2267 1105 2292 omnia
1119 2266 1248 2301 deinceps
1260 2275 1289 2291 se
1304 2271 1531 2293 conservaturum
1545 2273 1573 2294 et
1586 2277 1640 2294 wa-

125 2314 300 2341 randiturum
309 2335 317 2346 ,
330 2314 392 2340 data
406 2313 461 2339 fide
471 2319 499 2340 et
509 2314 651 2340 obsidibus
661 2314 757 2349 positis
769 2313 884 2350 Hugone
894 2313 928 2340 de
940 2313 1032 2340 Iterna
1045 2318 1073 2340 et
1080 2314 1137 2339 filio
1150 2313 1210 2347 ejus
1223 2313 1369 2345 Mauricio,
1382 2313 1520 2349 obligatus
1534 2319 1586 2340 est.
1601 2315 1640 2342 Ne

125 2368 216 2390 autem
226 2362 310 2396 hujus
320 2361 453 2397 pactionis
461 2362 562 2387 veritas
574 2361 748 2396 improbitate
758 2361 849 2396 aliqua
857 2361 901 2387 vel
909 2361 1045 2387 oblivione
1055 2365 1250 2396 corrumpatur
1258 2361 1285 2386 in
1297 2365 1452 2395 posterum,
1465 2370 1523 2387 rem
1535 2367 1639 2397 gestam

124 2415 219 2437 nostro
232 2409 322 2446 sigillo
334 2414 361 2435 et
374 2408 497 2435 fidelium
515 2408 671 2435 testimonio
684 2407 876 2434 confirmamus
893 2413 921 2435 et
934 2409 1143 2435 auctorisamus.
1156 2407 1252 2434 Testes
1267 2407 1445 2440 Godesridus,
1461 2408 1582 2435 decanus
1596 2409 1642 2435 Ni-

123 2456 254 2484 vellensis
263 2477 270 2489 ‚
285 2457 458 2483 Hermannus
471 2455 590 2482 decanus
599 2476 607 2487 ,
622 2455 739 2482 lwainus
755 2460 782 2481 et
795 2456 821 2480 U
831 2455 936 2482 alterus
946 2476 953 2487 ,
972 2455 1095 2482 canonici
1109 2454 1289 2487 Nivellenses,
1305 2453 1446 2480 Johannes
1455 2475 1463 2488 ‚
1480 2454 1598 2482 clericus
1612 2461 1640 2482 et

120 2504 270 2531 canonicus
285 2503 320 2530 de
342 2502 521 2535 Audenam,
541 2502 677 2534 lwainus,
696 2502 854 2537 capellanus
869 2511 962 2535 meus,
981 2501 1137 2528 Everardus
1157 2500 1288 2537 Rigatdus
1307 2500 1342 2527 de
1360 2500 1482 2528 Rohavia
1494 2522 1501 2534 ,
1515 2502 1595 2539 Hugo
1613 2508 1641 2529 et
