2118 3184
585 397 812 434 CHRONtm
840 398 1009 433 AEGlDll
1038 398 1078 432 Ll
1108 397 1272 434 MUlSlS.
1623 402 1688 435 191

165 507 227 553 qui
246 508 453 553 recipientes
466 520 547 542 eum
568 508 762 542 honorifice
777 513 811 540 et
825 513 1022 553 gratantes-5
1045 507 1117 554 regi
1138 513 1172 540 et
1186 508 1327 555 reginae
1343 508 1495 554 plurima
1513 508 1607 543 dona
1622 510 1688 543 ob·

168 566 326 600 tulerunt
343 573 375 600 et
396 566 592 609 dedcruntg
620 573 740 613 postea
757 567 897 600 iri-runt
916 579 1035 599 sersus
1055 566 1170 600 sillam
1189 566 1234 600 de
1256 567 1377 613 Ypris,
1398 568 1458 601 ubi
1482 568 1587 602 etiam
1607 582 1690 617 gra-

168 631 283 658 tanter
300 631 382 659 sunt
401 625 533 670 recepti
551 624 574 658 ¹.

215 684 318 717 Anno
345 682 545 729 praedic-[0.
569 682 726 716 videlicet
752 681 903 717 Hectit.
926 681 1094 716 dominus
1115 695 1204 729 papa
1225 683 1424 718 Bonifacius
1445 684 1612 720 affectum
1631 687 1690 720 ha—

166 741 255 775 bens
281 740 326 775 ad
348 740 592 780 Flandrcnses,
622 742 786 776 comitem
811 748 841 775 vi
866 742 941 787 rjus
965 742 1110 783 liberos„
1135 743 1352 788 compatiens
1379 744 1448 778 eis.
1479 751 1513 778 et
1538 746 1621 791 quia
1647 746 1691 780 ad

166 800 241 845 ejus
268 799 427 833 notitiam
458 807 681 846 pervenerat,
707 799 890 847 quomodo
917 812 977 834 rex
1003 812 1066 846 per
1092 813 1198 834 suum
1221 801 1407 835 consilium
1431 803 1561 837 fecerat
1589 805 1691 839 Flan-

165 857 372 901 drensibus,
398 864 432 891 et
455 858 638 904 quomodo
666 865 763 892 erant
792 859 828 892 in
854 871 916 892 sna
944 858 1118 904 prisione„
1145 865 1262 892 motus
1285 866 1431 905 propter
1457 861 1526 895 lioc
1552 869 1587 896 ct
1610 864 1692 897 alias

167 917 286 963 plures
305 928 426 951 causas
439 943 447 958 ,
469 916 646 950 ordinauit
666 918 700 950 in
719 917 927 951 consistorio
942 929 1024 950 cum
1043 916 1198 950 dominis
1212 917 1468 962 cardinalibus,
1490 927 1525 953 et
1540 922 1692 956 confecit

164 974 298 1009 litteras
325 975 474 1009 bullatas
496 982 530 1010 et
554 976 648 1009 misit
666 988 748 1017 easg
772 976 899 1009 virtute
922 988 1076 1022 quarum
1103 976 1233 1010 citabat
1257 989 1376 1025 regem
1406 980 1635 1024 personaliter
1654 982 1690 1015 in

163 1033 321 1068 kalendis
342 1033 622 1077 Novembribus,
649 1041 687 1068 ut
709 1047 827 1068 eoram
849 1047 890 1068 eo
914 1041 1152 1080 comparerctg
1179 1048 1240 1081 per
1262 1035 1403 1070 easdem
1425 1037 1531 1071 etiam
1559 1039 1691 1073 litteras

164 1103 288 1126 omnes
313 1092 459 1140 gratias,
490 1099 679 1138 potestates
703 1100 737 1127 et
760 1093 879 1127 omnia
903 1105 1152 1139 quaecumque
1173 1093 1227 1127 sui
1251 1093 1536 1139 praedecessores
1558 1100 1688 1133 summi

164 1151 350 1197 pontifices
369 1150 697 1197 praedecessoribus
720 1151 805 1186 dicti
828 1151 920 1199 regis
938 1157 973 1185 et
990 1151 1054 1184 sibi
1074 1151 1139 1196 ipsi
1159 1159 1423 1194 concesserant,
1451 1156 1637 1189 revocabat
1656 1163 1688 1190 et

165 1209 393 1251 adnullabatg
426 1217 670 1257 veneruntque
693 1210 808 1244 dictae
835 1210 968 1243 litterae
991 1209 1077 1242 feria
1098 1208 1253 1242 secunda
1273 1216 1351 1255 post
1370 1210 1499 1245 festum
1519 1213 1691 1248 Purifica-

164 1267 282 1301 tionis.
312 1268 382 1301 nex
407 1274 528 1302 autem
554 1274 589 1301 ct
609 1268 664 1301 sui
690 1267 878 1301 consiliarii
905 1266 991 1300 moti
1016 1272 1100 1299 sunt
1122 1267 1158 1299 in
1181 1266 1464 1314 indignationem
1486 1276 1521 1303 et
1542 1271 1577 1304 in
1603 1273 1690 1306 iram

164 1338 330 1374 magnam
343 1352 352 1368 ,
371 1332 406 1359 et
420 1332 498 1359 orta
515 1332 565 1360 est
585 1325 730 1373 grandis
744 1324 981 1359 controversia
997 1324 1089 1358 inter
1103 1323 1290 1358 dominum
1306 1338 1433 1371 papam
1453 1334 1488 1361 et
1504 1328 1690 1364 dominum

164 1396 285 1433 regem
297 1396 390 1431 quae
403 1384 583 1418 crescebat
597 1383 642 1418 de
655 1384 712 1418 die
726 1384 762 1418 in
782 1383 877 1418 diem
887 1410 895 1426 7
915 1382 1015 1430 quod
1031 1383 1165 1417 litterae
1180 1383 1408 1418 fulminantes
1423 1397 1526 1431 saepe
1540 1387 1585 1420 ab
1599 1394 1692 1422 utra—

163 1455 235 1490 que
254 1448 354 1488 parte
377 1442 622 1476 mittebantur.
647 1443 689 1476 Et
706 1442 798 1476 inter
817 1448 954 1476 caetera
972 1440 1140 1475 dominus
1163 1453 1255 1488 papa
1273 1442 1413 1488 scripsit
1430 1444 1504 1491 regi
1525 1457 1532 1477 :
1558 1459 1576 1475 α
1596 1446 1691 1480 δοίη-

163 1507 198 1535 te
224 1501 410 1544 volumus,
437 1499 537 1548 quod
569 1501 670 1535 nobis
690 1501 796 1535 subes
820 1501 858 1535 in
889 1499 1131 1546 spiritualibus
1157 1506 1192 1533 et
1217 1501 1473 1546 temporalibus
1499 1514 1543 1535 z»
1569 1510 1605 1537 et
1625 1505 1691 1539 alia

165 1559 276 1594 multa
294 1559 513 1606 scripserunt
529 1558 575 1594 ad
593 1560 764 1603 invicem,
791 1566 831 1594 ut
852 1558 1003 1602 dicitur7
1024 1558 1114 1593 iram
1137 1564 1172 1592 et
1189 1558 1475 1594 fulminationem
1492 1572 1691 1607 provocan-

203 1680 211 1698 ¹
235 1680 311 1707 lutei·
337 1680 472 1716 opuscula
497 1681 609 1707 Antonii
636 1680 734 1708 Cocchi
761 1681 903 1708 Beneven-
1007 1690 1044 1706 iv.
1067 1680 1407 1716 Jovis‚apudverberiam
1417 1682 1562 1718 etregina3
1577 1682 1690 1710 fuerunt

163 1726 220 1753 tani
239 1735 311 1762 quae
331 1727 410 1753 annis
431 1726 631 1754 1761—1762
652 1727 724 1754 edita
746 1727 824 1754 suere
840 1727 902 1753 Flo·
1084 1726 1120 1752 ibi
1134 1726 1192 1752 dies
1206 1731 1274 1752 tres.

162 1772 269 1799 tentiae
293 1772 346 1799 sub
373 1772 453 1799 titulo
476 1781 484 1798 ι
513 1771 564 1799 De'
583 1771 696 1799 discorsi
723 1773 838 1798 Tuscani
861 1772 904 1799 del
1025 1782 1051 1798 v.
1074 1772 1301 1809 Veneris7vigilia
1311 1772 1691 1801 decollationisbeatiJohan-

163 1818 229 1844 dote.
246 1820 313 1843 Ant.
337 1818 444 1850 Cocclu',
466 1817 534 1843 illud
554 1818 704 1844 notandum
721 1819 795 1854 quod
808 1818 906 1844 inscri-
1142 1819 1184 1845 nis
1198 1819 1346 1855 Baptistae.

163 1863 240 1890 bitur
260 1873 268 1890 ε
288 1863 391 1890 Lettera
409 1864 503 1890 critica
523 1874 601 1900 sopra
620 1875 658 1890 un
678 1866 854 1891 manuscriuo
872 1866 902 1891 in
1014 1875 1050 1891 vi.
1071 1865 1149 1897 Sab„
1166 1865 1235 1892 festo
1249 1865 1439 1893 decollationis
1454 1866 1527 1893 beati
1545 1867 1689 1894 Johannis.

163 1920 235 1944 cem,
249 1910 283 1936 de
292 1909 366 1945 quod
377 1911 576 1946 eprompsimus
588 1911 760 1938 itinerarium
773 1912 848 1947 quod
860 1921 903 1938 se-
1114 1912 1205 1938 Verba
1226 1911 1272 1938 illa
1293 1917 1317 1938 et
1340 1913 1431 1948 reyina
1453 1912 1569 1948 singulis
1593 1913 1691 1940 diebus

163 1958 260 1994 quitur
278 1958 351 1993 regis
371 1957 505 1994 Philippi,
523 1968 554 1985 ex
567 1959 748 1996 autographis
767 1959 901 1986 Johannis
1115 1958 1142 1983 in
1156 1957 1250 1984 codice
1263 1959 1381 1993 repetita
1398 1958 1442 1984 hic
1456 1958 1598 1985 brevitatis
1609 1969 1690 1985 causa

164 2004 199 2031 de
214 2008 308 2030 sancto
319 2003 420 2030 Justo:
1113 2003 1276 2039 plerumque
1295 2004 1392 2030 omissa
1413 2009 1488 2030 sunt.
1505 2004 1602 2040 ltaque
1620 2006 1693 2042 regi-

1115 2059 1176 2076 nam
1192 2050 1319 2076 omnibus
1334 2050 1376 2076 his
1391 2050 1457 2077 locis
1473 2050 1594 2077 adfuisse
1611 2050 1693 2077 intel·

203 2095 282 2121 Auno
293 2095 393 2121 Christi
407 2094 524 2128 MCCCI,
538 2095 638 2131 Aprilis
648 2096 692 2124 die
706 2107 800 2129 xxviii,
816 2098 901 2125 Vene-
1113 2095 1160 2131 ligi
1178 2095 1257 2130 volo,
1278 2096 1330 2122 nisi
1350 2095 1430 2122 aliter
1449 2096 1610 2122 adnotatum
1631 2096 1692 2123 sue—

163 2141 203 2168 ris
224 2146 286 2176 post
305 2141 334 2167 S.
359 2141 494 2174 Marcum,
514 2150 562 2168 rex
582 2142 635 2168 fuit
655 2143 728 2178 apud
750 2143 899 2179 Anseram5
1114 2142 1162 2168 rit.

163 2187 260 2224 regina
284 2187 445 2213 comedente
470 2187 496 2213 in
515 2187 668 2215 diversorio
691 2189 765 2225 apud
789 2190 900 2216 Pontes.
1002 2198 1048 2214 vn.
1071 2182 1249 2214 Dominicain
1263 2188 1552 2215 crastinol'estisancti
1567 2188 1691 2216 Pruden-

165 2243 222 2260 xxix
236 2233 294 2259 sab.
311 2242 370 2269 seq.
391 2234 428 2259 ibi
441 2238 468 2260 et
482 2234 577 2269 regina
591 2244 648 2260 xxx.
660 2234 739 2261 Dom.
752 2236 862 2271 seq-'ibi
874 2241 901 2262 et
1113 2235 1147 2260 tis
1161 2234 1235 2270 apud
1252 2234 1330 2261 Clios.

164 2280 259 2316 regina
271 2290 278 2314 ;
294 2279 407 2306 suerunt
422 2289 489 2315 ergo
502 2280 539 2306 ibi
552 2280 610 2307 dies
622 2285 689 2307 tres.
989 2291 1047 2308 vm.
1070 2280 1164 2307 Lunae
1174 2301 1182 2313 ‚
1196 2280 1270 2316 apud
1286 2281 1486 2316 Ursicampum‚

219 2335 239 2351 1.
262 2325 338 2359 maii,
360 2326 460 2359 lunae,
483 2325 553 2352 sesto
572 2331 729 2353 sanctorum
744 2326 862 2363 Philippi
875 2333 902 2354 et
1012 2339 1048 2355 ix.
1069 2327 1179 2360 Mariis,
1193 2327 1267 2362 apud
1279 2327 1466 2354 Fresincham.

286 2371 381 2398 Jacobi
404 2371 478 2407 apud
499 2371 851 2408 Sancti-christophorum,
874 2374 901 2399 in
1023 2384 1048 2400 x.
1070 2374 1219 2405 Mercurii,
1248 2374 1303 2409 vig.
1330 2373 1448 2407 Aoeens,
1475 2375 1549 2410 apud
1569 2375 1688 2404 Mentem

287 2417 382 2444 Halata
399 2439 406 2450 ‚
433 2423 460 2444 et
484 2418 578 2454 regina
601 2418 718 2445 comedit
738 2419 811 2454 apud
834 2428 903 2455 pon·
1114 2419 1142 2446 S.
1159 2420 1297 2456 Quintini5
1315 2419 1429 2446 fuerunt
1442 2421 1479 2447 ibi
1492 2421 1618 2449 biduum.

285 2468 340 2490 tem
367 2463 620 2499 Sancti-Maxentii5
648 2463 763 2492 suerunt
784 2464 821 2491 ibi
845 2465 902 2492 dies
1014 2476 1050 2494 xi.
1071 2466 1163 2499 Jovis,
1179 2465 1242 2492 sest.
1255 2466 1438 2493 Ascensionis.

285 2514 350 2537 tres.
1002 2522 1048 2539 ιιι.
1069 2512 1201 2546 Veneris,
1217 2511 1289 2548 apud
1306 2511 1472 2548 Bapalmam.
