2118 3184
761 378 1048 414 APPENDICES.
1598 377 1666 411 8-'47

827 514 1012 548 cxxxiv.

152 619 415 654 L'areln'a'iacre
429 619 470 652 cle
493 618 678 661 Cambraz',
698 631 795 665 pour
813 620 840 653 le
856 620 1038 661 Brabant,
1057 624 1208 666 partaqe
1229 618 1263 651 la
1281 618 1374 653 (lime
1393 619 1434 653 de
1450 619 1555 653 Menz
1573 626 1669 653 entm-

196 678 241 711 [ος
254 678 406 723 abbayea
417 677 458 711 dv
479 676 614 711 Ninove
629 683 661 711 e!
671 677 712 711 de
729 677 959 724 Grimlwtyhe
978 684 1010 711 et
1027 677 1054 711 le
1069 677 1208 711 cure'de
1223 677 1255 711 la
1267 680 1437 724 paroisse.
1456 699 1503 704 -—
1516 678 1621 712 Memz.

786 877 802 898 Α
816 876 957 898 Grainmont
967 893 973 901 ,
994 875 1067 898 1225.

190 947 329 973 Universis
344 947 468 982 paginam
481 946 550 972 hanc
559 947 667 973 visuris.
681 945 720 975 J..
731 947 929 973 Cameracensis
940 946 1148 973 archidiaconus
1159 948 1183 972 in
1199 946 1343 972 Rrabantia
1354 967 1360 977 ,
1378 946 1493 973 salutem
1510 948 1534 973 in
1551 948 1669 973 omniun»

151 994 301 1021 Salvatore.
317 994 382 1019 Cum
392 994 441 1020 viri
454 994 624 1021 venerabiles
635 1015 641 1021 .
658 994 742 1021 abbas
754 1000 781 1021 et
795 1000 946 1021 conventus
963 994 1113 1020 Ninivcnsis
1126 1004 1158 1020 ex
1173 1003 1226 1020 una
1238 999 1327 1029 parte.
1340 999 1368 1020 et
1380 994 1465 1020 abbas
1476 1000 1503 1020 et
1517 1001 1668 1021 conventus

151 1042 380 1077 Grimbergensis,
391 1047 417 1067 et
426 1042 588 1077 praesbyter
597 1042 631 1068 de
641 1042 714 1068 Meu:
723 1052 756 1068 ex
766 1042 862 1075 altera,
873 1051 964 1068 coram
975 1051 1015 1068 me
1026 1043 1050 1068 in
1063 1051 1144 1077 quem
1153 1041 1399 1077 compromiserunt
1409 1050 1492 1077 super
1504 1042 1615 1068 decimis
1624 1053 1673 1068 no-

151 1089 250 1115 valium
261 1091 287 1115 in
300 1089 429 1124 parochia
442 1089 475 1115 dc
490 1089 578 1123 Mem,
593 1095 620 1116 et
634 1089 799 1126 appenditiis
811 1090 870 1124 ejus
884 1089 987 1116 scilicet
1002 1089 1114 1126 Ophem‚
1129 1089 1199 1115 Rode
1213 1094 1240 1115 et
1253 1088 1517 1122 [Iasseltjacentium
1529 1111 1535 1118 ,
1551 1089 1669 1122 huicjus

149 1145 291 1163 commune
302 1141 328 1161 et
339 1135 437 1162 laicum
450 1136 589 1172 plusjuris
597 1137 744 1172 quamipse
752 1136 835 1163 habet
844 1137 990 1172 praecipue
1004 1137 1029 1162 in
1044 1136 1148 1163 decima
1162 1157 1169 1167 ,
1183 1137 1209 1162 in
1221 1136 1302 1162 alium
1316 1136 1474 1162 nullatenus
1488 1146 1566 1172 posse
1582 1142 1670 1163 traus-

150 1183 222 1210 ferre
237 1193 244 1209 :
259 1183 321 1210 hinc
333 1184 586 1219 praescriptionem,
601 1184 692 1220 quoad
702 1184 811 1210 modum
825 1184 992 1219 possidendi,
1003 1189 1031 1210 et
1042 1183 1159 1210 decimas
1168 1193 1222 1209 non
1235 1183 1267 1209 ad
1279 1183 1479 1210 distinctionem
1491 1185 1669 1210 terminorum

150 1231 311 1266 acquisitas,
332 1230 379 1256 sed
393 1230 425 1256 ad
440 1231 591 1265 portionem
606 1231 790 1266 aliquotarum
807 1231 904 1257 tertiae
922 1232 949 1257 in
963 1230 1128 1266 quibusdam
1141 1251 1148 1262 ‚
1164 1235 1278 1266 quartae
1293 1230 1320 1256 in
1336 1230 1498 1265 quibusdam
1513 1252 1519 1261 ,
1537 1237 1628 1258 sextae
1643 1233 1667 1257 in

150 1276 314 1313 quibusdam
326 1287 332 1309 3
345 1286 416 1312 quae
429 1277 464 1303 ob
483 1278 613 1312 majorem
627 1279 684 1304 sive
699 1278 829 1304 minorem
841 1278 1023 1313 quantitatem
1037 1287 1113 1303 suam
1127 1277 1236 1303 minime
1251 1282 1358 1303 mutant
1372 1283 1496 1303 naturam
1509 1279 1541 1304 ad
1553 1279 1669 1305 decimas

150 1324 286 1350 novalium
300 1332 359 1349 esse
370 1323 554 1350 extendendas
563 1344 570 1355 ‚
587 1333 648 1350 cum
661 1324 721 1350 aliis
735 1324 888 1350 rationibus
902 1323 1043 1360 eleganter
1055 1324 1249 1360 allegaverint,
1268 1333 1319 1360 ego
1333 1323 1452 1350 savorem
1465 1326 1537 1358 juris
1550 1335 1669 1351 commu-

149 1372 189 1398 nis
206 1377 234 1398 et
245 1372 329 1407 ipsius
343 1371 535 1397 certitudinem
549 1371 646 1398 affectu
661 1371 826 1407 amplectens
837 1371 962 1407 ampliori
974 1380 1055 1406 quam
1069 1371 1160 1397 odium
1177 1372 1385 1406 prescriptionis
1398 1392 1404 1404 ‚
1421 1377 1449 1398 et
1462 1372 1562 1398 dictam
1577 1374 1671 1409 acqui—

147 1419 271 1445 sitionem
282 1441 288 1446 .
300 1420 334 1446 de
347 1420 449 1455 quibus
464 1419 528 1445 mibi
542 1428 595 1445 non
607 1424 714 1445 constat
725 1440 732 1451 ,
749 1420 799 1446 nisi
812 1429 861 1454 per
872 1419 1121 1455 praesumptionem
1133 1440 1140 1447 .
1155 1418 1189 1445 de
1204 1419 1339 1445 bonorum
1353 1420 1474 1445 virorum
1489 1420 1603 1446 consilio
1620 1431 1668 1455 pro

149 1467 222 1493 bono
236 1467 308 1502 pacis
319 1472 345 1493 et
359 1467 460 1493 intuitu
477 1467 605 1502 antiquae
619 1465 809 1492 familiaritatis
822 1466 1039 1498 conservandae,
1060 1466 1126 1492 duxi
1139 1466 1320 1492 ordinandum
1334 1487 1340 1498 ‚
1355 1467 1429 1502 quod
1445 1466 1581 1493 fructibus
1595 1477 1669 1494 occa-

150 1515 225 1540 sione
237 1515 403 1541 decimarum
417 1513 553 1540 novalium
568 1513 631 1540 hinc
645 1514 708 1540 inde
721 1515 872 1549 perceptis,
890 1523 974 1549 penes
989 1519 1147 1549 receptores
1161 1514 1369 1540 remanentibus
1382 1514 1514 1550 praedicti
1529 1516 1555 1540 in
1572 1515 1606 1549 xij
1623 1516 1671 1541 bo—

151 1562 234 1587 nariis
252 1571 322 1596 quae
341 1566 440 1596 reputo
456 1570 507 1596 pro
521 1560 663 1586 novalibus
682 1561 821 1587 territorio
838 1560 942 1587 inculto
956 1561 1030 1596 apud
1045 1560 1158 1587 Leubosc
1178 1561 1343 1587 continuatis
1363 1562 1412 1587 nisi
1426 1562 1594 1588 commodius
1610 1569 1669 1597 post

149 1608 318 1643 assignandis
327 1629 333 1637 ,
347 1614 373 1634 et
386 1609 412 1634 in
423 1608 549 1634 omnibus
563 1608 628 1634 locis
640 1609 665 1634 in
677 1608 750 1635 dicta
761 1608 906 1644 parrochia
916 1613 944 1634 et
955 1609 1040 1644 ipsius
1054 1608 1218 1644 appenditiis
1230 1609 1257 1634 in
1271 1614 1411 1644 posterum
1426 1610 1459 1635 ad
1473 1610 1668 1645 agriculturam

150 1658 206 1682 sive
219 1656 272 1682 alio
287 1656 366 1682 modo
380 1656 412 1682 ad
427 1656 590 1682 solutionem
604 1656 770 1682 decimarum
784 1655 940 1692 redigendis
953 1656 1004 1682 sibi
1016 1656 1134 1682 decimas
1148 1657 1389 1682 communicabunt
1403 1656 1561 1683 Ninivenses
1577 1658 1602 1683 in
1614 1667 1671 1683 oin-

151 1703 231 1729 nibus
247 1703 424 1738 proventibus
438 1708 465 1729 et
479 1703 668 1729 emolumentis
685 1708 788 1729 sextam
802 1708 922 1738 partem,
941 1702 1164 1739 Grimbergenses
1178 1708 1205 1729 et
1221 1703 1365 1738 presbyter
1383 1703 1417 1729 de
1438 1703 1511 1729 Men:
1529 1704 1669 1730 residuum

151 1751 314 1786 recipientes
329 1751 364 1775 ita
384 1755 472 1776 tamen
490 1750 564 1785 quod
579 1751 605 1776 in
624 1750 725 1777 horreo
738 1751 873 1776 communi
888 1749 1012 1776 similiter
1025 1759 1118 1776 seorsa
1132 1755 1303 1786 reponantur
1319 1756 1345 1776 et
1359 1751 1502 1783 triturata⁷
1523 1757 1553 1777 ut
1567 1751 1668 1778 dictum

151 1803 205 1830 est,
223 1797 394 1828 dividantur,
408 1803 435 1823 et
448 1807 498 1832 per
511 1797 563 1824 hoc
576 1798 664 1833 sopita
675 1802 716 1824 est
728 1797 761 1824 lis
776 1806 847 1833 quae
861 1797 913 1823 suit
926 1807 1010 1833 super
1026 1798 1137 1824 decimis
1148 1802 1269 1833 quatuor
1283 1798 1459 1824 bonariorum
1474 1799 1500 1824 in
1512 1798 1598 1824 libera
1611 1800 1668 1825 cul-

151 1850 214 1871 tura
234 1844 307 1880 apud
321 1844 394 1870 Men:
412 1845 563 1877 jacentium
574 1865 581 1876 ‚
599 1845 633 1870 ab
647 1844 760 1870 ecclesia
778 1844 916 1871 Ninivensi
929 1853 994 1880 erga
1012 1843 1180 1871 willelmum
1195 1844 1229 1870 de
1243 1844 1354 1870 Crahem
1368 1844 1516 1880 redemptis
1527 1867 1534 1877 ,
1551 1856 1621 1881 quae
1636 1847 1669 1871 ad

151 1893 237 1918 instar
249 1892 424 1927 antiquarum
436 1891 601 1918 decimarum
613 1892 810 1918 censebuntur.
825 1892 860 1918 Ut
870 1891 938 1918 haec
947 1897 1037 1918 autem
1054 1897 1112 1918 rata
1123 1896 1150 1918 et
1160 1891 1319 1918 inconvulsa
1331 1898 1507 1927 permaneant
1520 1914 1525 1923 ,
1541 1903 1670 1928 praescus

151 1939 282 1974 scriptum
296 1940 347 1965 mei
356 1944 383 1965 et
396 1938 530 1965 dictarum
544 1938 721 1966 ecelesiarum
733 1943 828 1965 mutua
840 1937 993 1975 sigillorum
1006 1939 1172 1974 appensione
1187 1938 1281 1964 studui
1292 1939 1466 1965 confirmare.
1484 1940 1580 1966 Actum
1595 1941 1668 1975 apud

153 1986 396 2018 Geraldimontem⁷
412 1996 483 2013 anno
496 1986 646 2013 dominicae
661 1986 857 2012 lncarnationis
871 1985 1027 2012 MCCxxtlt
1037 2007 1043 2015 ,
1059 1994 1151 2012 mense
1167 1985 1269 2020 Aprili,
1283 1990 1359 2012 sexto
1377 1986 1438 2011 idus
1453 1986 1563 2022 Aprilis.

1165 2051 1295 2075 Cartulaire
1308 2052 1335 2074 de
1349 2052 1454 2076 Malines.

856 2155 934 2165 ΙΙ
