2118 3184
462 453 723 489 CHRONICON
745 455 957 489 BALDUINI
978 455 1283 490 NINOVIENSIS.
1562 457 1625 492 671

116 573 373 608 usquequaque
388 574 601 608 persequens
614 562 658 595 ab
678 573 786 595 uxore
799 562 892 607 ejus,
911 574 1018 608 quam
1035 562 1174 597 obsedit
1186 590 1194 606 ,
1213 576 1276 610 per
1290 565 1475 611 proprium
1491 577 1629 600 servum

114 621 264 666 pecunia
279 627 488 666 corruptum
502 647 511 654 .
529 620 731 666 potionatus
745 632 807 666 per
820 620 979 655 triduum
999 622 1141 655 excitari
1156 634 1226 656 non
1243 623 1375 668 potuit.
1394 636 1464 670 qua
1479 625 1630 673 aegritu-

113 677 198 712 dine
216 677 384 712 deficicns
398 679 562 713 moritur.
584 690 677 711 anno
694 678 894 712 DCCCClll.

162 736 371 771 Lodowicus
385 764 392 775 ,
414 736 506 770 filius
524 737 678 770 Arnulfi.
703 737 853 783 imperat
871 736 993 771 decem
1011 739 1123 772 annis.
1147 738 1346 786 Stephanus
1365 741 1540 787 praesidet
1558 754 1631 776 uno

115 808 228 830 anno.
252 796 304 829 vel
327 794 523 829 secundum
546 795 718 842 quosdam
744 796 857 829 tribus
878 796 1000 838 annis.7
1023 797 1086 831 iste
1106 810 1125 831 a
1146 799 1310 833 Formoso
1334 812 1424 846 papa
1446 801 1631 847 episeopus

115 854 295 902 Anagniae
311 854 475 887 ecelesiae
489 854 692 898 ordinatus,
709 855 825 901 ipsum
841 856 1045 889 Formosum
1067 868 1298 903 persequens,
1321 857 1451 905 deponi
1466 866 1499 892 et
1517 859 1630 894 occidi

116 913 212 947 fecit.
230 912 338 958 Cujus
356 913 461 946 etiam
477 925 606 959 corpus
620 913 656 946 in
671 914 815 947 consilio
831 914 1051 960 protrahitur
1069 922 1103 948 et
1118 916 1233 961 papali
1252 917 1337 950 vesti
1354 924 1499 951 exutum
1516 918 1630 952 induit

116 970 247 1012 laicali2
271 977 305 1004 et
324 971 438 1004 tribus
456 970 574 1019 digitis
594 971 725 1005 dextris
745 972 924 1015 abscissis,
947 972 982 1005 in
1003 972 1169 1018 Tyberim
1195 975 1448 1020 praecipitavit.
1472 975 1540 1009 Pro
1558 989 1631 1023 quo

114 1029 243 1064 scelere
257 1028 426 1063 divinitus
446 1031 592 1076 punitus
610 1037 673 1064 est.

92 1124 95 1125 ⁷
161 1087 341 1121 Romanus
364 1100 452 1133 papa
471 1087 646 1133 praesidet
659 1088 771 1121 tribus
791 1088 988 1131 mensibus7
1010 1095 1089 1134 post
1107 1101 1214 1136 quem
1237 1089 1446 1125 Theodorus
1465 1093 1519 1125 xix
1538 1092 1625 1127 dies.

115 1146 216 1179 Anno
236 1145 376 1179 Domini
397 1145 600 1179 DCCCCXII
615 1172 623 1187 a
645 1146 775 1191 incepit
792 1145 880 1179 ordo
903 1146 1151 1180 Cluniacensis.
1179 1147 1388 1182 Theodorus
1414 1162 1503 1195 papa
1528 1151 1630 1196 plane

115 1210 237 1238 contra
263 1203 482 1250 Stephanum
507 1216 632 1250 papam
659 1205 786 1247 sensit,
815 1205 1043 1238 reconcilians
1070 1205 1250 1239 ordinatos
1277 1219 1295 1240 a
1323 1207 1488 1242 Formoso
1515 1221 1626 1255 papa5

113 1275 204 1309 quos
217 1262 418 1308 Stephanus
435 1262 712 1297 exordinaverat.
734 1263 912 1296 Johannes
930 1275 1019 1309 papa
1035 1264 1209 1309 praesidet
1222 1263 1364 1299 duobus
1377 1267 1489 1299 annis.
1509 1268 1570 1301 Hic
1585 1268 1629 1302 ad

113 1320 393 1356 confirmandam
415 1321 569 1354 Formosi
583 1321 862 1364 ordinationem2
879 1334 986 1367 quam
1002 1321 1202 1368 Stephanus
1221 1331 1430 1367 cassaverat„
1451 1325 1628 1371 synodum

114 1379 219 1425 lxxiiij
239 1379 485 1424 episcoporum
505 1378 601 1424 apud
620 1378 821 1412 Ravennam
839 1379 962 1412 statuit
983 1385 1018 1412 et
1035 1380 1072 1412 in
1092 1381 1288 1425 praesentia
1308 1382 1399 1429 regis
1417 1388 1451 1415 et
1469 1384 1628 1418 omnium

115 1438 299 1472 combusta
320 1443 372 1471 est
385 1436 542 1483 synodus
557 1436 738 1484 Stephani.
758 1437 978 1483 Stephanus,
1001 1438 1187 1484 episeopus
1207 1439 1429 1481 Leodiensisq
1448 1443 1630 1476 sanctitate

115 1503 151 1530 et
164 1497 308 1531 seientia
321 1496 435 1530 clarus
449 1523 457 1539 τ,
478 1496 584 1530 vitam
608 1497 719 1530 sancti
739 1496 916 1530 Lamberti
938 1496 1070 1540 edidit,
1091 1504 1308 1544 cantumque
1327 1498 1371 1532 de
1390 1499 1514 1533 eodem
1534 1507 1568 1534 et
1586 1501 1630 1534 de

114 1561 234 1590 sancta
253 1555 424 1588 Trinitate
443 1561 478 1588 et
499 1554 543 1588 de
564 1555 766 1589 inventione
784 1556 894 1589 saneti
914 1554 1082 1602 Stephani
1102 1555 1198 1590 dulci
1218 1556 1459 1591 modulatione
1481 1570 1629 1605 compo-

114 1615 197 1648 suit.
222 1612 404 1648 Conradus
428 1625 565 1656 comes,
595 1620 694 1660 pater
719 1613 891 1657 Conradi7
918 1614 979 1660 qui
1004 1620 1083 1660 post
1104 1614 1335 1648 Lodowieum
1358 1615 1565 1662 imperavit,
1594 1618 1629 1651 in

114 1672 207 1707 bello
228 1672 415 1718 perimitur
433 1684 453 1706 a
474 1672 602 1706 comite
625 1673 780 1706 Alberto.
807 1672 1018 1706 Benedictus
1040 1685 1130 1719 papa
1154 1673 1327 1719 praesidet
1347 1687 1419 1708 uno
1441 1687 1554 1717 anno„
1577 1677 1629 1709 vel

115 1730 310 1766 secundum
331 1730 505 1777 quosdam
528 1732 641 1765 tribus
662 1732 763 1765 annis
782 1738 816 1765 et
834 1731 1003 1774 dimidio3
1026 1732 1090 1765 iste
1108 1744 1189 1766 cum
1206 1733 1360 1766 Formosi
1377 1745 1505 1779 corpus
1519 1747 1538 1768 a
1556 1735 1629 1780 pis-

115 1789 293 1825 catoribus
307 1789 489 1823 inventum
507 1789 542 1823 in
557 1789 737 1823 ecclesiam
753 1790 788 1824 S.
808 1790 900 1823 Petri
922 1791 1093 1836 reportari
1108 1790 1259 1833 faceret,
1280 1797 1483 1825 sanctorum
1502 1793 1629 1840 imagi-

115 1860 176 1882 nes
190 1854 373 1881 veneratae
393 1854 428 1881 et
441 1847 606 1882 salutasse
622 1848 708 1882 illud
724 1849 838 1895 palam
853 1849 1020 1882 omnibus
1034 1849 1125 1882 visae
1139 1855 1235 1882 sunt.
1255 1849 1347 1897 Ergo
1366 1856 1512 1896 propter
1525 1851 1627 1886 officii

115 1905 325 1954 dignitatem
344 1913 378 1939 et
396 1905 501 1939 fidem
521 1907 786 1953 suscipientium
805 1908 880 1953 ejus
903 1907 1142 1941 ordinationes
1160 1907 1401 1952 confirmavit,
1424 1911 1628 1955 praesertim

115 1977 199 2000 cum
215 1965 290 2011 ipse
303 1977 322 1998 a
342 1964 519 1998 Marciano
534 1977 623 2011 papa
642 1966 900 2000 absolutionem
922 1967 1051 2000 meruit
1064 1972 1099 1999 et
1116 1966 1434 2000 confirmationem.

166 2021 270 2069 Apud
284 2022 623 2069 Constantinopolim
638 2030 717 2069 post
731 2024 897 2067 Leonem„
916 2023 1164 2058 Constantinus
1179 2024 1271 2058 filius
1285 2025 1359 2070 ejus
1372 2032 1407 2059 et
1420 2025 1625 2060 Alexander.

116 2082 225 2116 frater
242 2081 401 2127 ejusdem
425 2081 568 2125 Leonis⁷
595 2082 770 2128 imperant
791 2094 884 2116 anno
902 2094 987 2116 uno.
1014 2082 1083 2116 Leo
1106 2094 1198 2128 papa
1215 2082 1403 2128 praesidet.
1426 2083 1527 2118 Hunc
1551 2092 1630 2130 post

115 2153 183 2175 xxx
200 2139 274 2174 dies
295 2139 527 2174 ordinationis
547 2153 629 2175 suae
649 2140 908 2184 Christoforus2
930 2141 1114 2187 presbyter
1128 2141 1223 2186 eju52
1247 2142 1386 2187 capiens
1404 2148 1438 2176 et
1456 2142 1492 2175 in
1511 2155 1629 2176 earce-

117 2211 192 2233 rem
209 2198 356 2232 trudens
367 2225 377 2243 ,
400 2210 463 2244 per
476 2199 692 2233 invasionem
711 2200 888 2234 Romanae
908 2200 1072 2233 eeclesiae
1088 2199 1264 2245 praesidet
1278 2206 1411 2246 septem
1434 2201 1626 2235 mensibus.

116 2256 221 2304 Apud
240 2257 581 2303 Constantinopolim
603 2258 799 2292 Alexandro
822 2265 984 2301 mortuo7
1012 2258 1262 2292 Constantinus
1282 2259 1376 2292 solus
1398 2259 1548 2305 imperat
1566 2271 1631 2293 an-

118 2316 173 2349 nis
190 2315 303 2349 xxxix.
331 2314 439 2361 Cujus
459 2315 578 2349 volens
600 2316 675 2349 fieri
694 2322 792 2349 tutor
814 2315 960 2362 quidam
985 2316 1128 2350 nomine
1149 2316 1346 2359 Romanus7
1371 2329 1483 2363 quum
1505 2317 1630 2351 admo—

115 2373 203 2408 dum
224 2385 312 2419 puer
329 2380 403 2407 erat
415 2400 424 2412 ,
444 2385 527 2407 cum
546 2381 636 2408 esset
648 2374 720 2408 dux
738 2375 867 2408 navalis
881 2375 1053 2408 exercitus
1071 2375 1147 2421 ejus
1159 2402 1167 2418 a
1183 2381 1318 2409 tutores
1338 2381 1434 2409 extra
1454 2376 1628 2410 civitatem

116 2438 256 2466 vocatos
270 2431 399 2477 palatio
413 2437 487 2465 arte
503 2431 710 2475 eliminavit7
729 2439 763 2466 et
776 2439 816 2466 ut
830 2433 986 2466 securius
1001 2439 1120 2480 ageret
1133 2439 1282 2466 matrem
1297 2432 1514 2467 Constantini
1529 2433 1631 2469 duxit

116 2491 153 2524 in
171 2501 336 2531 uxorem,
359 2489 390 2522 ei
408 2488 631 2535 despondens
645 2490 751 2524 filiam
770 2502 884 2524 suam.
906 2489 1048 2538 Sergius
1067 2502 1156 2536 papa
1170 2490 1346 2536 praesidet
1360 2491 1404 2537 vij
1425 2492 1536 2526 annis.
1562 2492 1630 2527 Iste

116 2548 258 2596 Sergius
278 2547 449 2582 diaconus
471 2554 552 2593 post
567 2547 787 2595 Stephanum
807 2561 934 2595 papam
959 2556 994 2583 et
1010 2556 1091 2584 ante
1109 2549 1313 2584 Formosum
1336 2550 1373 2584 in
1390 2562 1518 2597 papam
1537 2551 1629 2586 elec-
