2137 3131
431 391 496 426 152
770 386 946 423 CORPt‘s
973 384 1303 419 CllRONlCORUM
1334 384 1596 418 FLANDRIAE.

868 536 1080 562 TRACTATUS
1099 536 1222 561 TERTH
1244 537 1336 561 PARS
1355 536 1532 561 SEct'Nnx.

432 638 604 679 Quoniam
625 645 762 679 semper
779 633 1023 678 ineipz'emlmn
1037 637 1086 665 est
1097 644 1119 664 a
1133 631 1303 677 (ίτῃηίονί,
1324 643 1382 677 egso
1395 631 1516 664 ‹lirem'
1533 642 1649 664 meum
1663 632 1887 677 propositum
1905 630 1954 663 ad

476 701 631 738 tempora
650 692 767 724 saneti
781 696 814 724 et
830 690 1064 724 illustrissimi
1078 690 1169 736 reglis
1186 687 1221 721 F
1221 691 1364 722 rancz'ae
1380 688 1564 730 Lmlorici,
1581 688 1630 721 ad
1645 688 1764 734 aliqua
1783 687 1952 721 notabilia

476 749 698 795 reqzktrmzcffl
717 761 806 794 quae
826 748 867 782 de
888 760 925 781 eo
948 748 1076 781 audivi
1093 760 1116 779 a
1134 746 1304 793 pluribus
1322 746 1392 791 fide
1409 747 1525 793 (ligsm’s
1541 749 1704 792 personis
1722 745 1908 779 recordari
1922 745 1947 778 ¹.

474 842 656 889 Regnante
678 840 913 874 illustrissimo
937 851 1019 887 rege
1038 839 1202 872 Franciae
1228 844 1349 872 sancto
1370 837 1551 871 Ludovico
1564 864 1572 880 7
1595 837 1703 871 frater
1722 837 1927 871 Vincentius
1941 864 1948 878 ·.

425 899 469 933 de
493 899 617 933 ordine
639 899 790 932 fratrum
810 897 1116 944 praedicatorum,
1138 895 1353 930 lucidissime
1375 903 1408 930 et
1429 896 1704 930 luculentissime
1721 907 1833 929 unum
1856 901 1951 929 trac—

426 965 537 991 tatum
565 957 785 1002 composuit.
812 956 984 1001 incipiens
1010 967 1030 989 a
1055 955 1231 1001 principio
1254 953 1392 988 mundi.
1420 954 1522 989 Gesta
1549 966 1780 988 romanorum
1805 953 1951 999 pontifi-

425 1029 527 1050 cum.
559 1016 815 1061 imperatorum
838 1020 873 1047 et
897 1014 1006 1047 vitam
1031 1019 1235 1048 sanctorum
1262 1025 1302 1047 ac
1321 1012 1443 1055 flores.
1467 1019 1502 1046 et
1525 1019 1729 1046 sanctorum
1749 1018 1891 1058 patrum
1917 1018 1952 1044 et

425 1074 701 1121 prophetarum7
724 1079 760 1106 et
777 1071 821 1106 de
841 1072 976 1106 naturis
996 1084 1115 1105 rerum
1135 1084 1249 1118 usque
1267 1070 1312 1105 ad
1334 1078 1497 1116 tempora
1516 1070 1601 1104 dicti
1627 1071 1738 1104 sancti
1757 1069 1926 1104 Ludovici
1940 1096 1948 1112 7

425 1140 457 1166 et
485 1132 745 1166 ordinatissime
768 1130 983 1176 compilavit.
1010 1131 1059 1164 De
1077 1142 1152 1176 quo
1170 1135 1323 1164 tractatu
1343 1135 1499 1176 quatuor
1518 1129 1697 1162 volumina
1720 1128 1898 1161 habentur
1914 1128 1951 1161 in

425 1191 638 1225 monasterio
665 1196 805 1231 nostr0.
832 1188 995 1222 videlicet
1018 1188 1133 1234 prima
1159 1200 1257 1234 pars7
1287 1187 1463 1231 secunda.
1491 1187 1594 1221 tertia
1618 1193 1653 1220 et
1676 1193 1819 1233 quarta7
1847 1192 1881 1220 et
1900 1192 1952 1220 est

425 1249 616 1284 intitulatio
634 1262 640 1281 :
660 1248 791 1282 Prima
798 1260 890 1294 pars
904 1246 1046 1293 Speeulz'
1060 1246 1101 1279 H
1101 1246 1265 1280 alstorzkzlis
1276 1247 1407 1291 fratris
1430 1245 1659 1279 Vincentiicle
1674 1245 1797 1279 ordine
1806 1245 1951 1291 praedi-

425 1315 608 1349 catorum,
631 1313 667 1341 et
683 1307 732 1340 sic
752 1304 908 1339 secunda
927 1317 1008 1351 pars
1020 1331 1029 1347 ,
1049 1305 1151 1338 tertia
1169 1310 1276 1350 atque
1294 1310 1419 1350 quarta
1441 1304 1655 1337 intitulatur.
1682 1304 1771 1337 Item
1786 1310 1870 1337 sunt
1890 1310 1951 1336 aut

425 1379 498 1401 esse
518 1365 651 1399 debent
668 1364 737 1398 2111
764 1363 927 1398 liberaria
953 1369 1072 1397 nostra
1096 1369 1251 1409 quatuor
1270 1369 1386 1408 partes
1405 1361 1449 1395 (le
1471 1363 1606 1395 naturis
1631 1374 1772 1405 lerum
1796 1374 1951 1408 quarum

426 1425 518 1459 duae
536 1431 617 1458 sunt
636 1422 835 1457 intitulatae
862 1422 898 1455 in
916 1421 1040 1467 majori
1059 1421 1239 1455 xolumiue
1253 1427 1288 1454 et
1305 1421 1391 1454 aliae
1409 1420 1529 1454 duae
1520 1433 1557 1454 m
1576 1421 1724 1454 mincii
1747 1427 1782 1454 et
1796 1420 1950 1454 habebat

426 1484 542 1517 dictus
563 1483 595 1516 f1
597 1489 672 1516 ater
689 1480 896 1515 Vincentius
910 1492 929 1513 a
948 1479 1095 1514 domino
1113 1491 1196 1527 rege
1211 1479 1458 1513 auctoritatem
1481 1478 1625 1512 xidendi
1645 1456 1847 1512 libeiarias
1838 1491 1874 1512 m
1894 1491 1951 1512 re—

427 1555 498 1591 gno
517 1542 693 1576 Franciae.
717 1541 759 1574 Et
777 1539 927 1587 contigit
949 1538 1049 1586 quod
1072 1539 1168 1572 xenit
1185 1539 1222 1572 in
1241 1545 1363 1572 nostro
1378 1538 1593 1572 monasterio
1616 1538 1650 1572 S
1674 1538 1815 1572 Martini
1835 1537 1951 1572 dictus

426 1602 554 1644 frater⁷
576 1607 609 1633 et
630 1606 751 1646 aperta
768 1605 821 1632 est
839 1598 869 1631 ei
889 1597 1070 1640 liberaria.
1092 1603 1125 1630 et
1145 1596 1233 1630 vidit
1251 1596 1370 1630 omnia
1388 1596 1479 1630 sicut
1496 1608 1579 1629 suae
1596 1596 1724 1642 placita
1737 1597 1805 1630 fuit
1823 1596 1951 1631 volun-

426 1660 508 1693 tati:
532 1657 628 1692 unde
647 1657 765 1692 auditi
781 1669 800 1690 a
819 1655 1149 1702 praedecessoribus
1168 1655 1296 1688 nostris
1315 1654 1470 1700 antiquis
1484 1660 1519 1687 et
1536 1654 1735 1688 viventibus
1754 1661 1840 1689 tunc
1858 1662 1951 1690 tem-

426 1720 537 1765 poris.
573 1716 672 1764 quod
697 1715 812 1750 dictus
842 1715 950 1749 frater
981 1713 1118 1747 dixerat
1143 1712 1241 1760 quod
1265 1714 1300 1746 in
1327 1713 1425 1747 nullo
1456 1713 1670 1746 monasterio
1693 1713 1951 1762 cujuscumque

427 1778 561 1812 ordinis
575 1777 757 1810 invenerat
773 1782 845 1809 tam
865 1775 978 1808 bonos
993 1773 1101 1807 libros
1115 1779 1149 1806 et
1163 1772 1395 1816 sufficientes,
1413 1779 1486 1806 tam
1502 1772 1596 1805 bona
1609 1778 1643 1805 et
1658 1784 1740 1806 vera
1753 1773 1949 1821 originalia,

428 1837 574 1871 moralia
593 1843 625 1869 et
646 1835 809 1881 antiquas
826 1833 1012 1875 historias.
1034 1833 1126 1866 sicut
1143 1833 1326 1866 invenerat
1344 1833 1380 1865 in
1399 1838 1520 1865 nostra
1541 1831 1721 1874 liberm-ia,
1744 1838 1778 1865 et
1796 1833 1950 1867 multum

426 1896 553 1930 habuit
575 1893 830 1928 monasterium
857 1898 1019 1926 nostrum
1044 1891 1357 1927 commendatum.
1379 1890 1500 1924 dicens
1514 1917 1521 1931 2
1551 1891 1643 1924 sicut
1663 1890 1795 1925 dicitur
1813 1892 1850 1925 in
1872 1892 1951 1926 vul-

426 1955 518 2002 gari.
541 1952 639 2000 quod
654 1964 717 1998 per
730 1952 929 1999 fragmenta
943 1956 1090 1996 apparet
1103 1949 1216 1996 qualis
1230 1956 1335 1995 potus
1354 1949 1421 1982 fuit
1439 1976 1446 1982 .
1464 1948 1585 1982 dicens
1600 1949 1705 1982 etiam
1718 1976 1726 1992 7
1744 1949 1843 1997 quod
1860 1951 1952 1985 bene

427 2012 619 2059 apparebat
631 2038 639 2054 .,
661 2009 760 2057 quod
780 2009 945 2043 monachi
963 2009 1156 2055 scripturas
1174 2008 1253 2054 plus
1271 2008 1439 2042 amabant
1458 2020 1567 2054 quam
1585 2009 1700 2042 carnis
1715 2009 1799 2042 vitia
1816 2016 1851 2043 et
1864 2011 1948 2055 otia,

427 2071 628 2118 supplicans
654 2069 865 2111 conventui.
892 2075 933 2102 ut.
951 2080 1090 2114 semper
1111 2067 1148 2100 in
1170 2067 1296 2101 melius
1318 2067 1532 2113 proficerent
1556 2080 1562 2099 :
1593 2073 1627 2100 et
1649 2066 1767 2100 audivi
1785 2080 1805 2101 a
1831 2069 1952 2103 multis

428 2129 755 2176 praedecessoribus
773 2128 902 2162 nostris
919 2127 1002 2161 viris
1020 2126 1211 2174 religiosis,
1240 2125 1339 2172 quod
1358 2126 1454 2160 omni
1474 2133 1652 2172 tempore,
1675 2133 1748 2160 tam
1766 2127 1803 2160 in
1822 2127 1950 2174 hyeme

428 2201 535 2234 quam
559 2194 709 2230 aestate7
738 2199 878 2232 semper
901 2185 1066 2220 monachi
1090 2185 1363 2219 inveniebantur
1383 2191 1443 2219 aut
1470 2185 1506 2218 in
1532 2184 1666 2231 templo
1692 2191 1873 2220 cantantes
1896 2187 1949 2221 vel

428 2254 567 2280 orantes
579 2274 587 2289 .
604 2246 656 2279 vel
671 2257 789 2280 coram
805 2245 974 2278 altaribus
988 2244 1173 2278 existentes
1186 2250 1248 2277 aut
1262 2244 1298 2277 in
1313 2243 1466 2277 claustro
1480 2242 1662 2277 studentes
1676 2243 1729 2277 vel
1743 2244 1947 2290 scribentes,

431 2306 582 2350 exceptis
606 2305 702 2338 horis
722 2303 862 2350 prandii
886 2303 956 2337 sive
979 2315 1109 2337 coenae
1129 2309 1163 2336 et
1182 2302 1442 2336 recreationum
1467 2302 1504 2335 in
1527 2301 1696 2350 gardino7
1726 2302 1787 2336 ubi
1806 2303 1948 2337 insimul

429 2376 567 2408 semper
585 2370 685 2397 erant
698 2370 733 2396 et
746 2363 834 2397 hora
852 2362 1080 2408 competenti.

470 2449 477 2466 ¹
500 2449 531 2475 Et
551 2449 617 2475 haec
639 2449 762 2484 apicibus
782 2448 876 2474 rubris
894 2449 1032 2483 descripta
1052 2453 1117 2474 sunt
1134 2449 1161 2474 in
1251 2447 1263 2465 2
1286 2447 1402 2474 Videtur
1420 2448 1510 2474 bouus
1529 2447 1614 2473 abbas
1635 2447 1726 2472 minus
1745 2446 1780 2472 de
1803 2446 1951 2474 bibliothe-

429 2495 611 2531 autographO.
1213 2494 1278 2520 carii
1290 2503 1356 2520 cura
1371 2502 1495 2520 securus.
