2137 3131
440 390 512 423 2114
782 386 957 422 CORPUS
985 383 1316 419 CHRONICORUM
1344 385 1607 421 FLANDRIAE.

444 497 635 531 monachos
660 496 798 541 nigros.
821 505 927 539 super
945 493 1070 527 fratres
1092 492 1246 526 minores
1267 500 1302 526 et
1325 493 1410 526 alios
1433 493 1588 527 ordines.
1611 494 1824 540 Opinionem
1842 501 1961 528 autem

443 553 718 602 praedecessoris
741 552 794 585 sui
813 551 949 585 domini
971 551 1144 585 Johannis
1165 551 1263 584 XXII
1284 550 1493 594 elucidavit,
1518 558 1549 585 et
1578 552 1662 585 fecit
1688 551 1897 586 decretalem
1925 553 1961 586 in

444 613 589 648 modum
606 611 667 656 qui
687 610 848 656 sequitur
867 623 873 643 :

493 685 510 701 ι(
530 668 760 711 Benedictus,
786 681 905 702 seruis
928 681 1111 702 servorum
1134 668 1214 711 Dei,
1237 667 1282 701 ad
1304 675 1512 714 perpetuam
1532 669 1581 702 rei
1602 669 1821 702 memoriam.
1848 668 1960 703 Bene-

441 730 554 763 dictus
580 728 671 761 Deus
690 727 726 760 in
750 727 852 761 (lonis
878 728 949 761 suis
967 734 1001 761 et
1026 734 1168 761 sanetus
1190 727 1226 760 in
1250 727 1416 760 omnibus
1444 728 1611 773 operibus
1632 728 1725 770 suis,
1754 727 1816 773 qui
1842 739 1962 762 sacro-

438 793 594 821 sanctam
625 798 808 819 romanam
836 786 1016 820 eeclesiam
1044 786 1254 820 catholicam
1280 792 1315 819 et
1341 786 1591 831 apostolicam,
1622 799 1729 832 quam
1759 792 1798 820 ut
1822 786 1961 820 vineam

438 845 607 891 plantavit
622 843 765 878 dextera
782 857 861 887 sua,
884 857 1066 890 quamque
1079 851 1119 877 ut
1134 845 1362 890 praecipuam
1376 845 1413 877 in
1432 845 1658 879 ecclesiarum
1674 845 1835 878 omnium
1854 851 1962 891 caput

438 904 547 938 erexit
572 904 812 946 6116111061117
837 902 976 936 dicente
1004 903 1156 937 Domino
1183 903 1228 937 ad
1250 903 1394 937 Petrum
1422 916 1428 936 :
1461 917 1479 933 «
1502 903 1555 936 Tu
1575 916 1610 937 es
1630 904 1776 947 Petrus,
1799 910 1834 937 et
1854 915 1960 949 super

437 962 530 996 hanc
549 967 684 1007 petram
705 960 899 995 aedificabo
918 962 1101 995 ecelesiam
1124 974 1259 1001 meam,
1279 977 1296 993 υ
1316 974 1378 995 sua
1398 961 1622 995 miseratione
1636 974 1707 995 non
1726 961 1877 1004 deserit,
1898 961 1961 996 sed

437 1033 500 1066 per
519 1020 639 1053 beatos
658 1019 835 1065 apostolos
861 1032 943 1054 suos
967 1020 1113 1053 Petrum
1137 1026 1173 1053 et
1199 1020 1350 1053 Paulum
1376 1019 1588 1067 singularius
1616 1019 1774 1065 ejusdem
1796 1019 1960 1054 ecclesiae

438 1085 590 1112 rectores
609 1084 644 1111 et
661 1077 880 1120 defensores,
898 1078 955 1124 pia
973 1078 1192 1125 benignitate
1208 1084 1242 1111 et
1256 1078 1425 1112 continua
1444 1078 1574 1123 pietate
1592 1078 1764 1121 custodit,
1784 1085 1960 1125 quatenus

437 1136 571 1171 eisdem
594 1136 791 1170 rectoribus
810 1136 1007 1183 gubernata
1026 1137 1062 1169 in
1081 1148 1116 1169 se
1135 1136 1268 1170 stabilis
1287 1142 1427 1169 maneat
1446 1135 1595 1170 fundata
1613 1148 1721 1182 supra
1738 1136 1877 1169 firmam
1897 1148 1961 1182 pe-

436 1202 547 1237 tram,
579 1206 774 1241 omnesque
804 1194 1014 1227 christianae
1043 1193 1125 1227 fidei
1154 1194 1307 1228 cultores
1333 1194 1381 1227 illi
1408 1200 1572 1240 pareant,
1602 1194 1650 1228 illi
1679 1193 1885 1237 intendant,
1912 1194 1962 1228 illi

437 1253 623 1288 obediant.
642 1252 708 1286 sub
724 1252 816 1285 illius
835 1252 1036 1299 magisterio
1056 1251 1204 1299 degant,
1227 1252 1293 1285 sub
1308 1251 1467 1297 ejusdem
1487 1251 1671 1298 disciplina
1690 1259 1725 1286 et
1742 1253 1961 1287 correctione

438 1312 648 1354 consistant,
670 1323 713 1344 ne
734 1311 769 1343 in
783 1310 849 1344 illis
868 1309 1001 1356 aliquid
1021 1309 1280 1357 dogmatisetur
1293 1309 1554 1355 improvidum,
1572 1311 1747 1344 inseratur
1762 1311 1957 1353 incautum,

437 1372 474 1404 in
499 1369 569 1403 fide
591 1369 821 1403 temerarium
846 1369 1046 1416 ingeratur3
1080 1369 1201 1415 sicque
1227 1368 1407 1402 declinent
1432 1368 1594 1401 homines
1617 1381 1636 1402 a
1659 1369 1750 1402 malo
1773 1376 1807 1402 et
1830 1370 1961 1403 faciant

436 1430 591 1471 bonum,
609 1427 793 1461 ambulent
811 1439 874 1472 per
893 1427 964 1460 vias
983 1432 1095 1460 rectas
1113 1433 1148 1459 et
1165 1426 1211 1460 ad
1228 1426 1374 1460 meliora
1392 1438 1455 1472 per
1472 1433 1590 1460 sancta
1605 1426 1779 1460 desideria
1798 1428 1961 1473 proficis-

438 1494 584 1528 cantur,
607 1492 750 1532 sperent
771 1486 951 1531 justorum
974 1485 1194 1531 propinquas
1215 1492 1376 1519 aeternae
1404 1485 1495 1518 vitae
1518 1485 1789 1529 retributiones,
1812 1486 1962 1519 timeant

438 1546 611 1580 malorum
642 1544 770 1578 inferni
798 1550 986 1590 perpetuas
1013 1544 1227 1577 calamitates
1248 1556 1320 1577 11011
1352 1550 1522 1586 remotaS,
1556 1556 1639 1577 nam
1669 1544 1842 1589 scriptum
1869 1551 1922 1578 est
1950 1557 1957 1578 :

441 1618 459 1635 «
478 1605 565 1638 Ecce
579 1631 587 1646 ,
612 1604 715 1637 venio
738 1603 807 1636 cito
827 1609 861 1636 et
883 1614 1016 1636 merces
1038 1614 1116 1635 mea
1139 1614 1281 1635 mecum
1303 1608 1356 1635 est
1378 1600 1526 1635 reddere
1550 1602 1743 1648 unicuique
1761 1602 1961 1637 seeundum

438 1675 545 1709 opera
566 1675 641 1696 sua.
664 1678 682 1695 »
714 1661 822 1702 Quod
846 1662 873 1695 si
900 1673 999 1695 secus
1021 1673 1041 1694 a
1064 1673 1248 1708 quoquam
1266 1661 1373 1694 fuerit
1396 1667 1630 1703 attentatum,
1653 1660 1690 1694 id
1708 1662 1871 1707 protinus
1897 1674 1961 1696 sua

436 1722 666 1765 auctoritate,
690 1721 813 1767 poenis
831 1721 937 1754 etiam
963 1719 1129 1766 adjectis,
1156 1727 1263 1766 prout
1290 1719 1455 1765 expedire
1478 1719 1626 1763 viderit,
1652 1731 1796 1765 prorsus
1822 1721 1957 1755 evellet.

438 1781 626 1828 Pro·qua,
652 1787 692 1814 ut
720 1781 755 1813 in
780 1792 815 1813 se
843 1779 1065 1823 subsisteret,
1095 1780 1180 1813 alios
1208 1779 1429 1812 reformaret.
1460 1778 1635 1812 Passionis
1669 1790 1752 1811 suae
1776 1785 1958 1824 tempore,

435 1839 593 1873 Salvator
612 1845 730 1872 noster
747 1838 846 1872 Jesus
865 1837 1024 1871 Christus
1042 1844 1180 1883 patrem
1195 1849 1354 1871 exorasse
1371 1836 1581 1882 perhibetur
1599 1836 1720 1870 dicens
1746 1849 1752 1869 :
1780 1850 1798 1867 «
1817 1836 1957 1880 Simon,

436 1910 516 1932 ecce
532 1897 703 1931 Sathanas
718 1896 885 1942 expetivit
903 1908 965 1929 vos
983 1903 1025 1929 ut
1044 1897 1215 1930 cribraret
1232 1896 1323 1930 sieut
1341 1896 1519 1939 triticum,
1541 1908 1607 1943 ego
1621 1902 1741 1929 autem
1759 1896 1880 1944 rogavi
1894 1908 1960 1942 pro

435 1963 487 1999 te,
518 1963 559 1990 ut
590 1968 662 1989 non
691 1955 832 1988 deficiat
856 1954 943 1988 fides
968 1961 1051 1998 tua,
1080 1961 1116 1988 et
1141 1961 1181 1988 111
1202 1953 1393 2000 aliquando
1421 1966 1611 1988 conversus
1637 1954 1810 1988 confirma
1835 1954 1960 1989 fratres

435 2022 528 2049 tuos.
557 2031 574 2047 ³>
609 2014 698 2048 Sane
726 2013 866 2047 dudum
893 2020 1052 2059 tempore
1079 2013 1188 2047 felicis
1218 2013 1470 2047 recordationis
1497 2013 1667 2046 Johannis
1697 2025 1808 2059 papae
1839 2013 1957 2057 XXII,

436 2073 713 2120 praedecessoris
741 2073 868 2115 nostri,
902 2073 994 2106 inter
1014 2073 1203 2106 nonnullos
1230 2079 1264 2106 et
1290 2073 1326 2105 111
1351 2072 1550 2120 theologica
1576 2072 1742 2106 facultate
1774 2073 1961 2121 magistros

435 2145 542 2179 super
561 2132 693 2166 visione
717 2132 915 2165 animarum
931 2132 1112 2177 justorum
1139 2131 1328 2165 hominum
1351 2138 1431 2177 post
1452 2138 1604 2165 mortem
1622 2143 1741 2174 suam,
1770 2132 1808 2164 in
1830 2132 1961 2178 quibus

436 2191 523 2224 nihil
546 2191 609 2224 erit
627 2191 829 2238 purgabile,
855 2203 938 2224 cum
959 2190 1004 2224 de
1025 2191 1094 2224 hoc
1115 2191 1234 2224 seculo
1256 2190 1479 2233 recesserint,
1502 2191 1556 2224 vel
1570 2191 1598 2224 si
1615 2190 1723 2224 fuerit
1737 2190 1810 2236 jam
1826 2203 1960 2239 purga-

437 2257 513 2283 tum
527 2262 568 2283 ex
586 2256 679 2291 toto,
702 2262 745 2283 an
764 2249 921 2283 divinam
942 2250 1129 2283 essentiam
1146 2249 1307 2283 viderent
1324 2256 1405 2283 ante
1424 2261 1617 2296 corporum
1635 2261 1783 2283 suorum
1801 2261 1959 2295 resump—

437 2309 571 2342 tionem
587 2315 621 2342 et
636 2308 812 2354 judicium
832 2309 1007 2357 generale,
1030 2316 1065 2343 et
1078 2321 1184 2355 super
1198 2308 1376 2342 nonnullis
1395 2308 1469 2342 aliis
1488 2315 1565 2342 orta
1579 2308 1724 2342 materia
1745 2308 1960 2354 quaestionis

438 2373 509 2400 est:
532 2368 689 2412 ipsorum
711 2368 819 2414 aliqui
838 2369 1036 2415 negativam
1049 2396 1057 2412 ,
1075 2369 1183 2415 aliqui
1203 2367 1446 2402 affirmativam
1459 2395 1467 2411 ,
1486 2368 1542 2401 alii
1564 2379 1646 2401 vero
1664 2365 1860 2401 secundum
1879 2378 1959 2400 suas

437 2425 705 2473 imaginationes
733 2426 776 2460 de
800 2427 932 2460 visione
956 2427 1095 2461 divinae
1116 2428 1284 2461 essentiae
1311 2428 1355 2461 ab
1379 2427 1565 2461 animabus
1590 2424 1796 2471 hujusmodi
1822 2424 1959 2459 diversa

437 2482 671 2517 diversimode
691 2484 875 2518 ostendere
896 2486 1120 2529 nitebantur,
1143 2493 1250 2532 prout
1270 2499 1311 2520 ex
1328 2486 1431 2520 dictis
1450 2492 1484 2519 et
1506 2485 1643 2531 scriptis
1663 2485 1822 2530 ipsorum
1841 2485 1961 2519 nosci-
