2137 3131
406 369 473 402 !l2-'o
1002 358 1288 395 APPENDICES.

1043 499 1241 534 ccxxxlv
1250 526 1256 532 .

407 606 432 639 L
442 606 576 648 'abbaye
590 603 712 636 ,v'e'tant
725 601 845 648 abhis&
859 600 882 634 (ὶ
891 599 1086 646 fourm'relt
1092 613 1181 645 aque
1191 602 1344 633 semaiae
1354 598 1377 632 (ὶ
1387 598 1530 633 Arnoul
1542 598 1809 646 d'Impenngcem
1823 599 1918 634 deux·

453 663 593 707 eleatyes
609 661 649 694 de
662 663 750 707 pain
771 660 872 693 blano
895 665 927 692 et
947 664 1112 704 qualorze
1136 658 1197 691 [οῖς
1214 657 1255 691 de.
1275 655 1382 699 hiere,
1405 663 1437 691 et
1455 663 1531 690 tons
1552 657 1598 690 les
1621 669 1687 690 ans
1707 670 1759 691 un
1776 670 1865 704 pore
1887 664 1918 692 et

452 720 541 753 mille
555 719 720 764 hclrc⁴1tys;
731 730 774 751 en
790 723 909 751 reto‘ztr
921 717 961 749 (le
975 729 1028 749 ees
1041 716 1128 749 dous
1146 717 1293 762 mbgyers,
1305 715 1362 748 elle
1377 714 1495 748 clevm't
1507 717 1661 749 reeevoe'r
1673 715 1714 748 de
1729 715 1784 748 lem*
1793 721 1918 761 quatre

452 773 613 811 lmn‘m'ers
626 776 665 809 (le
682 776 752 809 bois
766 774 788 809 (ὶ
799 774 1000 822 perpe'lm'le'
1011 790 1019 808 .-
1035 761 1188 808 Erasme
1197 801 1206 816 ,
1224 776 1293 808 sire
1307 774 1348 807 de
1363 773 1589 816 Liedekerke,
1608 772 1743 807 desolare
1756 772 1921 821 qu'aprcis

451 837 654 870 avoe'rsecz'vc'
668 840 775 868 tontes
791 834 837 868 les
851 834 983 878 formes
1000 832 1137 880 leyctles,
1154 833 1180 866 z'l
1196 832 1312 878 ratcste
1326 838 1408 866 cette
1423 832 1914 866 concordien.—annssxssnlffl.

1023 1024 1039 1045 A
1055 1021 1198 1046 Liedekerke
1208 1040 1214 1044 .
1230 1021 1300 1045 1267.

442 1105 495 1141 Ego
513 1105 609 1136 Basso,
625 1104 713 1130 dictus
727 1104 760 1130 dc
777 1104 879 1130 Gavera
891 1125 897 1131 .
916 1103 1042 1129 domiuus
1056 1103 1089 1130 de
1104 1103 1256 1129 Lidekerka
1269 1124 1275 1135 ,
1298 1103 1391 1135 miles,
1413 1109 1440 1130 et
1459 1103 1631 1140 Margareta,
1648 1113 1715 1129 uxor
1731 1112 1804 1136 mea,
1824 1107 1919 1129 notum

405 1152 515 1178 facimus
536 1151 686 1183 universis,
708 1151 739 1176 ad
759 1160 875 1186 quorum
899 1150 1021 1176 notitiam
1041 1159 1170 1185 praesens
1190 1150 1322 1186 scriptum
1341 1150 1489 1186 eontigerit
1504 1151 1663 1186 pervenire,
1683 1150 1710 1176 in
1734 1154 1898 1185 perpetuum
1913 1171 1919 1179 ,

404 1199 476 1234 qnod
492 1199 540 1224 viri
551 1198 683 1233 religiosi,
698 1198 780 1223 abbas
794 1203 820 1223 et
831 1202 982 1223 conventus
995 1197 1125 1223 ecclesiae
1138 1198 1306 1229 Ninivensis,
1323 1197 1356 1223 ad
1373 1207 1469 1232 preces
1483 1202 1511 1224 et
1525 1198 1680 1223 instantiam
1695 1202 1817 1223 nostram
1834 1198 1920 1223 nostri

405 1247 501 1272 amoris
516 1246 615 1271 intuitu
630 1246 747 1271 unanimi
760 1254 893 1271 consensu
907 1245 1051 1280 Arnulplio
1062 1266 1068 1277 ⁷
1082 1245 1154 1271 dicto
1167 1245 1200 1271 de
1217 1245 1401 1281 Ympenghem
1411 1266 1418 1277 ,
1433 1245 1526 1278 militi,
1541 1244 1619 1271 fratri
1635 1250 1729 1271 nostro
1741 1250 1768 1271 et
1782 1244 1922 1280 Margare-

405 1298 446 1318 tae
457 1313 464 1325 ‚
478 1293 554 1318 uxori
568 1302 631 1318 suae
640 1313 646 1324 ,
660 1292 808 1318 liberaliter
819 1292 997 1318 contulerunt
1008 1291 1076 1317 duas
1089 1292 1260 1327 praebendas
1272 1292 1326 1318 albi
1338 1294 1415 1327 panis
1424 1313 1430 1323 ‚
1446 1292 1508 1318 talis
1520 1292 1610 1328 qualis
1623 1292 1692 1317 mitti
1705 1291 1774 1318 solet
1788 1290 1921 1317 fratribus

404 1340 460 1365 suis
474 1341 498 1365 in
514 1339 632 1375 grangiis
644 1340 764 1374 ipsorum
778 1338 1010 1364 commorantibus
1021 1359 1027 1371 ⁷
1044 1343 1070 1364 et
1084 1339 1293 1374 quatuordecim
1303 1339 1372 1364 lotos
1381 1339 1511 1365 cervisiae
1526 1338 1716 1365 conventualis
1729 1338 1845 1374 singulis
1860 1347 1922 1373 sep-

405 1387 524 1418 timanis,
539 1396 650 1421 porcum
661 1395 744 1411 unum
757 1385 850 1411 decem
861 1385 1010 1411 solidorum
1022 1385 1064 1411 vel
1078 1385 1170 1411 decem
1186 1385 1288 1412 solidos
1303 1385 1473 1411 flandrenses
1485 1395 1535 1421 pro
1551 1386 1623 1412 dicto
1639 1395 1723 1420 porco
1736 1386 1809 1411 circa
1822 1384 1921 1411 festum

406 1433 476 1458 beati
493 1433 607 1459 Cornelii
627 1432 835 1468 persolvendos,
851 1437 877 1458 et
892 1432 965 1458 mille
979 1432 1087 1464 allecia,
1103 1433 1129 1458 in
1145 1433 1264 1458 adventu
1282 1433 1390 1458 Domini
1404 1433 1541 1458 mediatim
1559 1437 1586 1459 et
1602 1432 1740 1458 mediatim
1755 1433 1781 1458 in
1797 1434 1921 1468 proximo

406 1479 588 1515 subsequente
600 1479 814 1515 quadragesima,
825 1480 971 1515 quotannis
985 1479 1064 1505 (lictis
1076 1480 1241 1515 conjugibus
1252 1480 1405 1506 exhibenda
1416 1491 1421 1515 ς
1436 1485 1515 1515 pacto
1527 1480 1685 1515 hujusmodi
1697 1480 1833 1507 mediante
1846 1480 1921 1516 quod

405 1526 468 1552 dicti
482 1526 611 1562 conjuges
624 1526 752 1561 quamdiu
766 1526 845 1552 ambo
861 1527 1022 1561 superstites
1039 1526 1142 1552 suerint
1154 1527 1179 1552 in
1194 1526 1245 1552 hac
1259 1527 1314 1553 vita
1329 1527 1419 1552 onmia
1435 1527 1601 1562 praelibata,
1614 1532 1698 1562 prout
1710 1528 1838 1562 superius
1856 1533 1921 1554 sunt

405 1582 541 1609 expressa.
554 1574 721 1609 integraliter
735 1574 914 1606 obtinebunt,
930 1574 1016 1600 altero
1028 1583 1093 1600 vero
1107 1575 1228 1609 ipsorum
1243 1574 1277 1600 ab
1292 1574 1342 1600 hac
1356 1574 1418 1601 lnce
1429 1574 1571 1601 subtracto
1585 1580 1726 1610 superstes
1738 1584 1834 1601 eorum
1843 1575 1923 1602 dimi-

405 1620 474 1646 diam
487 1622 673 1647 tantummodo
686 1627 790 1657 partem
805 1621 907 1648 habere
922 1622 1024 1657 poterit
1037 1623 1249 1657 praemissorum
1262 1623 1382 1648 omnium
1394 1643 1400 1655 ‚
1416 1626 1531 1658 excepto
1545 1631 1629 1658 porco
1643 1622 1684 1649 vel
1695 1622 1818 1657 ejusdem
1832 1623 1922 1658 pretio

407 1674 553 1695 memorato
562 1690 568 1699 ,
579 1679 658 1704 quem
669 1670 765 1704 quovis
773 1679 854 1701 anno,
864 1675 893 1695 ut
904 1669 1005 1696 dictum
1015 1675 1066 1702 θεῖ,
1077 1680 1138 1696 cum
1148 1670 1306 1706 integritate.
1316 1669 1428 1696 habebit
1439 1670 1576 1706 reliquum
1585 1691 1592 1702 ,
1603 1676 1681 1706 parte
1692 1670 1802 1696 dimidia
1811 1671 1921 1697 omnino

406 1716 519 1742 deducta
535 1722 561 1743 et
576 1717 608 1742 ad
623 1717 721 1743 dictam
735 1717 875 1743 ecclesiam
889 1717 1019 1744 devoluta
1030 1739 1037 1750 ⁷
1054 1718 1187 1744 ambobus
1206 1718 1287 1744 etiam
1305 1718 1385 1744 dictis
1403 1718 1568 1753 conjugibus
1587 1719 1657 1744 viam
1672 1718 1817 1744 universae
1831 1719 1922 1744 carnis

406 1765 533 1798 ingressis
542 1785 548 1791 .
559 1764 691 1800 quidquid
700 1765 725 1790 in
736 1766 866 1800 pensione
875 1766 995 1791 omnium
1008 1766 1225 1800 praedictorum,
1243 1771 1272 1791 ut
1285 1765 1388 1791 dictum
1400 1771 1440 1791 est
1450 1786 1456 1797 ,
1470 1775 1485 1791 a
1497 1765 1569 1791 dicta
1580 1765 1694 1791 ecclesia
1706 1765 1786 1791 dictis
1797 1766 1922 1802 conjugi-

408 1811 457 1837 bus
470 1820 517 1837 seu
532 1811 610 1836 alteri
623 1812 742 1846 ipsorum
759 1812 914 1844 tenebatur⁷
927 1812 979 1838 hoc
991 1817 1077 1838 totum
1090 1822 1121 1839 ex
1136 1812 1262 1838 condictu
1278 1813 1397 1847 sopitum
1412 1813 1480 1844 erit,
1496 1821 1546 1838 nec
1561 1812 1712 1847 quidquam
1727 1813 1854 1848 cuiquam
1868 1813 1923 1839 sol-

408 1867 470 1883 vere
485 1858 611 1892 deinceps
624 1858 762 1883 tenebitur
775 1858 808 1884 de
822 1859 915 1884 eadem
926 1859 1056 1894 pensione
1065 1859 1178 1884 ecclesia
1190 1859 1329 1893 praedicta
1338 1880 1344 1890 7
1355 1858 1403 1885 sed
1417 1864 1505 1884 totum
1517 1859 1542 1884 in
1559 1859 1644 1894 ipsius
1658 1859 1831 1894 postmodum
1845 1860 1923 1886 cedet

409 1914 483 1931 usus.
496 1905 638 1930 Praeterea
657 1905 720 1931 dicti
734 1906 865 1942 conjuges
879 1906 1040 1941 Arnulphus
1054 1912 1081 1932 et
1096 1906 1250 1942 Margareta
1261 1927 1267 1938 ,
1281 1906 1369 1932 bonae
1385 1906 1520 1932 voluntati
1537 1906 1674 1932 dictorum
1693 1906 1801 1933 abbatis
1814 1911 1842 1933 et.
1856 1916 1923 1933 con-

407 1957 502 1978 ventus
516 1962 579 1987 erga
593 1953 664 1987 ipsos
677 1952 813 1980 exhibitae
830 1954 914 1979 vicem
931 1954 1191 1989 recompensationis
1205 1953 1335 1979 exhibere
1348 1953 1472 1980 volentes
1482 1975 1488 1986 ⁷
1506 1959 1626 1989 quatuor
1640 1953 1753 1979 bonaria
1766 1963 1816 1980 nec
1831 1954 1922 1980 minus

407 1998 487 2024 alneti
503 1999 535 2024 ad
550 2008 701 2025 mensnram
716 2000 748 2025 de
764 1999 926 2032 Lidelxerlxa5
938 2001 1055 2034 jacentis
1070 2002 1095 2026 in
1107 2001 1248 2027 territorio
1260 2001 1294 2026 de
1311 2000 1502 2037 Ympeuyloem,
1517 2001 1544 2027 in
1555 2000 1616 2027 loco
1628 2002 1675 2036 qui
1689 2001 1790 2027 dicitur
1800 2001 1921 2035 Pladitlz,

408 2055 501 2071 versus
520 2045 607 2071 villam
622 2046 654 2072 de
668 2046 819 2072 Lidelxerka
830 2068 836 2079 ,
852 2057 930 2073 secus
943 2049 1013 2073 viam
1028 2058 1098 2083 quae
1112 2048 1188 2074 ducit
1201 2048 1235 2074 de
1250 2048 1427 2084 smpenylzem
1447 2048 1520 2084 apud
1534 2047 1688 2074 Lidekerka
1698 2069 1705 2081 ‚
1723 2048 1798 2084 quod
1816 2058 1831 2074 a
1845 2049 1923 2075 nobis

408 2092 534 2118 tenebant
545 2093 608 2126 jure
621 2093 804 2119 haereditario
820 2094 852 2119 ad
865 2103 985 2120 annuum
997 2104 1107 2120 censum
1122 2095 1210 2121 dictae
1225 2095 1355 2121 ecclcsiae
1370 2095 1506 2121 Niniveusi
1517 2116 1524 2127 ‚
1540 2095 1574 2121 de
1588 2100 1681 2121 nostra
1697 2105 1770 2121 mera
1780 2095 1923 2122 voluntate

407 2143 432 2163 et
452 2140 536 2174 gratia
553 2149 582 2165 ac
597 2140 675 2165 ctiam
691 2140 724 2166 de
743 2146 836 2166 nostro
854 2151 964 2167 assensn
984 2142 1107 2177 placido7
1123 2143 1149 2168 in
1166 2152 1264 2178 puram
1283 2148 1309 2168 et
1329 2148 1490 2178 perpetuam
1510 2142 1708 2178 eleemosynam
1732 2143 1921 2175 contulerunt,

409 2194 467 2210 cum
487 2187 558 2212 omni
578 2187 747 2213 solemnitate
759 2188 830 2221 juris
850 2193 876 2214 et
896 2188 959 2215 sacti
978 2199 1048 2225 quae
1066 2190 1217 2216 secundum
1236 2190 1464 2216 consuetudinem
1484 2191 1663 2226 approbatam
1680 2196 1707 2217 et
1727 2190 1816 2227 legem
1835 2191 1923 2218 dictae

408 2232 486 2258 villae
499 2233 532 2259 de
544 2234 693 2260 Lide-herta
706 2235 776 2261 solet
790 2241 815 2261 et
829 2236 911 2262 debet.
924 2237 949 2262 in
966 2237 1122 2271 hujusmodi
1138 2238 1276 2270 adhiberi,
1296 2239 1332 2264 ita
1347 2238 1475 2265 videlicet
1485 2238 1558 2274 quod
1573 2239 1639 2265 dicti
1651 2239 1783 2275 conjuges
1793 2260 1800 2272 ‚
1815 2240 1923 2265 nemine

408 2279 594 2314 compellente,
604 2281 650 2307 sed
666 2283 777 2317 proprio
789 2282 862 2308 ducti
876 2284 974 2318 spiritu
988 2284 1104 2319 quadam
1115 2285 1158 2311 die
1172 2295 1243 2320 quae
1257 2286 1400 2320 praeteriit
1411 2286 1485 2321 apud
1496 2286 1596 2312 dictam
1608 2286 1698 2312 villam
1712 2286 1746 2312 de
1756 2286 1921 2319 Lidekerka‚

409 2326 434 2351 iu
448 2327 560 2361 templo,
576 2337 665 2353 coram
683 2328 799 2363 Symone
814 2328 847 2355 de
859 2330 943 2356 Leues
954 2352 961 2361 ,
977 2330 1077 2356 famulo
1093 2337 1119 2357 et
1133 2331 1233 2358 ballivo
1248 2337 1354 2363 nostro,
1369 2333 1413 2358 cui
1427 2342 1511 2368 super
1526 2332 1577 2359 hoc
1592 2337 1754 2368 potestatem
1769 2338 1796 2359 et
1810 2333 1927 2369 speciale

411 2366 562 2399 mand'atum
577 2374 777 2401 contuleramus
791 2380 815 2401 et
829 2386 919 2402 coram
938 2377 1054 2403 scabinis
1069 2378 1157 2405 dictae
1178 2379 1258 2405 villae
1274 2380 1307 2405 de
1322 2379 1476 2405 Lidekerlxa
1493 2385 1520 2406 et
1538 2389 1630 2406 eoram
1648 2379 1805 2406 hominibus
1821 2381 1923 2407 nostris

410 2419 536 2454 feodatis7
553 2431 656 2448 necnon
669 2432 758 2449 coram
777 2425 939 2459 quibusdam
957 2426 1093 2452 canonicis
1109 2426 1197 2453 dictae
1211 2427 1341 2454 ecclesiae
1356 2428 1389 2453 ad
1405 2427 1457 2454 hoc
1468 2437 1500 2454 ex
1515 2433 1592 2463 parte
1606 2428 1728 2462 ejusdem
1743 2428 1873 2455 ecclesiae
1887 2428 1924 2454 ibi

412 2466 511 2493 missis.
526 2469 752 2496 cunctisinl'erius
763 2470 916 2497 subnotatis
929 2472 999 2498 dicta
1013 2478 1134 2508 quatuor
1148 2474 1261 2500 bonaria
1278 2474 1360 2501 alneti
1379 2484 1441 2501 eum
1456 2476 1529 2501 omni
1540 2475 1605 2509 jure
1615 2475 1688 2510 quod
1702 2475 1729 2501 in
1744 2476 1845 2502 eisdem
1860 2485 1924 2511 qua-
