<?xml version="1.0" encoding="UTF-8"?>
<!DOCTYPE html PUBLIC "-//W3C//DTD XHTML 1.0 Transitional//EN"
    "http://www.w3.org/TR/xhtml1/DTD/xhtml1-transitional.dtd">
<html xmlns="http://www.w3.org/1999/xhtml" xml:lang="en" lang="en">
 <head>
  <title>
</title>
<meta http-equiv="Content-Type" content="text/html;charset=utf-8" />
  <meta name='ocr-system' content='tesseract 3.04.00' />
  <meta name='ocr-capabilities' content='ocr_page ocr_carea ocr_par ocr_line ocrx_word'/>
</head>
<body>
  <div class='ocr_page' id='page_1' title='image "./corpuschronicoru02smetuoft_0336.png"; bbox 0 0 2137 3131; ppageno 0'>
   <div class='ocr_carea' id='block_1_1' title="bbox 500 384 1661 422">
    <p class='ocr_par' dir='ltr' id='par_1_1' title="bbox 500 384 1661 422">
     <span class='ocr_line' id='line_1_1' title="bbox 500 384 1661 422; baseline -0.004 0"><span class='ocrx_word' id='word_1_1' title='bbox 500 387 569 422; x_wconf 82' lang='lat'>308</span> <span class='ocrx_word' id='word_1_2' title='bbox 839 385 1014 421; x_wconf 84' lang='lat' dir='ltr'>CORPUS</span> <span class='ocrx_word' id='word_1_3' title='bbox 1040 384 1370 419; x_wconf 73' lang='lat' dir='ltr'>CHRONICORUM</span> <span class='ocrx_word' id='word_1_4' title='bbox 1398 384 1661 419; x_wconf 67' lang='lat' dir='ltr'>FLANDRIAE.</span> 
     </span>
    </p>
   </div>
   <div class='ocr_carea' id='block_1_2' title="bbox 840 493 1484 2361">
    <p class='ocr_par' dir='ltr' id='par_1_2' title="bbox 911 493 1424 654">
     <span class='ocr_line' id='line_1_2' title="bbox 913 493 1418 541; baseline -0.002 -14"><span class='ocrx_word' id='word_1_5' title='bbox 913 493 1104 541; x_wconf 77' lang='lat' dir='ltr'>Nigrorum</span> <span class='ocrx_word' id='word_1_6' title='bbox 1124 493 1174 526; x_wconf 89' lang='lat' dir='ltr'>sic</span> <span class='ocrx_word' id='word_1_7' title='bbox 1191 500 1399 527; x_wconf 83' lang='lat' dir='ltr'>vocatorum</span> <span class='ocrx_word' id='word_1_8' title='bbox 1411 520 1418 526; x_wconf 91' lang='lat'><em>.</em></span> 
     </span>
     <span class='ocr_line' id='line_1_3' title="bbox 911 551 1365 595; baseline -0.002 -9"><span class='ocrx_word' id='word_1_9' title='bbox 911 553 951 586; x_wconf 84' lang='lat' dir='ltr'>Et</span> <span class='ocrx_word' id='word_1_10' title='bbox 970 559 1045 586; x_wconf 88' lang='lat' dir='ltr'>erat</span> <span class='ocrx_word' id='word_1_11' title='bbox 1062 552 1321 585; x_wconf 71' lang='lat' dir='ltr'>Lemovicensis</span> <span class='ocrx_word' id='word_1_12' title='bbox 1334 551 1342 572; x_wconf 87' lang='lat'><strong>¹</strong></span> <span class='ocrx_word' id='word_1_13' title='bbox 1357 579 1365 595; x_wconf 61' lang='lat'><em>‚</em></span> 
     </span>
     <span class='ocr_line' id='line_1_4' title="bbox 912 609 1424 654; baseline 0.002 -10"><span class='ocrx_word' id='word_1_14' title='bbox 912 611 1016 644; x_wconf 84' lang='lat' dir='ltr'>Fama</span> <span class='ocrx_word' id='word_1_15' title='bbox 1035 610 1158 654; x_wconf 62' lang='lat' dir='ltr'>dante7</span> <span class='ocrx_word' id='word_1_16' title='bbox 1181 609 1224 643; x_wconf 91' lang='lat' dir='ltr'>de</span> <span class='ocrx_word' id='word_1_17' title='bbox 1243 611 1424 645; x_wconf 85' lang='lat' dir='ltr'>immensis</span> 
     </span>
    </p>

    <p class='ocr_par' dir='ltr' id='par_1_3' title="bbox 843 668 1328 704">
     <span class='ocr_line' id='line_1_5' title="bbox 843 668 1328 704; baseline 0 -2"><span class='ocrx_word' id='word_1_18' title='bbox 843 668 886 704; x_wconf 75' lang='lat'>15</span> <span class='ocrx_word' id='word_1_19' title='bbox 913 669 1123 703; x_wconf 84' lang='lat' dir='ltr'>Parentibus</span> <span class='ocrx_word' id='word_1_20' title='bbox 1141 668 1328 702; x_wconf 87' lang='lat' dir='ltr'>oriundus.</span> 
     </span>
    </p>

    <p class='ocr_par' dir='ltr' id='par_1_4' title="bbox 912 727 1426 938">
     <span class='ocr_line' id='line_1_6' title="bbox 912 727 1426 761; baseline 0 0"><span class='ocrx_word' id='word_1_21' title='bbox 912 727 958 761; x_wconf 82' lang='lat' dir='ltr'>Ut</span> <span class='ocrx_word' id='word_1_22' title='bbox 975 727 1119 761; x_wconf 86' lang='lat' dir='ltr'>tenebat</span> <span class='ocrx_word' id='word_1_23' title='bbox 1136 733 1232 760; x_wconf 83' lang='lat' dir='ltr'>totus</span> <span class='ocrx_word' id='word_1_24' title='bbox 1251 727 1426 761; x_wconf 87' lang='lat' dir='ltr'>mundus.</span> 
     </span>
     <span class='ocr_line' id='line_1_7' title="bbox 913 785 1345 824; baseline -0.002 -4"><span class='ocrx_word' id='word_1_25' title='bbox 913 785 1068 820; x_wconf 86' lang='lat' dir='ltr'>Studens</span> <span class='ocrx_word' id='word_1_26' title='bbox 1084 786 1153 819; x_wconf 85' lang='lat' dir='ltr'>fuit</span> <span class='ocrx_word' id='word_1_27' title='bbox 1170 786 1324 819; x_wconf 85' lang='lat' dir='ltr'>Parisius</span> <span class='ocrx_word' id='word_1_28' title='bbox 1337 813 1345 824; x_wconf 33' lang='lat'>2</span> 
     </span>
     <span class='ocr_line' id='line_1_8' title="bbox 914 845 1393 891; baseline -0.004 -11"><span class='ocrx_word' id='word_1_29' title='bbox 914 845 1091 880; x_wconf 73' lang='lat' dir='ltr'>scholaris</span> <span class='ocrx_word' id='word_1_30' title='bbox 1109 845 1225 878; x_wconf 90' lang='lat' dir='ltr'>bonus</span> <span class='ocrx_word' id='word_1_31' title='bbox 1244 851 1278 878; x_wconf 90' lang='lat' dir='ltr'>et</span> <span class='ocrx_word' id='word_1_32' title='bbox 1296 846 1393 891; x_wconf 88' lang='lat' dir='ltr'>pius.</span> 
     </span>
     <span class='ocr_line' id='line_1_9' title="bbox 914 904 1343 938; baseline 0 0"><span class='ocrx_word' id='word_1_33' title='bbox 914 905 1058 938; x_wconf 81' lang='lat' dir='ltr'>Juvenis</span> <span class='ocrx_word' id='word_1_34' title='bbox 1077 911 1111 938; x_wconf 85' lang='lat' dir='ltr'>et</span> <span class='ocrx_word' id='word_1_35' title='bbox 1129 904 1343 938; x_wconf 81' lang='lat' dir='ltr'>adolescens.</span> 
     </span>
    </p>

    <p class='ocr_par' dir='ltr' id='par_1_5' title="bbox 841 963 1447 1065">
     <span class='ocr_line' id='line_1_10' title="bbox 841 963 1447 1009; baseline -0.002 -12"><span class='ocrx_word' id='word_1_36' title='bbox 841 963 887 997; x_wconf 69' lang='grc' dir='ltr'>ΞΟ</span> <span class='ocrx_word' id='word_1_37' title='bbox 914 964 956 997; x_wconf 83' lang='lat' dir='ltr'>Et</span> <span class='ocrx_word' id='word_1_38' title='bbox 971 964 1024 997; x_wconf 65' lang='lat' dir='ltr'>vir</span> <span class='ocrx_word' id='word_1_39' title='bbox 1044 963 1112 997; x_wconf 88' lang='lat' dir='ltr'>fuit</span> <span class='ocrx_word' id='word_1_40' title='bbox 1131 975 1271 1009; x_wconf 85' lang='lat' dir='ltr'>semper</span> <span class='ocrx_word' id='word_1_41' title='bbox 1289 975 1447 997; x_wconf 84' lang='lat' dir='ltr'>crescens</span> 
     </span>
     <span class='ocr_line' id='line_1_11' title="bbox 913 1022 1319 1065; baseline -0.002 -9"><span class='ocrx_word' id='word_1_42' title='bbox 913 1023 954 1056; x_wconf 93' lang='lat' dir='ltr'>In</span> <span class='ocrx_word' id='word_1_43' title='bbox 972 1023 1085 1065; x_wconf 60' lang='lat' dir='ltr'>bono7</span> <span class='ocrx_word' id='word_1_44' title='bbox 1107 1022 1143 1055; x_wconf 88' lang='lat' dir='ltr'>in</span> <span class='ocrx_word' id='word_1_45' title='bbox 1163 1023 1319 1056; x_wconf 85' lang='lat' dir='ltr'>scientia.</span> 
     </span>
    </p>

    <p class='ocr_par' dir='ltr' id='par_1_6' title="bbox 913 1081 1467 1240">
     <span class='ocr_line' id='line_1_12' title="bbox 913 1081 1378 1127; baseline -0.002 -13"><span class='ocrx_word' id='word_1_46' title='bbox 913 1081 992 1114; x_wconf 86' lang='lat' dir='ltr'>Fuit</span> <span class='ocrx_word' id='word_1_47' title='bbox 1009 1093 1154 1127; x_wconf 87' lang='lat' dir='ltr'>quoque</span> <span class='ocrx_word' id='word_1_48' title='bbox 1173 1088 1291 1114; x_wconf 90' lang='lat' dir='ltr'>mente</span> <span class='ocrx_word' id='word_1_49' title='bbox 1309 1081 1378 1126; x_wconf 89' lang='lat' dir='ltr'>pia.</span> 
     </span>
     <span class='ocr_line' id='line_1_13' title="bbox 914 1138 1467 1186; baseline 0 -13"><span class='ocrx_word' id='word_1_50' title='bbox 914 1138 1058 1173; x_wconf 85' lang='lat' dir='ltr'>Scholas</span> <span class='ocrx_word' id='word_1_51' title='bbox 1076 1151 1178 1185; x_wconf 86' lang='lat' dir='ltr'>saepe</span> <span class='ocrx_word' id='word_1_52' title='bbox 1196 1139 1445 1186; x_wconf 82' lang='lat' dir='ltr'>frequentabat</span> <span class='ocrx_word' id='word_1_53' title='bbox 1459 1166 1467 1181; x_wconf 64' lang='lat' dir='ltr'>e</span> 
     </span>
     <span class='ocr_line' id='line_1_14' title="bbox 914 1197 1300 1240; baseline 0 -9"><span class='ocrx_word' id='word_1_54' title='bbox 914 1198 1096 1231; x_wconf 83' lang='lat' dir='ltr'>Lectiones</span> <span class='ocrx_word' id='word_1_55' title='bbox 1115 1197 1300 1240; x_wconf 70' lang='lat' dir='ltr'>audiebat‚</span> 
     </span>
    </p>

    <p class='ocr_par' dir='ltr' id='par_1_7' title="bbox 840 1255 1453 1538">
     <span class='ocr_line' id='line_1_15' title="bbox 840 1255 1403 1302; baseline -0.002 -13"><span class='ocrx_word' id='word_1_56' title='bbox 840 1255 888 1290; x_wconf 65' lang='lat'>25</span> <span class='ocrx_word' id='word_1_57' title='bbox 913 1255 1106 1302; x_wconf 84' lang='lat' dir='ltr'>Nunquam</span> <span class='ocrx_word' id='word_1_58' title='bbox 1124 1262 1199 1289; x_wconf 87' lang='lat' dir='ltr'>erat</span> <span class='ocrx_word' id='word_1_59' title='bbox 1216 1255 1403 1289; x_wconf 86' lang='lat' dir='ltr'>deficiens.</span> 
     </span>
     <span class='ocr_line' id='line_1_16' title="bbox 914 1313 1399 1347; baseline -0.002 -1"><span class='ocrx_word' id='word_1_60' title='bbox 914 1313 956 1346; x_wconf 89' lang='lat' dir='ltr'>Et</span> <span class='ocrx_word' id='word_1_61' title='bbox 974 1314 1022 1347; x_wconf 89' lang='lat' dir='ltr'>sic</span> <span class='ocrx_word' id='word_1_62' title='bbox 1040 1320 1092 1347; x_wconf 86' lang='lat' dir='ltr'>est</span> <span class='ocrx_word' id='word_1_63' title='bbox 1110 1313 1255 1346; x_wconf 83' lang='lat' dir='ltr'>effectus</span> <span class='ocrx_word' id='word_1_64' title='bbox 1273 1313 1399 1346; x_wconf 87' lang='lat' dir='ltr'>sciens.</span> 
     </span>
     <span class='ocr_line' id='line_1_17' title="bbox 914 1370 1453 1413; baseline -0.002 -8"><span class='ocrx_word' id='word_1_65' title='bbox 914 1370 1068 1413; x_wconf 82' lang='lat' dir='ltr'>Quando</span> <span class='ocrx_word' id='word_1_66' title='bbox 1086 1372 1183 1405; x_wconf 62' lang='lat' dir='ltr'>venit</span> <span class='ocrx_word' id='word_1_67' title='bbox 1201 1370 1247 1404; x_wconf 87' lang='lat' dir='ltr'>ad</span> <span class='ocrx_word' id='word_1_68' title='bbox 1266 1371 1453 1413; x_wconf 61' lang='lat' dir='ltr'>lecturam⁷</span> 
     </span>
     <span class='ocr_line' id='line_1_18' title="bbox 915 1431 1421 1465; baseline 0 -1"><span class='ocrx_word' id='word_1_69' title='bbox 915 1431 1023 1465; x_wconf 87' lang='lat' dir='ltr'>Suam</span> <span class='ocrx_word' id='word_1_70' title='bbox 1042 1432 1137 1464; x_wconf 86' lang='lat' dir='ltr'>misit</span> <span class='ocrx_word' id='word_1_71' title='bbox 1155 1431 1191 1464; x_wconf 89' lang='lat' dir='ltr'>in</span> <span class='ocrx_word' id='word_1_72' title='bbox 1211 1431 1280 1464; x_wconf 88' lang='lat' dir='ltr'>hoc</span> <span class='ocrx_word' id='word_1_73' title='bbox 1300 1442 1421 1464; x_wconf 85' lang='lat' dir='ltr'>curam</span> 
     </span>
     <span class='ocr_line' id='line_1_19' title="bbox 915 1489 1283 1538; baseline -0.003 -14"><span class='ocrx_word' id='word_1_74' title='bbox 915 1491 960 1524; x_wconf 87' lang='lat' dir='ltr'>Ut</span> <span class='ocrx_word' id='word_1_75' title='bbox 977 1491 1110 1538; x_wconf 75' lang='lat' dir='ltr'>legeret</span> <span class='ocrx_word' id='word_1_76' title='bbox 1127 1489 1283 1533; x_wconf 61' lang='lat' dir='ltr'>assidue,</span> 
     </span>
    </p>

    <p class='ocr_par' dir='ltr' id='par_1_8' title="bbox 844 1547 1458 1817">
     <span class='ocr_line' id='line_1_20' title="bbox 844 1547 1353 1583; baseline -0.004 -1"><span class='ocrx_word' id='word_1_77' title='bbox 844 1547 888 1583; x_wconf 82' lang='lat'>30</span> <span class='ocrx_word' id='word_1_78' title='bbox 917 1549 959 1582; x_wconf 91' lang='lat' dir='ltr'>Et</span> <span class='ocrx_word' id='word_1_79' title='bbox 976 1548 1045 1582; x_wconf 86' lang='lat' dir='ltr'>hoc</span> <span class='ocrx_word' id='word_1_80' title='bbox 1063 1548 1146 1582; x_wconf 86' lang='lat' dir='ltr'>fecit</span> <span class='ocrx_word' id='word_1_81' title='bbox 1164 1548 1331 1581; x_wconf 87' lang='lat' dir='ltr'>continue</span> <span class='ocrx_word' id='word_1_82' title='bbox 1347 1561 1353 1580; x_wconf 80' lang='lat' dir='ltr'><em>z</em></span> 
     </span>
     <span class='ocr_line' id='line_1_21' title="bbox 915 1605 1413 1652; baseline 0 -13"><span class='ocrx_word' id='word_1_83' title='bbox 915 1607 957 1639; x_wconf 89' lang='lat' dir='ltr'>Et.</span> <span class='ocrx_word' id='word_1_84' title='bbox 975 1607 1023 1640; x_wconf 84' lang='lat' dir='ltr'>sic</span> <span class='ocrx_word' id='word_1_85' title='bbox 1042 1605 1188 1640; x_wconf 88' lang='lat' dir='ltr'>studens</span> <span class='ocrx_word' id='word_1_86' title='bbox 1207 1606 1393 1652; x_wconf 75' lang='lat' dir='ltr'>acquisivit</span> <span class='ocrx_word' id='word_1_87' title='bbox 1405 1633 1413 1648; x_wconf 67' lang='lat'>7</span> 
     </span>
     <span class='ocr_line' id='line_1_22' title="bbox 915 1664 1428 1711; baseline -0.002 -13"><span class='ocrx_word' id='word_1_88' title='bbox 915 1665 1028 1698; x_wconf 90' lang='lat' dir='ltr'>Prout</span> <span class='ocrx_word' id='word_1_89' title='bbox 1045 1664 1292 1711; x_wconf 87' lang='lat' dir='ltr'>unusquisque</span> <span class='ocrx_word' id='word_1_90' title='bbox 1311 1664 1408 1698; x_wconf 75' lang='lat' dir='ltr'>scivit</span> <span class='ocrx_word' id='word_1_91' title='bbox 1419 1691 1428 1697; x_wconf 83' lang='lat'>.</span> 
     </span>
     <span class='ocr_line' id='line_1_23' title="bbox 914 1722 1352 1771; baseline 0 -14"><span class='ocrx_word' id='word_1_92' title='bbox 914 1723 1087 1757; x_wconf 87' lang='lat' dir='ltr'>Scientiae</span> <span class='ocrx_word' id='word_1_93' title='bbox 1103 1722 1331 1771; x_wconf 75' lang='lat' dir='ltr'>margaritam</span> <span class='ocrx_word' id='word_1_94' title='bbox 1345 1751 1352 1767; x_wconf 62' lang='lat'><em>7</em></span> 
     </span>
     <span class='ocr_line' id='line_1_24' title="bbox 915 1782 1458 1817; baseline 0 0"><span class='ocrx_word' id='word_1_95' title='bbox 915 1783 1022 1817; x_wconf 87' lang='lat' dir='ltr'>Suam</span> <span class='ocrx_word' id='word_1_96' title='bbox 1041 1782 1175 1817; x_wconf 88' lang='lat' dir='ltr'>ducens</span> <span class='ocrx_word' id='word_1_97' title='bbox 1194 1784 1230 1816; x_wconf 91' lang='lat' dir='ltr'>in</span> <span class='ocrx_word' id='word_1_98' title='bbox 1249 1783 1318 1817; x_wconf 92' lang='lat' dir='ltr'>hoc</span> <span class='ocrx_word' id='word_1_99' title='bbox 1337 1784 1458 1817; x_wconf 69' lang='lat' dir='ltr'>vitam.</span> 
     </span>
    </p>

    <p class='ocr_par' dir='ltr' id='par_1_9' title="bbox 843 1843 1369 1892">
     <span class='ocr_line' id='line_1_25' title="bbox 843 1843 1369 1892; baseline -0.004 -13"><span class='ocrx_word' id='word_1_100' title='bbox 843 1843 889 1879; x_wconf 80' lang='lat'>35</span> <span class='ocrx_word' id='word_1_101' title='bbox 915 1843 1074 1878; x_wconf 85' lang='lat' dir='ltr'>Canones</span> <span class='ocrx_word' id='word_1_102' title='bbox 1093 1844 1193 1877; x_wconf 68' lang='lat' dir='ltr'>scivit.</span> <span class='ocrx_word' id='word_1_103' title='bbox 1212 1850 1246 1877; x_wconf 80' lang='lat' dir='ltr'>et</span> <span class='ocrx_word' id='word_1_104' title='bbox 1264 1843 1369 1892; x_wconf 60' lang='lat' dir='ltr'>legit,</span> 
     </span>
    </p>

    <p class='ocr_par' dir='ltr' id='par_1_10' title="bbox 914 1903 1436 2128">
     <span class='ocr_line' id='line_1_26' title="bbox 914 1903 1432 1951; baseline -0.002 -14"><span class='ocrx_word' id='word_1_105' title='bbox 914 1904 955 1937; x_wconf 88' lang='lat' dir='ltr'>Et</span> <span class='ocrx_word' id='word_1_106' title='bbox 974 1903 1067 1937; x_wconf 88' lang='lat' dir='ltr'>hanc</span> <span class='ocrx_word' id='word_1_107' title='bbox 1086 1903 1259 1937; x_wconf 85' lang='lat' dir='ltr'>lecturam</span> <span class='ocrx_word' id='word_1_108' title='bbox 1278 1904 1432 1951; x_wconf 59' lang='lat' dir='ltr'>peregit„</span> 
     </span>
     <span class='ocr_line' id='line_1_27' title="bbox 914 1962 1374 2005; baseline -0.002 -9"><span class='ocrx_word' id='word_1_109' title='bbox 914 1963 956 1996; x_wconf 89' lang='lat' dir='ltr'>Et</span> <span class='ocrx_word' id='word_1_110' title='bbox 974 1963 1081 1996; x_wconf 86' lang='lat' dir='ltr'>libros</span> <span class='ocrx_word' id='word_1_111' title='bbox 1101 1962 1355 1996; x_wconf 86' lang='lat' dir='ltr'>sententiarum</span> <span class='ocrx_word' id='word_1_112' title='bbox 1366 1989 1374 2005; x_wconf 66' lang='lat'>7</span> 
     </span>
     <span class='ocr_line' id='line_1_28' title="bbox 915 2021 1436 2067; baseline -0.002 -12"><span class='ocrx_word' id='word_1_113' title='bbox 915 2021 1025 2067; x_wconf 84' lang='lat' dir='ltr'>Saepe</span> <span class='ocrx_word' id='word_1_114' title='bbox 1043 2021 1178 2055; x_wconf 88' lang='lat' dir='ltr'>habens</span> <span class='ocrx_word' id='word_1_115' title='bbox 1197 2033 1258 2055; x_wconf 88' lang='lat' dir='ltr'>cor</span> <span class='ocrx_word' id='word_1_116' title='bbox 1276 2033 1436 2054; x_wconf 85' lang='lat' dir='ltr'>amarum</span> 
     </span>
     <span class='ocr_line' id='line_1_29' title="bbox 915 2079 1393 2128; baseline -0.004 -13"><span class='ocrx_word' id='word_1_117' title='bbox 915 2081 955 2115; x_wconf 90' lang='lat' dir='ltr'>In</span> <span class='ocrx_word' id='word_1_118' title='bbox 973 2080 1151 2115; x_wconf 88' lang='lat' dir='ltr'>studendo</span> <span class='ocrx_word' id='word_1_119' title='bbox 1169 2087 1205 2114; x_wconf 87' lang='lat' dir='ltr'>et</span> <span class='ocrx_word' id='word_1_120' title='bbox 1222 2079 1372 2128; x_wconf 79' lang='lat' dir='ltr'>legendo</span> <span class='ocrx_word' id='word_1_121' title='bbox 1385 2107 1393 2118; x_wconf 64' lang='grc'>.,</span> 
     </span>
    </p>

    <p class='ocr_par' dir='ltr' id='par_1_11' title="bbox 842 2138 1484 2361">
     <span class='ocr_line' id='line_1_30' title="bbox 842 2138 1366 2173; baseline -0.002 0"><span class='ocrx_word' id='word_1_122' title='bbox 842 2139 889 2173; x_wconf 69' lang='grc'>40</span> <span class='ocrx_word' id='word_1_123' title='bbox 915 2139 1016 2173; x_wconf 78' lang='lat' dir='ltr'>Viam</span> <span class='ocrx_word' id='word_1_124' title='bbox 1035 2140 1174 2173; x_wconf 87' lang='lat' dir='ltr'>lectoris</span> <span class='ocrx_word' id='word_1_125' title='bbox 1192 2138 1366 2173; x_wconf 84' lang='lat' dir='ltr'>tenendo.</span> 
     </span>
     <span class='ocr_line' id='line_1_31' title="bbox 916 2197 1484 2244; baseline -0.002 -12"><span class='ocrx_word' id='word_1_126' title='bbox 916 2198 1018 2232; x_wconf 73' lang='lat' dir='ltr'>Parvi</span> <span class='ocrx_word' id='word_1_127' title='bbox 1037 2197 1196 2244; x_wconf 91' lang='lat' dir='ltr'>pendens</span> <span class='ocrx_word' id='word_1_128' title='bbox 1215 2209 1316 2231; x_wconf 88' lang='lat' dir='ltr'>suam</span> <span class='ocrx_word' id='word_1_129' title='bbox 1334 2209 1484 2243; x_wconf 85' lang='lat' dir='ltr'>poenam</span> 
     </span>
     <span class='ocr_line' id='line_1_32' title="bbox 916 2256 1447 2297; baseline -0.002 -7"><span class='ocrx_word' id='word_1_130' title='bbox 916 2256 1008 2297; x_wconf 87' lang='lat' dir='ltr'>Quia</span> <span class='ocrx_word' id='word_1_131' title='bbox 1027 2256 1063 2289; x_wconf 88' lang='lat' dir='ltr'>in</span> <span class='ocrx_word' id='word_1_132' title='bbox 1081 2256 1151 2290; x_wconf 90' lang='lat' dir='ltr'>hoc</span> <span class='ocrx_word' id='word_1_133' title='bbox 1168 2268 1244 2290; x_wconf 90' lang='lat' dir='ltr'>rem</span> <span class='ocrx_word' id='word_1_134' title='bbox 1263 2268 1447 2290; x_wconf 87' lang='lat' dir='ltr'>amoenam</span> 
     </span>
     <span class='ocr_line' id='line_1_33' title="bbox 917 2314 1334 2361; baseline 0 -13"><span class='ocrx_word' id='word_1_135' title='bbox 917 2314 1090 2348; x_wconf 89' lang='lat' dir='ltr'>Scientiae</span> <span class='ocrx_word' id='word_1_136' title='bbox 1109 2314 1334 2361; x_wconf 57' lang='lat' dir='ltr'>acquirebat7</span> 
     </span>
    </p>
   </div>
   <div class='ocr_carea' id='block_1_3' title="bbox 511 2453 2022 2528">
    <p class='ocr_par' dir='ltr' id='par_1_12' title="bbox 511 2453 2022 2528">
     <span class='ocr_line' id='line_1_34' title="bbox 544 2453 2022 2491; baseline 0.001 -11"><span class='ocrx_word' id='word_1_137' title='bbox 544 2456 551 2471; x_wconf 49' lang='grc' dir='ltr'><strong>ἰ</strong></span> <span class='ocrx_word' id='word_1_138' title='bbox 577 2455 659 2480; x_wconf 73' lang='lat' dir='ltr'>Natus</span> <span class='ocrx_word' id='word_1_139' title='bbox 694 2456 719 2481; x_wconf 85' lang='lat' dir='ltr'>in</span> <span class='ocrx_word' id='word_1_140' title='bbox 753 2460 843 2481; x_wconf 79' lang='lat' dir='ltr'>castro</span> <span class='ocrx_word' id='word_1_141' title='bbox 880 2454 1044 2481; x_wconf 78' lang='lat' dir='ltr'>Malimontis</span> <span class='ocrx_word' id='word_1_142' title='bbox 1082 2454 1238 2481; x_wconf 83' lang='lat' dir='ltr'>dioeceseos</span> <span class='ocrx_word' id='word_1_143' title='bbox 1288 2460 1443 2491; x_wconf 83' lang='lat' dir='ltr'>sumpserat</span> <span class='ocrx_word' id='word_1_144' title='bbox 1465 2455 1491 2481; x_wconf 87' lang='lat' dir='ltr'>in</span> <span class='ocrx_word' id='word_1_145' title='bbox 1516 2454 1680 2481; x_wconf 81' lang='lat' dir='ltr'>monasterio</span> <span class='ocrx_word' id='word_1_146' title='bbox 1707 2453 1788 2479; x_wconf 77' lang='lat' dir='ltr'>Casae</span> <span class='ocrx_word' id='word_1_147' title='bbox 1807 2453 1856 2479; x_wconf 88' lang='lat' dir='ltr'>Dei</span> <span class='ocrx_word' id='word_1_148' title='bbox 1877 2455 1902 2480; x_wconf 86' lang='lat' dir='ltr'>in</span> <span class='ocrx_word' id='word_1_149' title='bbox 1927 2454 2022 2482; x_wconf 71' lang='lat' dir='ltr'>Alver-</span> 
     </span>
     <span class='ocr_line' id='line_1_35' title="bbox 511 2500 1344 2528; baseline 0.002 -4"><span class='ocrx_word' id='word_1_150' title='bbox 511 2500 729 2527; x_wconf 73' lang='lat' dir='ltr'>Lemovieensis.</span> <span class='ocrx_word' id='word_1_151' title='bbox 762 2501 887 2527; x_wconf 83' lang='lat' dir='ltr'>habitum</span> <span class='ocrx_word' id='word_1_152' title='bbox 918 2501 1003 2527; x_wconf 80' lang='lat' dir='ltr'>sancti</span> <span class='ocrx_word' id='word_1_153' title='bbox 1031 2500 1170 2528; x_wconf 81' lang='lat' dir='ltr'>Benedicti</span> <span class='ocrx_word' id='word_1_154' title='bbox 1198 2510 1241 2527; x_wconf 84' lang='lat' dir='ltr'>as-</span> <span class='ocrx_word' id='word_1_155' title='bbox 1290 2501 1344 2527; x_wconf 82' lang='lat' dir='ltr'>nia.</span> 
     </span>
    </p>
   </div>
  </div>
 </body>
</html>
