2137 3131
474 384 543 419 592
812 382 986 417 CORPUS
1013 380 1342 415 CHRONICORUM
1371 380 1632 414 FLANDRIAE.

472 493 585 525 vivere
601 497 730 537 potest,
750 490 866 523 nullus
877 488 1041 534 judaeus,
1059 487 1111 521 vel
1127 486 1303 520 idolorum
1319 486 1447 530 cultor,
1466 499 1529 521 nec
1543 487 1698 529 barbari,
1719 486 1806 520 lecta
1821 499 1840 520 a
1853 487 1981 532 juvene

472 550 599 584 Christi
619 548 780 594 epistola,
798 560 874 580 eam
894 545 1059 579 invadere
1078 551 1238 590 possunt.

520 606 683 641 Claudius
702 604 961 651 expeditionem
982 604 1017 637 in
1040 603 1220 637 Britannia
1238 615 1401 647 movens,
1419 603 1574 637 Orcadas
1589 603 1718 637 insulas
1733 609 1828 637 trans
1843 603 1983 636 Britan—

473 668 564 700 niam
584 666 618 698 in
639 665 779 698 Oceano
796 664 925 709 positas
945 662 1073 708 adjecit
1086 662 1248 708 imperio.
1269 663 1389 696 Fames
1402 663 1438 696 in
1453 669 1528 696 toto
1543 663 1628 696 orbe
1643 662 1854 708 praevaluit,
1874 674 1983 708 quam

473 724 610 771 Agabus
629 722 801 768 propheta
817 721 1047 767 praedixerat.
1067 721 1199 768 Regina
1214 720 1490 764 Adiabenorum,
1503 720 1650 763 Helena,
1668 720 1713 755 ad
1728 719 1833 754 fidem
1854 719 1982 753 Christi

471 793 637 816 conversa
651 780 903 825 Jherosolymis
918 779 1110 827 largissime
1130 779 1258 812 sanctis
1272 778 1502 812 munificavit.
1520 778 1662 812 Judaeis
1676 779 1786 812 Roma
1801 790 1864 824 per
1879 777 1983 811 Clau-

470 840 568 874 dium
594 839 762 885 expulsis,
787 845 883 872 tanta
905 838 1157 883 Jherosolymis
1180 838 1215 870 in
1238 837 1363 871 diebus
1387 838 1582 871 azimorum
1607 844 1682 871 orta
1701 836 1826 871 seditio
1852 843 1920 880 est,
1944 842 1984 869 ut

468 899 503 932 in
525 904 707 944 portarum
728 897 841 940 exitu,
865 897 998 943 populo
1020 903 1226 940 corruente,
1250 897 1395 944 triginta
1417 897 1524 930 millia
1544 896 1760 930 Judaeorum
1786 896 1978 942 perierunt.

471 956 603 990 Phenix
633 956 668 989 in
688 956 848 1003 Aegypto
871 955 964 988 visus
987 961 1057 997 est,
1079 955 1140 1001 qui
1162 955 1209 988 ibi
1230 954 1379 988 DCLIVo
1402 967 1495 988 anno
1517 967 1557 988 ex
1577 954 1699 988 Arabis
1720 954 1808 987 solet
1828 953 1978 987 avolare.

470 1015 634 1049 Claudius
656 1015 751 1057 obit,
781 1014 842 1060 qui
869 1026 1004 1048 veneno
1031 1014 1202 1047 interiisse
1228 1013 1386 1047 creditur
1407 1014 1452 1047 ab
1477 1014 1671 1061 Agrippina
1692 1025 1801 1047 uxore
1829 1024 1891 1046 sua
1915 1012 1982 1045 sibi

469 1074 569 1116 dato,
591 1074 673 1120 quia
693 1073 803 1106 filiun]
824 1085 927 1106 suum
946 1073 1157 1115 Domitium,
1181 1073 1243 1118 qui
1262 1079 1297 1106 et
1315 1072 1424 1115 Nero,
1449 1085 1468 1106 a
1484 1072 1591 1118 priori
1613 1072 1738 1105 marito
1757 1077 1979 1117 susceptum,

470 1134 504 1166 in
519 1145 669 1181 regnum
683 1133 846 1178 sperabat
864 1132 1071 1173 sublimare,
1091 1144 1181 1178 quae
1199 1132 1326 1165 timens
1341 1144 1384 1165 ne
1404 1131 1569 1165 Claudius
1586 1131 1788 1165 Britannico
1807 1130 1879 1163 filio
1893 1142 1978 1173 suo,

468 1204 576 1239 quem
598 1204 639 1225 ex
657 1191 722 1225 alia
747 1203 856 1225 uxore
879 1191 1051 1236 suscepit.
1077 1203 1226 1238 regnum
1251 1189 1495 1233 contraderet,
1521 1190 1656 1236 ipsum,
1684 1195 1725 1223 ut
1748 1188 1884 1223 dictum
1906 1194 1978 1231 est,

468 1262 602 1284 veneno
629 1249 765 1284 studuit
786 1249 1002 1295 praevenire.
1032 1249 1214 1294 Philippus
1241 1248 1438 1294 apostolus,
1459 1261 1502 1281 xx
1523 1260 1616 1281 anno
1640 1254 1718 1293 post
1741 1247 1981 1281 ascensionem

469 1308 610 1351 Christi,
635 1308 757 1354 lxxxvij
784 1320 977 1350 annorum,
999 1308 1034 1341 in
1053 1308 1218 1353 Neapoli,
1237 1308 1334 1341 Asiae
1353 1307 1509 1350 civitate,
1532 1307 1566 1340 in
1582 1319 1668 1352 paee
1686 1306 1831 1352 quievit.

517 1368 610 1402 Nero
633 1367 820 1413 imperium
844 1366 993 1412 adeptus
1012 1366 1082 1411 xiiij
1106 1367 1206 1399 annis
1224 1366 1430 1412 imperavit,
1452 1365 1566 1399 aureis
1587 1365 1721 1398 retibus
1740 1371 1774 1398 et
1792 1364 1980 1410 purpureis

469 1426 615 1460 funibus
635 1426 853 1472 piscabatur,
872 1431 912 1458 ut
930 1424 1052 1458 dolore
1072 1425 1307 1470 Trojanorum
1327 1430 1595 1466 rememoretur,
1621 1424 1767 1458 Romam
1790 1423 1835 1469 vij
1855 1423 1981 1457 diebus

469 1491 504 1518 et
518 1484 682 1518 noctibus
696 1483 818 1517 ardere
832 1483 931 1524 fecit,
950 1490 985 1516 et
998 1495 1105 1529 quam
1122 1484 1300 1531 Augustus
1316 1495 1550 1516 marmoream
1564 1494 1599 1516 se
1613 1482 1734 1516 fecisse
1747 1482 1978 1530 gloriabatur,

470 1542 585 1576 effecit
602 1542 746 1575 luteam.
771 1542 919 1575 Matrem
943 1542 1122 1587 propriam
1147 1548 1182 1574 et
1200 1541 1382 1575 Octaviam
1403 1553 1550 1574 uxorem
1573 1553 1673 1574 suam
1687 1567 1695 1583 ,
1715 1540 1823 1573 filiam
1846 1539 1982 1574 Claudji

469 1600 658 1643 interemit,
676 1612 831 1633 sororem
847 1611 945 1632 suam
961 1606 1083 1645 stupro
1099 1599 1243 1644 polluit,
1262 1605 1397 1645 patrem
1412 1611 1515 1632 suum
1531 1598 1690 1632 similiter
1703 1598 1889 1644 stupravit,
1905 1598 1982 1632 nul-

469 1659 542 1692 lum
557 1658 679 1692 vitium
697 1658 865 1691 intactum
883 1657 1038 1703 reliquit.
1056 1657 1195 1690 Primus
1209 1656 1424 1690 Christianos
1442 1656 1683 1703 persequitur,
1700 1656 1815 1690 virum
1834 1668 1981 1691 uxorem

468 1716 554 1760 sibi,
575 1717 648 1762 ipse
667 1716 741 1750 viro
760 1727 850 1749 uxor
867 1727 940 1748 esse
954 1715 1082 1759 voluit,
1104 1715 1148 1749 de
1170 1727 1241 1761 quo
1262 1715 1428 1750 Martialis
1445 1721 1548 1761 poeta
1570 1728 1576 1747 :

804 1826 872 1852 Tres
884 1825 963 1852 simul
977 1826 1003 1851 in
1017 1825 1087 1851 lecto
1101 1832 1107 1850 ε
1123 1825 1177 1851 duo
1186 1830 1312 1861 stuprum
1325 1826 1529 1860 perpetiuntur,

875 1874 908 1900 Et
921 1874 976 1899 duo
989 1874 1178 1907 committunt5
1195 1878 1314 1908 quatuor
1329 1882 1387 1899 esse
1401 1874 1500 1908 putas?

803 1921 916 1947 Falleris
929 1926 1058 1947 externus
1069 1942 1076 1951 ,
1091 1920 1125 1946 da
1139 1920 1245 1957 singula
1257 1941 1263 1951 ‚
1277 1921 1379 1947 crimen
1395 1925 1421 1946 et
1435 1921 1523 1955 ipsum

876 1969 919 1994 Bis
933 1978 1047 1994 numera
1061 1968 1179 1994 medium
1193 1968 1240 2003 qui
1251 1967 1315 1994 facit
1330 1972 1357 1994 et
1370 1968 1484 2002 patitur.

515 2071 607 2105 Nero
622 2071 708 2105 dum
724 2077 955 2105 coronaretur
970 2070 1179 2113 cornicines,
1199 2069 1423 2115 cytharistas,
1444 2068 1631 2117 tragoedos
1643 2095 1652 2112 ,
1673 2069 1825 2117 aurigas,
1844 2069 1980 2118 gladia-

466 2137 575 2174 tores,
597 2130 692 2164 vario
707 2129 898 2164 certamine
911 2129 1099 2174 superavit.
1119 2127 1282 2162 Secundo
1298 2128 1446 2162 Neronis
1459 2140 1566 2171 anno,
1584 2128 1714 2162 Paulus
1728 2141 1748 2161 a
1762 2129 1861 2162 Festo
1875 2140 1979 2174 prae-

466 2188 539 2223 side
553 2189 700 2223 Romam
717 2189 854 2222 vinctus
868 2187 1032 2220 mittitur.
1050 2186 1182 2220 Eodem
1197 2199 1303 2230 anno,
1322 2186 1503 2220 Tornacus
1517 2186 1636 2220 civitas
1649 2185 1869 2231 aedificatur,
1886 2187 1978 2221 Nero

467 2247 724 2289 Britannicum,
741 2246 852 2279 filium
868 2245 1017 2289 Claudii,
1035 2245 1124 2278 clam
1139 2257 1274 2278 veneno
1289 2245 1449 2290 peremit.
1467 2245 1619 2278 Jacobus
1633 2244 1776 2290 Alphei,
1793 2245 1979 2291 episcopus

466 2307 483 2340 J
487 2306 791 2352 herosolymorum
801 2312 860 2337 xx⁰
870 2316 962 2337 anno
973 2309 1051 2349 post
1060 2303 1257 2349 passionem
1268 2302 1411 2346 Christi,
1422 2302 1466 2336 de
1476 2303 1584 2349 pinna
1592 2303 1714 2349 templi
1728 2303 1978 2349 praecipitatus

465 2365 557 2398 fuste
573 2364 714 2397 fullonis
733 2363 883 2403 interiit,
904 2374 1011 2408 quem
1028 2361 1202 2407 Josephus
1220 2368 1338 2395 tantae
1356 2362 1549 2396 sanctitatis
1566 2362 1682 2396 virum
1701 2367 1974 2405 commemorat,

467 2429 507 2456 ut
523 2434 587 2468 pro
607 2434 645 2455 ea
664 2421 943 2467 Jherosolymam
967 2419 1182 2453 destructam
1203 2419 1308 2453 dieat.
1332 2420 1415 2453 Post
1434 2432 1555 2453 necem
1574 2420 1695 2454 Jacobi
1713 2420 1831 2454 statim
1849 2419 1977 2454 Jhero-

467 2480 684 2526 solymorum
703 2478 841 2513 obsidio
862 2478 1049 2512 subsecuta
1071 2484 1135 2511 est.
1161 2478 1291 2512 Romae
1314 2478 1500 2512 Processus
1525 2485 1560 2512 et
1583 2478 1814 2512 Martinianus
1832 2490 1851 2512 a
1871 2478 1975 2513 Petro
