2118 3184
794 433 1082 469 APPENDICES.
1626 437 1696 471 913

855 541 1019 594 ccxxii.

175 617 354 652 L'abbesse
371 618 413 652 de
427 618 626 664 Marqueue
645 625 779 665 accepte
804 620 836 653 Ια
857 626 1012 654 sentence
1030 620 1200 654 arhilrale
1219 620 1260 654 de
1281 620 1394 654 l’ahhe'
1411 621 1452 655 (le
1470 621 1644 656 Vaucelles
1664 628 1695 656 et

222 676 310 710 d'uu.
321 675 419 721 frere
441 690 584 711 convers
601 677 642 710 de
659 677 849 720 Bamleloo,
866 681 932 724 (μα’
945 678 1036 712 rond
1046 677 1069 711 (ὶ
1083 678 1239 724 l’ahbaye
1257 678 1321 712 clim
1336 679 1500 713 honnz'er-s‘
1520 679 1560 713 de
1584 685 1693 714 terre-§¹

225 734 369 768 incultos
381 733 403 768 (i
427 734 456 769 C
455 734 549 782 alplt.
573 733 748 768 —Ctmr

829 885 846 906 A
860 883 932 914 Calph
942 901 948 909 ,
962 883 1034 906 1255.

212 942 352 969 [niversis
373 947 531 977 praesentes
556 942 662 969 litteras
682 943 847 978 inspecturis
859 964 866 975 ‚
889 943 1025 969 abbatissa
1046 949 1073 970 et
1097 949 1249 970 conventus
1275 943 1308 970 de
1332 943 1454 970 Martem
1474 944 1588 970 salutem
1608 949 1635 970 et
1652 945 1691 971 rei

171 993 263 1025 gestae
283 998 449 1025 cognoscere
468 989 619 1015 veritatem.
636 989 746 1015 Noverit
761 990 924 1016 universitas
939 995 1043 1021 vestra,
1059 990 1133 1026 qnod
1147 1000 1208 1016 cum
1222 990 1273 1016 viri
1291 990 1411 1026 religiosi
1431 990 1516 1016 abbas
1535 996 1561 1017 et
1576 1000 1691 1017 conven-

171 1041 215 1061 tus
238 1035 407 1070 Ninivensis,
430 1036 706 1063 l’raemonstratensis
729 1037 848 1069 ordinis,
872 1037 1072 1063 Cameracensis
1089 1037 1238 1068 dioecesis,
1255 1038 1400 1064 traxissent
1422 1047 1471 1064 nos
1491 1039 1518 1064 iu
1537 1048 1645 1064 causam
1665 1044 1692 1065 et

171 1083 302 1117 petissent
316 1092 331 1108 a
350 1083 428 1109 nobis
446 1084 575 1109 tredecim
593 1083 706 1109 bonnaria
721 1084 848 1110 wastinae
862 1090 970 1119 praeter
983 1089 1092 1110 centum
1107 1085 1197 1120 virgas
1216 1083 1335 1118 jacentia
1356 1094 1441 1120 prope
1455 1090 1560 1111 curtem
1577 1094 1689 1117 eorum,

169 1138 241 1164 quac
254 1129 356 1155 dicitur
370 1130 446 1166 Cels,
458 1130 632 1156 extendentia
647 1140 676 1156 se
690 1131 716 1156 in
729 1130 841 1166 longum
857 1140 944 1166 usque
960 1131 993 1156 ad
1008 1131 1153 1156 terminum
1167 1131 1213 1166 qui
1228 1131 1329 1157 dicitur
1343 1130 1478 1157 Stenncort
1488 1152 1495 1165 7
1510 1141 1606 1158 versus
1620 1132 1691 1158 occi-

169 1176 279 1202 dentem
292 1197 298 1207 ,
320 1186 391 1212 quae
411 1176 524 1202 bonaria
544 1186 576 1202 eo
595 1181 718 1212 tempore
729 1197 735 1208 ⁷
757 1182 786 1202 ut
808 1177 935 1203 dicebant
949 1177 1013 1203 dicti
1027 1177 1112 1203 abbas
1126 1182 1153 1203 et
1166 1182 1335 1210 conventus,
1351 1187 1400 1203 nos
1418 1177 1586 1204 detinuimus
1601 1180 1690 1205 minus

165 1223 252 1256 juste.
263 1223 384 1249 Tandem
393 1233 458 1250 sano
469 1225 509 1249 usi
523 1224 636 1250 consilio
649 1230 702 1250 tam
714 1234 763 1250 uos
777 1234 859 1260 quam
874 1234 937 1260 pars
949 1225 1063 1251 adversa
1079 1226 1104 1250 in
1118 1225 1188 1251 duos
1198 1225 1271 1251 viros
1280 1246 1287 1257 ‚
1300 1225 1427 1251 videlicet
1440 1226 1565 1251 invirum
1575 1236 1690 1253 venera-

170 1270 251 1297 bilem
263 1270 402 1296 dominum
414 1270 579 1296 Willelmum
592 1292 598 1303 ‚
612 1271 738 1297 abbatem
753 1271 787 1297 dc
802 1271 928 1303 lacellis,
939 1277 966 1297 et
978 1272 1090 1297 l'ratrem
1102 1271 1267 1298 Willelmum
1281 1278 1443 1298 conversum
1454 1272 1487 1297 de
1502 1272 1613 1306 Bodclo,
1630 1278 1690 1299 tan-

169 1327 250 1353 quam
260 1318 286 1344 in
293 1318 412 1344 arbitros
421 1318 667 1353 compromisimus,
679 1319 726 1353 qui
734 1318 832 1344 dictam
841 1328 949 1345 causam
960 1319 1013 1344 fine
1021 1319 1114 1345 debito
1124 1319 1302 1344 terminarent
1311 1329 1317 1353 5
1327 1319 1471 1344 arbitrium
1480 1328 1591 1355 quoque
1600 1329 1688 1355 poena

169 1370 278 1392 centum
288 1375 440 1392 marcarum
451 1366 639 1401 parisiensium
649 1365 819 1397 vallavimus,
829 1367 908 1401 cnjus
918 1366 1047 1392 medietas
1054 1366 1164 1392 domino
1173 1371 1263 1392 terrae
1273 1371 1298 1392 et
1307 1365 1358 1391 alia
1371 1366 1502 1392 medietas
1514 1367 1583 1402 parti
1594 1367 1689 1394 obser-

168 1413 242 1439 vauti
253 1413 398 1439 arbitrium
409 1423 423 1439 a
435 1418 514 1448 parte
525 1413 664 1439 resiliente
673 1413 707 1438 ab
716 1413 830 1439 arbitrio
841 1413 974 1440 solvetur.
985 1413 1054 1439 Dicti
1063 1423 1128 1439 vero
1140 1413 1335 1448 viri‚suscepto
1347 1414 1373 1439 in
1385 1422 1414 1439 sc
1430 1423 1513 1439 onere
1524 1414 1686 1441 arbitrandi.

167 1459 276 1486 tandem
289 1459 489 1487 deliberatione
503 1459 677 1495 praehabita,
692 1460 828 1496 dictisque
842 1470 939 1486 causae
953 1460 1016 1486 hinc
1029 1460 1091 1486 inde
1105 1459 1252 1496 diligenter
1264 1459 1374 1491 auditis,
1392 1460 1435 1485 die
1450 1465 1553 1486 statuto
1569 1461 1595 1486 in
1609 1470 1689 1496 prae-

168 1507 388 1542 sentia'partium
401 1508 546 1534 arbitrium
560 1517 638 1534 suum
658 1507 834 1542 protulerunt
847 1508 874 1534 in
890 1507 963 1534 hunc
977 1507 1087 1533 modum
1099 1517 1107 1533 z
1122 1507 1250 1534 videlicet
1267 1507 1340 1542 quod
1353 1507 1466 1533 ecclesia
1482 1507 1634 1534 Ninivensis
1654 1508 1688 1534 de

166 1554 246 1580 dictis
261 1554 390 1580 tredecim
406 1555 526 1581 bonariis
543 1555 671 1581 wastinae
692 1560 803 1589 praeter
817 1560 927 1581 centum
946 1555 1036 1591 virgas
1052 1555 1167 1580 haberet
1179 1554 1273 1580 decem
1292 1555 1405 1580 bonaria
1419 1559 1446 1580 et
1460 1555 1528 1580 duas
1546 1564 1687 1581 mensuras

169 1602 298 1627 wastinae
308 1622 315 1633 ‚
331 1602 365 1627 ab
382 1601 543 1627 occidentali
558 1607 635 1636 parte
650 1602 778 1627 wastinae
789 1601 912 1636 ejusdem
926 1611 956 1628 ac
970 1607 1105 1637 perpetuo
1117 1601 1204 1627 libere
1217 1601 1381 1637 possideret.
1395 1601 1449 1628 Nos
1464 1611 1528 1628 vero
1545 1602 1685 1628 residuum

169 1648 297 1674 wastinae
311 1648 346 1674 ab
361 1648 523 1674 occidentali
541 1653 618 1683 parte
635 1647 817 1681 haberemus,
839 1658 870 1674 ac
889 1649 923 1674 de
940 1653 1049 1674 caetero
1069 1648 1154 1674 libere
1172 1648 1391 1683 possideremus,
1410 1652 1437 1674 et
1454 1657 1504 1683 per
1522 1648 1574 1674 hoc
1593 1659 1687 1676 omnes

167 1694 298 1730 querelae
310 1695 382 1720 inter
397 1704 445 1721 nos
459 1699 485 1720 et
497 1700 602 1730 partem
613 1695 753 1720 adversam
764 1700 852 1721 motae
863 1715 870 1727 ‚
885 1695 928 1721 vel
941 1704 1012 1730 quae
1026 1695 1167 1721 occasione
1177 1694 1265 1720 dictae
1277 1695 1480 1721 controversiae
1493 1696 1595 1722 moveri
1609 1701 1688 1731 pote-

167 1747 230 1768 rant
241 1763 247 1773 ,
263 1742 353 1768 forent
365 1747 506 1768 emortuae
521 1751 551 1768 ac
565 1743 669 1778 sopitae
679 1764 685 1775 ‚
702 1742 754 1769 hoc
768 1742 874 1777 adjecto
887 1742 961 1778 quod
974 1747 1072 1768 neutra
1083 1741 1195 1768 ecclesia
1206 1741 1328 1777 hospites
1338 1742 1365 1767 in
1379 1742 1451 1768 dicta
1464 1747 1538 1768 terra
1550 1743 1685 1769 domicilia

169 1788 319 1818 habentes,
339 1794 366 1815 et
381 1789 462 1815 etiam
476 1798 648 1815 successores
661 1800 756 1816 eorum
772 1795 864 1825 posset
879 1790 1052 1825 aliquatenus
1068 1798 1194 1815 amovere
1204 1810 1211 1821 ‚
1231 1789 1278 1815 sed
1292 1798 1477 1824 unaquaeque
1492 1799 1542 1825 pro
1556 1795 1615 1816 rata
1631 1796 1686 1817 ter-

167 1845 260 1862 rarum
273 1845 302 1862 se
313 1836 489 1871 contingente
500 1857 506 1865 ,
521 1845 632 1862 censum
648 1847 728 1863 suum
745 1837 898 1872 perciperet
911 1836 1061 1862 annuatim.
1074 1836 1126 1862 Nos
1137 1836 1221 1872 igitur
1235 1845 1284 1871 pro
1298 1841 1376 1871 parte
1390 1841 1484 1862 nostra
1498 1836 1600 1863 dictum
1612 1838 1686 1864 arbi-

167 1883 250 1909 trium
269 1888 459 1918 acceptantes,
479 1888 650 1917 praesentem
669 1889 771 1910 cartam
791 1883 881 1919 sigillo
902 1888 998 1909 nostro
1009 1883 1136 1909 duximus
1155 1883 1352 1909 roborandum.
1370 1883 1465 1909 Actum
1487 1884 1520 1909 ad
1536 1889 1637 1911 terram
1651 1885 1684 1911 de

167 1929 267 1965 qualis
279 1934 338 1955 erat
348 1950 354 1960 ,
369 1939 441 1955 anno
450 1929 557 1956 Domini
568 1930 693 1961 MCCLV,
707 1931 734 1956 in
749 1930 792 1956 die
805 1931 967 1956 animarum.

1246 1966 1377 1991 Cartulaire
1386 1968 1414 1991 (le
1427 1968 1534 1992 Matines.

835 2129 1019 2165 CCXXIII.

167 2220 220 2254 La
234 2232 329 2254 meur
341 2219 422 2262 Ida,
434 2218 528 2254 mere
537 2246 548 2262 ,
563 2220 608 2254 les
619 2218 733 2265 freres
741 2225 772 2253 el
784 2231 896 2253 soezcrs
904 2218 944 2252 cle
959 2216 1282 2264 l’h6p2·talS‘-Jean,
1296 2216 1318 2252 ά
1328 2218 1524 2261 Brua‘elles,
1540 2219 1681 2253 laissem

217 2276 239 2311 ὰ
257 2277 415 2324 l'ahlmye
430 2278 464 2311 la
482 2277 575 2311 dimo
589 2278 677 2312 d'un
687 2277 759 2324 pre'
771 2290 836 2323 que
852 2276 929 2310 leur
940 2277 1078 2309 maison
1086 2273 1228 2322 possede
1244 2274 1267 2309 ἀ
1284 2275 1627 2311 Ninove.-Nm0vss.

885 2436 957 2460 1255.

201 2498 342 2525 L'niversis
356 2503 516 2533 praesentes
528 2498 634 2524 litteras
648 2498 763 2530 visuris,
779 2507 858 2523 soror
873 2497 919 2523 Ida
929 2517 937 2530 7
950 2497 1096 2533 magistra,
1112 2496 1211 2523 fratres
1221 2501 1248 2523 et
1258 2505 1368 2523 sorores
1382 2496 1525 2532 hospitalis
1537 2496 1565 2524 S.
1581 2497 1681 2524 Johan-

162 2546 204 2571 nis
224 2546 250 2571 in
271 2544 414 2574 Bruxellaq
435 2544 550 2572 salutem
574 2546 600 2571 in
619 2545 734 2572 Domino
755 2545 959 2580 sempiternam.
978 2544 1156 2570 Universitati
1175 2548 1282 2571 vestrae
1298 2545 1490 2580 praesentibus
1510 2545 1679 2579 innotescat,

287 2591 372 2626 Toni.
404 2591 447 2625 ll.
1487 2591 1556 2627 115
