2118 3184
742 380 1031 416 APPENDICES.
1577 382 1648 420 805

126 495 231 525 partem
241 491 361 517 succisae
369 490 452 517 silvae
460 495 534 523 eant,
544 498 639 517 eorum
648 495 737 515 tamen
747 498 862 524 capreae
871 489 921 515 nisi
931 499 973 515 me
981 490 1156 525 permittente
1165 499 1218 516 non
1227 490 1305 516 ibunt
1315 501 1321 524 ς
1332 490 1366 517 de
1372 491 1462 526 porcis
1469 491 1594 518 similiter
1601 492 1647 518 fiet

124 538 233 572 quoties
244 537 277 563 ad
290 538 425 564 Arkenam
439 538 534 571 ibunt3
552 537 573 563 si
587 545 682 563 nemus
694 545 782 562 meum
798 536 850 562 suh
864 535 956 571 aliqua
969 537 1149 562 continuitate
1163 537 1249 563 excidi
1265 538 1357 564 secero
1367 559 1374 569 7
1391 538 1517 564 animalia
1530 538 1646 565 fratrum

125 594 180 611 non
189 591 337 620 pascentur
347 586 383 611 ibi
392 607 398 615 ,
413 585 499 611 donec
509 585 546 611 ibi
557 583 631 619 sylva
643 584 791 610 reci-event
800 583 873 619 quod
887 593 977 610 morsu
991 593 1121 619 pecorum
1130 594 1182 610 non
1195 584 1331 611 laedatur.
1343 586 1408 611 I‘sui
1419 585 1556 622 lignorum
1565 595 1648 622 quem

124 631 195 658 idem
209 632 308 659 fratres
321 632 476 658 habuerunt
488 642 502 658 a
517 631 776 667 praedecessoribus
788 632 853 657 meis
865 631 890 657 in
903 631 977 666 sylva
993 640 1051 657 mea
1067 631 1099 657 ad
1111 632 1248 667 quaelibet
1263 633 1433 668 expedientia
1442 634 1463 659 si
1475 634 1649 660 renuntiave-

126 684 190 704 runt
199 679 242 705 vel
253 680 434 715 verpitierunt
445 679 566 714 mihique
579 679 789 714 resignaverunt
799 699 806 706 ,
817 687 866 704 uos
880 687 945 704 vero
957 679 1096 714 sexaginta
1108 679 1220 705 bonaria
1231 681 1350 706 nemoris
1359 681 1431 715 quod
1444 681 1546 707 dicitur
1559 681 1649 707 forest

126 729 153 751 et
162 725 237 759 jacet
253 727 280 752 in
295 727 423 762 parochia
440 726 474 752 de
493 726 600 752 Senefia
615 725 754 761 praefatae
769 725 899 752 ecclestae
913 725 1086 751 exhibuimus
1099 726 1132 751 de
1148 735 1281 753 consensu
1294 727 1439 755 Everardi.
1461 729 1562 754 domini
1576 728 1649 755 feodi

125 776 214 807 istius,
229 780 257 802 et
271 773 344 801 douo
355 775 432 800 ducis
443 773 563 809 supremi
577 773 679 799 domiui
700 773 823 807 ejusdem
841 772 913 799 feodi
930 773 1138 809 custodiamque
1156 774 1198 799 vel
1223 774 1374 801 foresti-iam
1395 775 1495 801 horum
1511 776 1648 811 sexaginta

127 823 304 850 bonariorum
318 821 448 847 ecclesiae
463 820 626 846 dimisimus.
647 819 686 846 De
699 819 750 846 hoc
764 829 876 846 nemore
890 820 948 855 ipsa
964 819 1079 846 ecclesia
1099 819 1186 846 solvet
1202 820 1266 846 mihi
1285 826 1312 847 et
1330 821 1440 848 haeredi
1460 831 1519 848 meo
1538 823 1564 848 in
1580 822 1650 849 festo

126 871 212 897 sancti
224 869 358 896 Johannis
372 869 508 904 Baptistae
521 867 660 893 annuatim
677 876 788 893 censum
803 867 922 893 duor-um
941 866 1090 893 solidorum
1110 867 1292 895 Bruxeliensis
1307 875 1431 895 monetae
1443 891 1449 896 .
1465 879 1516 905 pro
1527 880 1582 905 quo
1597 880 1650 897 wa-

126 917 236 944 randire
250 922 377 943 tenemur
391 921 418 942 et
431 917 588 951 acquietare
602 914 652 950 ipsi
666 914 796 940 ecciesiae
808 914 962 949 praefatum
973 924 1085 945 nemus,
1101 920 1132 940 ut
1147 924 1226 941 nemo
1241 915 1307 941 illud
1320 917 1455 951 inquietet
1469 926 1519 952 per
1532 917 1649 951 alicujus

122 965 196 999 juris
207 963 248 990 vel
259 962 467 990 consuetudinis
478 962 656 993 exactionem,
667 961 715 987 sed
726 961 822 987 usibus
833 966 939 987 tantum
947 966 974 987 et
983 961 1117 987 voluntati
1130 961 1245 988 fratrum
1255 964 1395 998 praefatae
1403 963 1532 990 ecclesiae
1540 964 1650 990 liberri-

127 1021 201 1038 mum
214 1015 390 1046 permaneat,
406 1009 530 1044 illudque
541 1009 592 1044 ipsi
607 1013 712 1034 tantum
727 1008 853 1034 excidere
864 1029 871 1040 ‚
886 1014 913 1034 et
925 1008 1045 1034 vendere
1055 1029 1062 1040 ⁷
1077 1013 1104 1034 et
1117 1014 1222 1035 sartare
1233 1015 1348 1044 possunt
1358 1031 1365 1042 ,
1381 1015 1407 1036 et
1419 1011 1561 1046 quodlibet
1574 1011 1647 1038 aliud

127 1059 162 1086 de
173 1067 206 1085 eo
218 1058 308 1084 facere
320 1063 434 1093 possunt
446 1065 496 1092 pro
505 1065 571 1082 suae
582 1056 731 1082 voluntatis
739 1056 866 1082 arbitrio.
877 1055 1071 1090 Eleemosynae
1086 1065 1198 1091 quoque
1208 1057 1276 1083 istae
1285 1057 1448 1083 heneficium
1458 1058 1512 1084 tale
1523 1059 1649 1094 apposui-

128 1115 189 1132 mus
205 1106 279 1142 quod
299 1104 434 1140 quidquid
451 1105 510 1139 ipsa
525 1104 677 1130 Ninivensis
690 1103 805 1129 ecclesia
824 1112 838 1128 a
857 1111 899 1129 me
916 1103 986 1129 vela
1003 1103 1262 1138 praedecessoribus
1277 1104 1342 1130 meis
1358 1109 1448 1137 tenet,
1465 1110 1492 1131 et
1510 1105 1562 1132 hoc
1577 1115 1650 1132 anno

128 1153 280 1180 dominicae
294 1151 492 1178 Incarnatiouis
507 1150 625 1177 MCXCV
638 1150 758 1186 possidet
770 1171 777 1182 ,
790 1159 840 1176 nec
853 1159 904 1186 ego
917 1159 967 1176 nec
985 1149 1084 1185 aliquis
1097 1159 1234 1182 meorum,
1250 1155 1312 1186 post
1327 1160 1369 1177 me
1383 1151 1439 1177 ulla
1452 1153 1561 1187 penitus
1571 1162 1651 1179 occa-

128 1201 204 1228 sione
218 1200 261 1227 vel
275 1199 410 1226 calumnia
425 1198 539 1225 turbare
552 1203 719 1233 praesumat.
737 1197 844 1224 Donum
859 1206 924 1224 vero
938 1197 1022 1231 hujus
1036 1198 1155 1224 nemoris
1169 1198 1305 1224 Lovaniae
1319 1208 1403 1234 super
1417 1200 1517 1225 atrium
1531 1200 1560 1226 S.
1576 1200 1651 1226 Petri

127 1249 156 1275 in
170 1247 325 1284 praesentia
338 1247 415 1273 ducis
425 1245 595 1272 celebratum
605 1250 647 1271 est
659 1266 666 1277 ,
682 1244 770 1280 pridie
783 1253 864 1280 quam
880 1244 953 1270 filius
966 1245 1026 1278 ejus
1042 1244 1208 1271 Godel'ridus
1217 1245 1415 1280 baptisaretur‚
1430 1246 1482 1272 sub
1494 1248 1649 1273 testimonio

128 1295 269 1322 hominum
279 1302 392 1320 suorum
405 1297 431 1319 et
440 1292 580 1318 hominum
594 1291 726 1317 Everardi
737 1311 744 1323 ‚
759 1291 956 1326 hominumque
969 1299 1091 1316 meorum
1101 1291 1283 1326 sequentibus
1297 1291 1392 1327 signis.
1406 1292 1519 1328 Signum
1535 1293 1650 1320 Gerardi

127 1342 162 1369 de
172 1341 356 1377 Grimbergis;
372 1340 401 1366 S.
414 1338 528 1365 Arnoldi
539 1338 573 1365 de
584 1338 738 1365 Wesemala
746 1343 774 1364 et
785 1337 898 1364 Arnoldi
911 1337 945 1364 de
956 1338 1079 1374 Bigardis
1092 1349 1099 1373 3
1112 1338 1142 1365 S.
1156 1338 1284 1364 Willelmi
1295 1339 1330 1365 de
1347 1339 1465 1365 'Vullzern
1478 1352 1486 1370 ‚·
1500 1341 1528 1367 S.
1541 1341 1651 1368 Reineri

128 1390 163 1416 de
181 1388 283 1416 Limala
300 1393 328 1414 et
347 1387 457 1414 Reineri
473 1386 507 1413 de
528 1386 636 1419 Herna3
654 1386 679 1412 S.
700 1385 825 1412 Balduiui
845 1385 879 1412 de
892 1385 972 1411 Lewa
985 1391 1012 1411 et
1024 1387 1121 1412 Faiter
1133 1386 1166 1412 de
1183 1385 1325 1421 Bruxella;
1348 1386 1377 1413 S.
1394 1387 1527 1419 Anselmi,
1543 1388 1650 1414 abbatis

128 1436 348 1472 Grimbergensis
359 1441 386 1461 et
401 1434 552 1466 ffiscelini,
566 1434 716 1469 praepositi
729 1433 851 1468 ejusdem
867 1432 1009 1459 ecclesiae.
1025 1433 1171 1460 Praeterea
1186 1434 1208 1460 si
1223 1433 1356 1460 fratribus
1370 1435 1592 1469 praenominatae
1606 1445 1652 1461 ec-

128 1485 228 1512 etesiae
240 1483 359 1519 aliquem
373 1483 424 1509 nisi
439 1483 538 1508 fratres
553 1481 596 1508 vel
608 1481 758 1508 servientes
769 1490 834 1507 suos
845 1490 930 1516 supra
941 1479 1095 1516 praefatum
1107 1491 1203 1508 nemus
1217 1481 1319 1518 eligere
1333 1482 1479 1517 placuerit,
1493 1483 1519 1508 in
1535 1481 1653 1509 foresto—

129 1541 188 1559 rem
201 1531 304 1567 eligere
322 1539 364 1556 me
381 1529 503 1556 debebit.
520 1529 592 1555 Haec
604 1533 696 1555 autem
714 1528 805 1554 omnia
823 1528 896 1563 apud
910 1527 1000 1554 Fon-est
1015 1530 1226 1565 recognovimus
1241 1533 1269 1555 et
1282 1529 1449 1564 appensione
1465 1529 1546 1566 sigilli
1566 1531 1652 1556 nostri

129 1578 330 1606 roboravimus.
344 1576 373 1604 S.
389 1576 536 1602 Franconis
549 1575 619 1611 Lupi
631 1587 637 1610 3
652 1576 761 1612 signum
774 1575 889 1602 walteri
902 1575 978 1612 Rony
987 1587 998 1606 ;
1009 1575 1037 1602 S.
1053 1575 1194 1603 Godesridi
1207 1576 1241 1602 de
1252 1575 1322 1610 Hal,
1338 1582 1365 1603 et
1376 1577 1424 1603 filii
1438 1577 1480 1603 sui
1491 1576 1649 1612 Godesridi5

131 1625 161 1653 S.
176 1626 293 1660 Timeri;
308 1624 337 1652 S.
354 1624 509 1660 presbyteri
522 1623 556 1650 de
575 1623 650 1650 Περί.

1162 1680 1271 1712 Original
1281 1699 1287 1711 ,
1298 1688 1367 1705 sceau
1379 1680 1476 1704 detruit.

825 1980 979 2014 LXVIII.

135 2061 288 2110 Erasme
312 2077 354 2110 de
380 2076 496 2110 θαι-νε
521 2075 636 2109 donne
657 2074 681 2109 ἀ
701 2076 859 2122 l'abbaye
887 2075 923 2109 la
948 2075 1042 2110 dime
1063 2076 1105 2110 de
1128 2088 1179 2110 ses
1201 2076 1298 2110 biens
1318 2074 1342 2109 ἀ
1367 2076 1586 2111 ὶιὲάελ-θνλκε,
1604 2098 1652 2103 --

792 2134 1002 2168 Lmnssxmuuz.

790 2331 806 2351 Α
822 2328 1014 2358 Ninove71195.

175 2409 248 2435 Razo
261 2408 295 2435 de
305 2408 423 2441 (iavet-a,
438 2409 567 2444 pincerna
578 2408 722 2435 flandriae
732 2429 738 2441 ‚
751 2409 878 2435 omnibus
889 2409 941 2436 hoc
949 2409 1082 2444 scriptum
1096 2408 1208 2435 lecturis
1221 2408 1337 2435 salutem
1348 2408 1375 2434 in
1387 2408 1512 2434 salutari.
1525 2409 1654 2436 Noverint

93 2476 98 2482 .
139 2465 233 2482 omnes
246 2456 370 2482 moderni
383 2461 410 2482 et
428 2456 531 2491 posteri
542 2477 549 2488 ⁷
566 2455 641 2491 quod
654 2465 705 2491 pro
720 2456 850 2483 molestiis
862 2461 890 2482 et
906 2456 1037 2492 gravibus
1051 2456 1156 2482 damnis
1170 2464 1241 2491 quae
1260 2455 1397 2482 Ninivensi
1410 2455 1540 2482 ecclesiae
1553 2456 1650 2488 intuli,

137 2503 220 2530 talem
232 2512 282 2530 con
288 2503 346 2530 sero
359 2504 552 2530 satisfactionis
559 2505 838 2539 recompensationem
849 2514 856 2530 :
869 2509 954 2531 totam
965 2503 1096 2530 decimam
1109 2503 1144 2530 de
1152 2502 1302 2530 Lidekerca
1315 2504 1424 2530 interra
1434 2503 1542 2537 arabili,
1554 2509 1656 2530 sartata
