2137 3131
416 373 486 406 ων.)
921 346 924 353 “
1028 358 1315 395 APPENDICES.

1092 476 1240 511 CCXXI.

425 569 465 601 Le
482 566 635 610 Ampio-e
653 562 693 594 (le
712 559 890 593 illem-belae
908 562 1024 590 atteste
1047 556 1161 601 qu'mc
1179 554 1328 601 delimo-qe
1349 554 1390 587 de
1415 559 1524 586 terres
1544 565 1566 585 a
1581 564 1626 586 eu
1644 552 1714 585 lieu
1730 557 1828 585 entre
1844 551 1926 585 l'ab-

466 625 548 668 lause
566 626 596 654 e!
614 620 659 652 les
677 616 789 663 si-dres
813 616 853 649 dc
871 614 1064 655 Scalclzem,
1085 625 1160 646 avae
1177 612 1373 646 comle'tions
1397 609 1591 657 empri‘me'es
1613 609 1704 643 dans
1729 609 1764 643 la
1789 609 1920 644 charte.

466 702 509 707 ——
533 680 703 713 Wotrurz.

1029 820 1045 842 Α
1065 817 1189 842 Mccrbcke
1200 836 1205 847 ⁷
1227 818 1298 841 1256.

455 899 462 923 l
479 896 590 922 uiwrsis
601 898 768 930 praesentem
783 892 906 927 pagiuam
921 890 1084 925 inspecturis
1094 910 1100 920 ,
1113 889 1305 915 canonicorum
1315 889 1349 914 de
1363 887 1508 914 Meerbeka
1519 887 1670 922 capitulum
1681 888 1839 914 universum
1854 887 1928 914 salu-

417 952 467 971 tem
488 945 513 969 iu
528 943 644 968 onmium
666 941 815 966 Salvatorc.
833 937 1007 964 l'niversitati
1023 942 1129 963 vestrae
1146 936 1337 971 praesentibus
1352 936 1520 966 innotescat,
1537 935 1612 971 quod
1627 940 1779 961 conventus
1795 935 1926 961 ecclesiae

418 990 577 1020 Niuiveusis,
591 987 730 1014 commodo
745 991 854 1012 mutuae
866 985 989 1010 utilitatis
1002 988 1128 1019 pensato,
1141 984 1167 1009 in
1179 988 1271 1009 nostra
1283 983 1437 1018 praesentia
1447 988 1474 1008 ct
1482 982 1599 1009 aliorum
1609 982 1750 1008 voluntate
1764 982 1885 1008 unanimi
1899 987 1927 1009 et.

415 1046 545 1064 consensu
556 1057 562 1064 ,
579 1035 696 1061 Joliauni
707 1037 733 1059 et
749 1032 896 1062 Willelmo,
906 1031 1063 1059 fratribus,
1076 1030 1155 1056 dictis
1166 1030 1200 1056 de
1212 1029 1365 1064 Scalchem,
1380 1030 1518 1056 dederunt
1532 1030 1559 1055 in
1572 1029 1760 1056 concambium
1772 1029 1828 1055 duo
1841 1029 1926 1056 bona>

416 1085 453 1110 ria
467 1090 555 1110 terrae
568 1081 676 1108 arabilis
687 1101 694 1112 ‚
714 1089 809 1115 parum
828 1079 889 1114 plus
905 1078 947 1104 vel
964 1078 1051 1103 minus
1061 1077 1195 1111 ,jacentis
1209 1077 1306 1112 partim
1316 1077 1395 1110 juxta
1409 1086 1532 1102 mansum
1550 1077 1673 1111 ejusdem
1687 1080 1838 1102 conventus
1852 1076 1925 1112 apud

416 1131 548 1157 Scalclwm
559 1135 585 1155 et
599 1129 695 1164 partim
705 1128 782 1161 juxta
792 1127 860 1153 viam
874 1126 975 1161 regiam
987 1146 994 1156 ,
1005 1134 1075 1161 quae
1084 1125 1158 1151 ducit
1173 1125 1206 1151 de
1218 1125 1242 1150 u
1252 1125 1301 1150 inti
1311 1124 1344 1150 ad
1356 1124 1537 1157 Merbeccam,
1552 1134 1648 1150 versus
1662 1123 1847 1150 molendinum
1859 1133 1926 1150 ven-

418 1185 503 1205 tosum
518 1178 550 1203 de
567 1176 648 1201 Winti
659 1196 665 1207 ‚
683 1185 732 1211 pro
746 1175 868 1209 quinque
883 1172 1006 1198 dietariis
1019 1177 1046 1198 et
1061 1172 1156 1208 viginti
1170 1172 1254 1207 virgis
1268 1172 1339 1207 prati
1353 1171 1395 1197 vcl
1412 1181 1444 1198 eo
1459 1172 1568 1197 circiter
1579 1192 1585 1200 ,
1598 1171 1803 1205 jacentisjuxta
1815 1176 1925 1206 pratum

416 1226 501 1251 dictae
513 1224 640 1250 ecclesiae
653 1222 816 1252 Niuiveusis,
832 1219 905 1255 quod
920 1219 1020 1245 dicitur
1029 1218 1218 1252 Str-1'1Imer.s·clt;
1234 1218 1307 1254 quod
1322 1223 1431 1253 pratum
1445 1218 1509 1244 dicti
1523 1218 1621 1244 fratres
1635 1217 1774 1244 Johaunes
1785 1222 1812 1244 et
1827 1218 1850 1243 u
1861 1217 1928 1244 illel-

419 1282 475 1298 mus
489 1272 573 1297 eidem
588 1269 732 1296 conventui
744 1278 792 1303 pro
804 1267 874 1293 dicta
890 1271 962 1292 terra
976 1275 1066 1292 coram
1079 1266 1195 1292 scabinis
1203 1265 1237 1291 de
1247 1265 1400 1298 Merheeca,
1411 1270 1438 1291 et
1449 1265 1508 1291 aliis
1517 1265 1633 1291 testibus
1644 1265 1698 1291 fide
1709 1265 1798 1301 dignis
1811 1264 1926 1292 inferius

418 1319 577 1347 subnotatis,
590 1317 685 1343 adhoc
699 1317 724 1342 iu
734 1314 916 1341 testimonium
926 1313 1027 1339 adictis
1042 1313 1166 1348 partibus
1179 1312 1298 1338 evocatis
1308 1312 1414 1346 judicio
1427 1312 1563 1338 dictorum
1577 1312 1750 1338 scabinorum
1765 1312 1886 1348 legitime
1900 1318 1928 1339 et

417 1366 563 1391 secuudum
579 1367 660 1390 ritum
675 1369 700 1388 et
715 1363 799 1398 legem
816 1362 920 1397 patriae
934 1360 1111 1387 contulerunt
1121 1361 1186 1394 jure
1200 1359 1384 1386 haereditario
1399 1359 1603 1395 possidendum.
1619 1360 1737 1395 Recepta
1751 1370 1763 1385 a
1777 1360 1850 1386 dicto
1862 1369 1927 1386 cou-

419 1418 499 1439 veutu
515 1412 592 1438 modo
611 1410 688 1437 simili
702 1410 772 1435 dicta
786 1414 873 1441 terra,
889 1408 1023 1443 siquidem
1037 1408 1166 1433 adhibitis
1179 1406 1318 1433 hincinde
1331 1416 1415 1442 super
1430 1407 1588 1442 praelibatis
1602 1407 1729 1433 omuibus
1747 1407 1926 1440 adhibendis,

419 1461 481 1486 dicti
493 1460 589 1485 iratres
597 1458 734 1484 Jolianues
744 1462 770 1483 et
780 1457 805 1482 u
816 1456 932 1482 illelmus
942 1455 1034 1481 adhoc
1044 1465 1072 1481 se
1083 1456 1155 1490 ipsos
1163 1454 1326 1481 conditionis
1337 1455 1446 1480 nomine
1454 1454 1626 1490 obligarunt,
1639 1455 1712 1490 quod
1721 1455 1844 1480 semitam
1853 1454 1927 1481 illam

418 1517 487 1543 quac
500 1507 598 1532 dicitur
613 1506 732 1540 Μαιψαί7
746 1504 907 1539 dirigentem
920 1503 952 1528 ad
966 1512 1064 1537 aquam
1077 1503 1126 1528 rivi
1137 1502 1214 1535 juxta
1229 1511 1352 1527 mansum
1366 1501 1535 1536 praedictum
1548 1502 1685 1527 currentis
1699 1501 1733 1528 de
1747 1511 1839 1528 manso
1848 1512 1931 1538 prae-

418 1556 490 1581 dicto
501 1553 563 1579 dicti
577 1556 724 1578 conventus
737 1560 785 1586 per
800 1550 897 1576 dictam
913 1555 1012 1575 terram
1023 1549 1096 1575 dicto
1111 1558 1203 1574 manso
1214 1549 1370 1584 contiguam
1385 1548 1410 1574 in
1425 1548 1585 1574 concambio
1596 1548 1634 1574 sic
1650 1553 1795 1581 mutatam,
1808 1550 1931 1585 quoties-

417 1610 533 1636 cumque
547 1606 572 1626 et
588 1601 612 1625 iu
628 1600 844 1634 quibuscumque
859 1598 1046 1623 necessitatem
1058 1597 1205 1622 habuerint
1218 1601 1370 1622 conventus
1386 1601 1551 1621 memoratus
1565 1605 1613 1622 seu
1629 1596 1820 1630 mansionarii,
1836 1598 1883 1632 qui
1898 1607 1931 1624 ex

420 1654 494 1683 parte
510 1649 592 1683 ipsius
605 1647 703 1672 ibidem
718 1655 819 1671 moram
834 1645 962 1677 fecerint,
978 1645 1050 1671 dicto
1064 1645 1212 1670 couventui
1226 1644 1268 1670 vel
1283 1644 1353 1673 suisq
1369 1649 1399 1669 ut
1413 1644 1517 1669 dictum
1533 1649 1574 1669 est
1588 1644 1716 1679 superius
1726 1665 1733 1677 ,
1749 1644 1927 1672 exhibebunt.

422 1696 577 1721 Yiametiam
588 1703 635 1729 per
644 1694 740 1719 dictam
751 1698 850 1719 terram
858 1692 930 1718 dicto
940 1702 1032 1718 manso
1040 1693 1195 1727 contiguam
1205 1691 1273 1717 adeo
1281 1691 1373 1724 latam,
1384 1691 1457 1726 quod
1467 1700 1566 1717 currus
1574 1692 1659 1726 possit
1668 1701 1717 1726 per
1724 1701 1782 1718 eam
1790 1693 1931 1719 commode

421 1743 583 1777 pertransire
594 1761 601 1773 ,
621 1740 845 1776 quotiescumque
864 1739 999 1775 agricolae
1013 1739 1078 1765 dicti
1092 1743 1243 1765 conventus
1256 1738 1390 1774 reliquam
1407 1743 1507 1764 terram
1521 1747 1603 1773 quam
1617 1738 1717 1765 ibidem
1731 1739 1838 1766 obtinet
1859 1739 1930 1766 idem

420 1794 568 1815 conventus
578 1789 686 1814 firmare
696 1787 736 1813 vel
749 1787 801 1813 alio
813 1787 892 1813 modo
905 1787 1049 1813 meliorare
1061 1786 1210 1819 voluerint,
1221 1786 1285 1812 dicti
1295 1786 1394 1812 fratres
1405 1785 1544 1812 Johannes
1554 1791 1580 1812 et
1590 1787 1617 1812 vt
1626 1786 1754 1819 illelmus,
1766 1787 1830 1813 dum
1842 1792 1931 1814 tamen

419 1838 510 1863 eadem
526 1842 596 1862 terra
609 1837 728 1871 ipsorum
743 1835 875 1861 terraneis
887 1834 1022 1861 fructibus
1037 1840 1065 1860 et
1078 1844 1131 1861 non
1146 1834 1273 1861 serotinis
1286 1839 1385 1860 onusta
1397 1843 1451 1860 non
1466 1834 1560 1867 suerit,
1576 1834 1650 1861 dicto
1662 1836 1810 1861 conventui
1822 1835 1863 1862 vel
1876 1836 1933 1862 suis

419 1884 578 1915 deliberare7
594 1888 622 1908 ut
633 1883 734 1908 dictum
746 1887 800 1913 est,
813 1882 916 1917 absque
928 1882 982 1908 nlla
994 1883 1128 1908 calumnia
1138 1882 1319 1914 tenebuntur,
1335 1882 1385 1908 hoc
1394 1881 1570 1908 nihilominus
1581 1883 1713 1908 attentius
1725 1884 1846 1917 proviso,
1856 1883 1932 1918 qnod

419 1932 481 1957 dicti
495 1931 591 1956 fratres
606 1930 744 1956 Johannes
758 1935 785 1955 et
802 1929 951 1955 Willelmus
964 1930 1062 1956 dictam
1082 1935 1182 1956 terram
1198 1939 1247 1965 per
1259 1930 1447 1955 concambium
1462 1930 1623 1965 acquisitam
1637 1929 1719 1956 sulcis
1734 1930 1835 1957 eisdem
1850 1935 1877 1957 et
1890 1940 1933 1958 se-

421 1979 514 2003 mentis
527 1977 567 2003 vel
579 1977 710 2003 similibus
723 1976 852 2002 extollere
866 1976 1017 2009 debebunt,
1032 1977 1133 2012 quibus
1148 1986 1163 2002 a
1177 1977 1251 2003 dicto
1265 1981 1401 2003 conventu
1417 1976 1459 2002 vel
1473 1977 1529 2002 suis
1543 1975 1675 2003 hactenns
1689 1982 1731 2003 est
1742 1977 1850 2004 exculta
1861 1999 1868 2011 ‚
1883 1988 1934 2005 nec

420 2025 534 2060 aliquam
549 2024 625 2050 aliam
638 2024 748 2049 sormam
763 2023 868 2049 colendi
883 2024 982 2050 dictam
997 2029 1097 2050 terram
1110 2025 1160 2050 sibi
1175 2029 1313 2050 assument
1330 2023 1394 2050 dicti
1410 2023 1510 2050 fratres
1524 2034 1594 2060 quae
1609 2024 1824 2051 meliorationem
1840 2031 1932 2052 terrae

420 2073 506 2098 dictus
520 2077 669 2097 conventus
683 2070 840 2106 praelibati,
858 2071 928 2096 sicut
941 2071 1044 2097 dictum
1057 2077 1098 2097 est
1108 2093 1114 2102 ,
1130 2071 1272 2097 retardare
1287 2071 1374 2097 valeat
1388 2071 1429 2097 vel
1442 2071 1617 2107 aliquatenus
1630 2072 1774 2107 impedire.
1790 2073 1825 2099 Ut
1840 2079 1932 2100 autem

423 2121 485 2146 {iaec
500 2121 575 2145 lirma
589 2125 614 2145 et
626 2118 782 2144 inconvulsa
796 2119 821 2144 in
835 2124 973 2153 posterum
987 2124 1177 2154 perseverent,
1193 2119 1227 2144 ad
1241 2128 1335 2154 preces
1350 2119 1468 2154 partium
1478 2119 1682 2154 praedictorum
1692 2139 1700 2151 ‚
1713 2129 1784 2155 quae
1798 2120 1825 2146 in
1839 2125 1932 2146 nostra

423 2167 571 2201 praeseutia
583 2171 642 2192 acta
656 2165 768 2191 suerunt
781 2166 906 2191 universa
918 2186 924 2196 ,
940 2166 1028 2202 sigillo
1039 2166 1151 2201 capituli
1164 2166 1250 2192 nostri
1263 2166 1426 2192 munivimus
1440 2175 1569 2201 praesens
1582 2166 1726 2202 scriptum.
1739 2167 1834 2193 Testes
1848 2167 1937 2203 Syge-

423 2223 468 2239 rus
479 2235 485 2245 ⁷
506 2213 675 2243 scolasticus,
700 2218 725 2238 et
739 2213 878 2239 ,lohannes
892 2213 926 2239 de
944 2213 1114 2247 Yolenbeka3
1135 2213 1287 2240 Willelmus
1299 2235 1305 2246 ‚
1324 2213 1458 2248 plebanus
1471 2234 1478 2245 ‚
1495 2214 1628 2240 Henricus
1640 2235 1646 2243 ,
1661 2214 1820 2250 capellanus
1831 2235 1838 2247 ,
1853 2224 1937 2241 cano-

423 2261 473 2287 nici
490 2261 522 2286 de
542 2261 697 2295 Mcrbeeca3
718 2260 872 2291 Waherus,
892 2260 998 2287 villicus
1014 2261 1183 2290 abbatissae.
1203 2261 1292 2287 dictus
1312 2260 1419 2291 Storm;
1437 2261 1576 2287 XValterus
1593 2261 1627 2287 de
1647 2261 1753 2294 Monte,
1774 2261 1936 2297 Arnulphus

427 2308 522 2333 [fenne
532 2328 539 2341 ,
556 2307 691 2333 Walterus
706 2308 776 2333 ll'ert
785 2329 791 2340 7
807 2308 927 2343 Sygerns
940 2308 1100 2344 Spi'lferman
1111 2330 1117 2339 ,
1132 2309 1271 2335 Gerardus
1283 2309 1454 2341 Ri‘vecoman,
1473 2308 1559 2334 David
1571 2309 1604 2334 de
1616 2309 1700 2335 Ponte
1711 2329 1718 2340 ‚
1731 2308 1833 2335 scabini
1846 2309 1935 2335 dictae

424 2355 518 2387 villae3
542 2355 610 2380 Raso
634 2355 666 2380 de
690 2354 772 2385 Rost5
796 2355 947 2382 Willelmus
967 2356 1000 2382 de
1023 2356 1190 2382 Volenbelxa.
1214 2357 1310 2383 Actum
1329 2356 1401 2391 apud
1423 2355 1552 2382 merbeka
1572 2357 1598 2382 in
1619 2357 1706 2390 atrio,
1731 2366 1802 2382 anno
1828 2356 1937 2382 Domini

426 2401 546 2427 itthLIY
560 2422 566 2429 ,
584 2411 672 2427 mense
686 2402 779 2437 Aprili.

1476 2441 1584 2471 Originnl
1595 2460 1600 2467 ,
1616 2449 1683 2465 secan
1698 2441 1786 2465 enteve‘.

1136 2504 1199 2515 l
