2137 3131
473 382 545 418 4324

646 488 714 523 350

644 781 714 816 3:35

645 1075 714 1111 360

652 1368 722 1403 365

652 1660 721 1695 370

657 2248 725 2284 380

812 378 986 414 ‹JORPUS
1012 374 1343 411 CHRONICORUM
1371 373 1637 408 FLANDRIAE.

742 488 808 521 Cor
826 487 955 520 habere
973 484 1081 518 debes
1099 495 1240 517 sursum
1260 483 1295 516 in
1315 482 1469 515 aethera.

741 546 879 579 Caduca
898 550 1082 578 transeunt
1099 549 1133 576 et
1152 548 1278 576 cuncta
1297 553 1476 587 prospera.

743 605 892 637 Mortem
912 615 983 636 non
1001 601 1151 635 evadent
1169 601 1323 634 viventes
1342 612 1474 633 revera.

742 663 860 696 Status
879 673 1023 695 securus
1042 667 1091 694 est
1111 659 1210 706 quod
1229 665 1267 692 tu
1285 658 1330 691 sis
1352 658 1533 691 subditus.

742 723 829 755 Nam
850 721 919 754 vita
939 720 1053 754 brevis
1072 726 1124 753 est
1142 725 1177 752 et
1195 718 1307 751 exitus
1327 717 1435 759 citus,

741 781 781 814 Et
801 779 995 813 necessario
1013 779 1129 811 veniet
1146 777 1335 814 transitus:

744 840 781 873 ln
801 839 898 872 brevi
916 849 1056 883 semper
1073 844 1125 870 est
1143 843 1305 870 mortuus
1323 835 1466 868 oblitus.

744 898 862 932 Status
881 897 1054 939 securior,
1072 895 1208 941 judicio
1228 907 1307 928 meo
1320 921 1328 928 .

744 958 801 991 Est
820 955 918 1003 quod
936 955 1100 989 subditus
1118 955 1163 988 sit
1180 954 1289 988 homo
1307 965 1447 999 semper
1467 953 1558 993 Deo.3

742 1016 840 1050 Fides
860 1016 896 1049 in
915 1027 1022 1060 opere
1040 1025 1190 1060 spesque
1209 1014 1253 1047 sit
1271 1013 1307 1046 in
1327 1024 1389 1054 eo7

741 1076 830 1109 Nam
850 1075 942 1108 Deus
961 1073 1122 1121 indulget
1139 1071 1334 1118 poenitenti
1353 1083 1425 1105 reo.

745 1134 783 1167 ln
806 1133 873 1165 fine
891 1131 1035 1165 laudare
1056 1132 1169 1164 Deum
1187 1130 1375 1167 consuevi:

745 1190 956 1225 Benedictus
975 1191 1088 1233 Deus7
1110 1188 1209 1235 quod
1228 1201 1294 1236 ego
1313 1187 1486 1233 complevi

749 1250 833 1283 Tres
851 1261 961 1283 annos
979 1247 1178 1294 praedictos
1196 1248 1232 1281 in
1248 1254 1408 1293 tempore
1428 1244 1542 1280 brevi!

748 1309 885 1343 Austcri
904 1308 1037 1353 populo
1057 1307 1203 1340 fuerunt
1220 1313 1255 1339 et
1272 1305 1377 1339 saevi.

750 1368 941 1413 Nunquam
961 1366 1028 1399 fuit
1047 1366 1118 1399 visa
1136 1371 1232 1398 tanta
1250 1363 1440 1398 correctio,

749 1427 839 1467 Quia
858 1425 1075 1459 Judaeorum
1093 1425 1161 1458 fuit
1182 1423 1397 1465 destructio„

750 1487 791 1519 Et
808 1485 1067 1531 poenitentium
1086 1482 1246 1516 miranda
1265 1482 1371 1523 visio³

747 1543 817 1585 Qui
835 1556 870 1576 se
889 1542 1124 1576 cruentabant
1141 1540 1312 1589 sanguine
1332 1539 1490 1585 proprio.

746 1601 938 1636 Mortalitas
956 1600 1024 1634 fuit
1043 1600 1195 1633 multum
1213 1597 1385 1646 generalis
1399 1624 1407 1632 .

748 1662 796 1694 Ac
815 1672 878 1706 per
894 1666 1011 1693 totum
1030 1657 1208 1692 mundum
1226 1657 1275 1691 sic
1297 1655 1502 1690 universalis
1514 1682 1522 1697 7

750 1719 857 1761 Quod
876 1731 894 1752 a
912 1718 1111 1752 viventibus
1130 1729 1202 1751 non
1221 1723 1272 1750 est
1290 1716 1361 1749 visa
1381 1715 1468 1748 talis.

751 1778 807 1812 Sic
826 1778 997 1825 castigare
1015 1777 1080 1810 scit
1095 1775 1205 1821 judex
1222 1774 1443 1808 immortalis.

751 1837 837 1880 Sed,
860 1849 880 1870 o
899 1837 991 1870 bone
1008 1834 1110 1869 Jesu!
1135 1835 1198 1881 qui
1217 1846 1280 1868 nos
1296 1833 1494 1871 redemisti,

751 1896 793 1929 Et
811 1907 876 1942 pro
895 1894 1058 1928 fidelibus
1076 1893 1249 1928 salvandis
1266 1892 1391 1926 venisti
1405 1919 1413 1935 Ἰ

754 1957 869 2001 Atque
887 1953 1113 1987 credentibus
1131 1965 1282 2001 regnum
1300 1950 1491 1998 promisisti
1505 1977 1513 1993 ,

752 2012 913 2047 Concede
931 2012 1030 2059 quod
1048 2019 1166 2046 tecum
1185 2017 1335 2060 regnent
1353 2022 1476 2044 omnes
1494 2010 1564 2043 isti.

752 2072 793 2105 Et
810 2083 875 2119 ego
893 2078 1058 2117 peccator
1075 2071 1137 2118 qui
1155 2071 1234 2117 plus
1252 2069 1414 2117 indigeo,

751 2132 938 2165 Poenitens
951 2158 959 2174 a
981 2131 1153 2165 confitens
1170 2130 1235 2164 tibi
1255 2130 1327 2163 Deo
1347 2140 1426 2162 meo
1440 2155 1448 2171 ⁷

752 2192 929 2237 Deprecor
946 2191 1085 2224 veniam
1102 2189 1178 2223 dari
1195 2189 1284 2223 mihi
1303 2200 1363 2222 reo
1379 2215 1387 2231 ,

753 2250 843 2292 Quia
858 2249 1036 2296 judicium
1055 2249 1221 2283 ultimum
1240 2248 1363 2281 timeo.

754 2309 896 2344 Cunctis
914 2309 1114 2343 christianis
1132 2308 1195 2355 qui
1213 2313 1334 2354 petent
1352 2306 1490 2339 veniam

756 2369 797 2402 Et
815 2369 877 2415 qui
894 2368 1131 2414 poenitebunt
1144 2379 1208 2413 per
1224 2373 1323 2400 tuam
1342 2365 1491 2413 gratiam
1507 2391 1515 2407 7

756 2427 812 2462 Sic
830 2427 1093 2474 poenitentibus
1110 2427 1237 2474 largire
1255 2426 1403 2475 gloriam
1417 2451 1425 2467 ,

756 2487 801 2520 Ut
818 2486 863 2521 ad
881 2493 915 2520 te
934 2498 1016 2520 cum
1035 2486 1104 2528 eis,
1125 2497 1146 2518 o
1164 2483 1265 2518 Jesu!
1290 2485 1443 2518 veniam.
