2137 3131
405 371 471 406 172
738 364 913 401 CORPUS
939 361 1268 397 CHRONICORUM
1299 361 1494 396 FLANDRI
1502 362 1567 395 AB.

404 486 575 526 perpetuo
592 477 723 509 solvere
741 474 924 508 annuatim
944 473 1087 519 triginta
1107 469 1212 504 libras
1241 469 1503 503 Turonensium
1528 469 1563 502 in
1582 468 1724 502 duobus
1749 470 1916 502 terminis.

454 538 519 572 Poi-
538 533 713 582 praedicta
732 538 877 578 apparet
889 559 898 574 7
920 537 1095 577 quantum
1114 528 1241 562 nobilis
1260 535 1311 561 est
1329 528 1449 561 civitas
1465 527 1711 560 Tornaccnsis.
1735 527 1817 573 quia
1836 529 1924 562 citra

407 597 553 630 fluvium
579 591 721 625 Scaidae
744 597 796 624 est
821 591 946 623 situata
969 588 1063 622 dicta
1084 587 1204 621 civitas
1226 587 1261 619 in
1289 585 1456 632 pendulo.
1489 586 1585 619 Ultra
1608 584 1743 619 dictum
1774 584 1922 619 fluvium

407 653 563 688 videlicet
586 649 752 695 parochia
776 648 810 682 S.
836 648 955 682 Brictii
977 648 1105 692 hom-09
1132 644 1350 677 nominatur.
1376 644 1465 677 Item
1484 644 1651 689 parochia
1677 642 1711 676 S.
1735 643 1868 677 Nicolai
1887 643 1924 676 in

408 712 531 746 Brulco
554 721 635 742 cum
656 714 769 741 castro
790 713 823 740 et
848 705 1062 753 appenditiis
1080 702 1268 751 praedictis
1290 709 1436 736 vocatur
1457 709 1624 736 castrum.
1650 702 1737 735 Item
1756 701 1925 747 parochia

406 772 438 803 S.
457 768 627 803 Johannis
647 766 691 800 ad
711 765 849 800 Calidos
869 766 1002 799 Furnos
1021 776 1102 798 cum
1121 760 1335 808 appenditiis
1353 773 1467 807 usque
1486 760 1531 794 ad
1549 760 1698 794 fluvium
1715 761 1793 794 villa
1808 760 1926 793 nomi-

405 834 521 861 natur.
552 826 591 859 In
616 825 805 872 praedictis
827 825 911 858 loci's
932 829 1032 857 erant
1052 821 1209 855 diversae
1227 819 1487 853 dominationes
1506 826 1540 853 et
1559 819 1736 865 justitiae.
1763 826 1802 853 ut
1821 830 1925 865 prae-

405 886 550 919 missum
573 891 643 927 est.
672 896 768 917 nunc
793 889 911 916 autem
938 894 1002 928 per
1026 880 1087 914 Dei
1111 879 1261 927 gratiam
1284 885 1318 911 ct
1342 891 1404 924 per
1429 878 1559 912 civium
1584 877 1793 912 industriam
1821 885 1927 925 atque

405 945 684 993 gubernatorum
706 941 824 975 onmia
845 946 929 973 sunt
953 939 1053 973 unita
1078 944 1111 971 et
1138 937 1269 971 civitati
1295 937 1480 983 applicata.
1507 937 1546 970 Et
1571 937 1676 970 etiam
1700 936 1744 970 de
1769 936 1924 979 fossatis.

406 1003 449 1037 de
467 1001 577 1035 muris
596 1006 631 1033 et
649 999 825 1041 turribus,
846 998 1012 1031 nobiliter
1030 1003 1147 1030 totum
1166 996 1202 1028 in
1221 995 1373 1029 circuitu
1391 1001 1473 1028 sunt
1493 994 1680 1028 fortificata
1697 994 1741 1028 ad
1760 995 1929 1041 repellen-

407 1062 470 1095 dos
489 1072 611 1094 omnes
630 1059 791 1092 inimicos
804 1085 812 1101 τ
834 1064 869 1091 et
888 1056 987 1103 quod
1006 1055 1194 1089 auxiliante
1212 1054 1284 1087 Deo
1304 1059 1339 1086 et
1356 1053 1458 1086 beata
1472 1053 1615 1100 Virgine
1633 1054 1928 1100 quotiescumque

408 1120 513 1154 fuerit
537 1117 772 1152 necessarium
794 1123 827 1150 et
850 1122 1113 1162 opportunum.
1136 1113 1269 1159 possint
1293 1111 1453 1145 resistere
1473 1111 1639 1145 omnibus
1663 1123 1788 1145 nocere
1809 1111 1931 1145 volen-

411 1170 503 1213 tibus
521 1178 665 1212 civitati.

457 1237 536 1271 Vidi
555 1243 674 1270 autem
693 1243 727 1269 et
744 1236 912 1269 testificor
930 1234 1029 1281 quod
1047 1241 1237 1280 antequam
1254 1233 1379 1265 fierent
1392 1238 1525 1273 turres.
1547 1230 1640 1264 muri
1655 1237 1689 1264 et
1705 1230 1824 1264 fossati
1839 1231 1932 1265 circa

409 1296 558 1330 fluvium
580 1293 724 1328 Scaldae
742 1300 775 1327 et
794 1294 885 1327 ultra
899 1320 907 1336 -,
933 1292 1033 1339 quod
1055 1299 1152 1325 tanta
1174 1290 1396 1337 tranquilitas
1419 1295 1510 1331 erat,
1536 1288 1635 1335 quod
1653 1289 1749 1322 omni
1772 1296 1932 1335 tempore

411 1363 483 1389 tam
502 1354 546 1388 de
565 1353 621 1387 die
640 1365 747 1399 quam
762 1351 806 1385 de
823 1358 926 1385 nocte
945 1351 1087 1385 exibant
1105 1356 1138 1384 et
1158 1349 1335 1382 intrabant
1352 1354 1424 1381 tam
1440 1345 1574 1393 pedites
1593 1359 1701 1393 quam
1716 1347 1853 1394 equites
1868 1359 1934 1380 nec

411 1414 527 1459 aliqua
542 1418 644 1458 porta
664 1417 737 1444 erat
751 1410 951 1444 obfirmata.
971 1408 1029 1442 sed
1045 1414 1165 1454 aperta
1185 1406 1394 1440 exeuntibus
1412 1411 1447 1438 et
1463 1405 1688 1438 intrantibus.
1711 1405 1751 1438 Et
1769 1405 1796 1438 si
1816 1406 1933 1452 aliqua

412 1483 562 1519 persona
581 1469 804 1503 occideretur
826 1466 1102 1514 quoquomodo..
1126 1472 1199 1499 tota
1224 1465 1344 1499 civitas
1371 1470 1406 1497 et
1426 1469 1522 1497 totus
1540 1463 1693 1509 populus
1716 1464 1929 1507 mirabatur.

413 1537 447 1565 et
465 1536 539 1564 erat
559 1529 685 1571 timor3
708 1527 882 1561 tumultus
901 1533 934 1560 et
957 1538 1121 1559 murmur
1142 1525 1309 1558 multum.
1337 1523 1377 1556 Et
1399 1521 1555 1569 quodam
1578 1528 1738 1568 tempore
1761 1530 1935 1557 venerunt

414 1601 520 1631 nova,
537 1587 635 1634 quod
651 1599 710 1620 rex
724 1585 949 1620 ‚alemanniae
963 1585 1082 1618 venire
1096 1595 1216 1617 versus
1232 1582 1432 1615 Tornacuu]
1448 1580 1690 1625 proponebat.
1711 1587 1746 1614 et
1763 1587 1849 1615 tunc
1862 1581 1934 1616 vidi

414 1649 527 1682 facere
548 1647 677 1680 fossata
696 1645 788 1679 ultra
810 1643 969 1678 Scaldan]
988 1643 1025 1676 in
1043 1642 1078 1676 F
1077 1642 1174 1675 olm's.

465 1708 565 1740 Anno
592 1703 760 1746 MCCXC7
787 1703 877 1736 cives
901 1708 935 1735 et
957 1701 1018 1734 filii
1045 1701 1175 1734 civium
1202 1697 1507 1733 concordaverunt
1531 1695 1722 1730 rotundam
1754 1696 1932 1738 tabulam,

415 1765 577 1799 videlicet
590 1763 719 1796 festum
734 1762 843 1795 trium
858 1760 997 1794 dicrum
1008 1787 1017 1803 7
1034 1766 1069 1793 et
1081 1759 1099 1793 J
1103 1759 1281 1793 ohannem
1296 1757 1427 1805 Pagani
1438 1756 1475 1789 in
1485 1767 1590 1789 suun]
1604 1767 1722 1803 regem
1738 1755 1933 1803 elegerunt.

466 1826 566 1857 Anno
587 1820 799 1863 MCCXCIV‚
822 1820 890 1853 fuit
907 1818 1138 1852 fortificatum
1160 1815 1401 1850 he1-ef1·iduu1¹
1417 1815 1638 1848 Tornacense
1651 1840 1659 1856 7
1681 1819 1715 1846 et
1733 1819 1829 1847 extra
1850 1814 1938 1848 civi-

416 1889 524 1916 tatem
544 1893 634 1914 nova
648 1879 754 1913 turris
773 1877 955 1911 aedificata
973 1888 1039 1922 pro
1053 1875 1198 1921 justitiis
1217 1873 1398 1908 faciendis.

465 1942 567 1974 Anno
592 1936 786 1979 MCCXCV.
816 1936 962 1969 fuerunt
983 1934 1115 1980 incepti
1142 1933 1253 1975 muri.
1278 1939 1394 1966 turres
1419 1937 1451 1964 et
1476 1931 1622 1974 fossata,
1647 1937 1682 1964 et
1703 1937 1776 1964 erat
1801 1930 1938 1966 diversa

417 2000 537 2046 opinio
551 1997 596 2031 de
611 2002 805 2037 structura;
827 1994 971 2028 tandem
991 1993 1057 2027 fuit
1076 1991 1331 2026 concordatum
1343 2018 1351 2033 -.
1373 1989 1472 2037 quod
1492 1990 1634 2033 fierent,
1655 1990 1717 2024 ubi
1741 2002 1837 2024 nunc
1855 1997 1939 2024 sunt

418 2072 436 2092 a
455 2064 557 2104 porta
577 2055 611 2089 S.
635 2055 776 2089 Martini
793 2052 1034 2088 continuando
1054 2064 1167 2098 usque
1187 2050 1232 2085 ad
1253 2051 1377 2084 fratres
1397 2050 1550 2083 minores
1571 2061 1677 2095 supra
1699 2048 1872 2083 Scaldam.
1898 2050 1941 2083 Et

419 2118 600 2162 inceptum
619 2114 688 2148 fuit
703 2125 792 2159 opus
809 2113 896 2146 feria
915 2112 1040 2159 quinta
1057 2117 1136 2157 post
1156 2110 1270 2143 natale
1291 2109 1450 2151 Domini7
1475 2115 1509 2142 et
1525 2108 1594 2142 fuit
1610 2114 1723 2142 totum
1741 2108 1940 2154 perfectum

419 2176 510 2209 infra
529 2186 675 2208 annum.
703 2173 743 2206 Et
760 2179 847 2206 tunc
870 2172 982 2206 factae
1000 2177 1083 2204 sunt
1105 2176 1248 2204 catenae
1275 2175 1309 2202 et
1328 2169 1460 2214 positae
1484 2168 1520 2201 in
1546 2167 1629 2201 vicis
1655 2167 1810 2213 ubique,
1839 2173 1880 2201 ut
1903 2167 1942 2201 in

421 2234 624 2267 necessitate
641 2230 885 2265 tenderentur.

469 2293 568 2324 Anno
588 2289 783 2332 MCCXCV,
803 2289 939 2334 accepit
957 2300 1016 2322 rex
1034 2287 1199 2321 Franciae
1218 2284 1428 2320 sententiam
1447 2283 1492 2318 de
1515 2283 1774 2318 habitatoribus
1793 2284 1943 2318 civitatis

425 2349 665 2382 Tornacensis.

468 2478 473 2495 ¹
499 2478 608 2514 Beffmf.
