2137 3131
408 385 477 419 114
1017 375 1304 410 PROOEMIUM.

408 505 471 526 suo
490 492 561 525 filio
582 502 644 523 nos
664 492 900 534 repraesentet
917 491 952 518 et
966 485 1000 518 in
1020 484 1194 529 praesenti
1213 483 1387 529 opusculo
1405 483 1449 516 sit
1467 481 1633 528 adjutrix.
1655 480 1743 515 Cum
1763 495 1802 516 ea
1817 483 1920 516 etiam

409 560 575 605 adjuvent
588 570 650 591 nos
668 556 830 589 omnium
844 561 1047 588 sanctorum
1063 552 1208 594 merita3
1226 564 1316 599 quos
1329 552 1472 598 propria
1487 550 1685 597 impediunt
1702 551 1830 585 scelera
1843 578 1851 594 7
1869 564 1923 584 ex-

411 635 504 662 cuset
522 625 733 667 intercessim
753 630 894 658 accusat
905 634 994 669 quos
1008 621 1110 655 aetio.
1129 621 1171 654 Et
1184 621 1245 667 qui
1260 621 1309 655 eis
1322 621 1450 655 tribuit
1463 620 1621 655 coelestis
1632 620 1785 666 palmam
1801 619 1924 652 trium-

411 697 490 742 phiq
516 695 617 728 nobis
635 693 773 727 veniam
793 704 864 726 non
883 691 1035 738 deneget
1060 689 1212 736 peccati,
1238 695 1279 722 ut
1301 688 1347 723 ad
1369 701 1493 723 eorum
1518 689 1701 735 pervenire
1725 699 1926 721 mereamur

411 763 623 797 societatem.
643 761 754 794 Tanta
769 760 863 794 enim
878 766 930 793 est
942 758 1094 801 offensa,
1110 763 1265 803 quantus
1279 763 1331 790 est
1344 757 1400 790 ille
1414 757 1476 803 qui
1494 756 1704 790 offenditur:
1722 763 1757 789 et
1771 768 1927 789 momen-
1963 770 1970 774 ·

412 838 553 863 laneum
567 829 665 875 quod
675 828 826 862 delectat
841 834 875 861 et
889 833 1075 860 aeternum
1089 824 1187 871 quod
1201 824 1348 858 cruciat.
1366 823 1546 870 Scriptum
1559 831 1611 858 est
1624 825 1729 858 etiam
1739 823 1837 870 quod
1852 836 1927 869 per-

409 898 542 931 cutitur
560 897 626 930 hac
645 895 947 929 animadversione
961 899 1139 939 peccator,
1160 899 1201 926 ut
1218 892 1372 926 moriens
1391 892 1618 926 obliviscatur
1635 893 1707 933 sui,
1729 892 1790 938 qui
1810 892 1928 925 vivens

410 965 538 999 oblitus
557 970 609 997 est
623 963 697 996 Dei.
716 962 804 996 Nam
819 962 882 1008 qui
898 959 1096 994 remedium
1115 960 1252 993 animae
1270 971 1353 993 suae
1372 958 1460 993 dum
1480 959 1597 1005 potuit
1610 971 1779 1005 quaerere
1795 959 1925 1003 noluit7

410 1033 561 1067 dubium
575 1038 627 1065 est
640 1038 680 1065 ut
694 1043 776 1065 cum
786 1030 937 1064 voluerit
947 1036 1126 1063 mereatur
1135 1028 1307 1074 accipere.
1324 1027 1546 1062 Intendimus
1560 1028 1653 1061 enim
1668 1028 1704 1061 in
1719 1028 1787 1061 hoc
1801 1040 1907 1074 opere
1919 1055 1926 1070 ‚

410 1103 446 1135 in
466 1102 638 1135 honorem
658 1099 838 1133 Trinitatis
856 1106 890 1132 et
909 1099 1109 1145 profectum
1129 1097 1353 1139 futurorum,
1377 1103 1447 1130 tres
1465 1102 1634 1130 tractatus
1651 1095 1828 1129 ordinare.
1851 1096 1930 1129 Pri-

412 1182 510 1203 mum
529 1169 574 1203 de
590 1169 644 1202 his
659 1180 750 1214 quae
770 1167 990 1213 temporibus
1003 1166 1132 1200 nostris
1151 1172 1232 1199 ante
1251 1165 1513 1211 promotionem
1528 1170 1684 1197 nostram
1703 1170 1738 1197 et
1752 1170 1831 1209 post
1850 1175 1931 1196 eve-

412 1244 552 1271 nerunt.
577 1235 781 1270 Secundum
800 1242 990 1269 tractatum
1010 1234 1054 1268 de
1073 1232 1391 1267 consuetudinibus
1405 1245 1493 1279 quas
1510 1232 1709 1266 invenimus
1727 1238 1759 1265 et
1780 1230 1932 1265 vidimus

413 1312 448 1339 et
466 1317 557 1352 quae
574 1304 706 1338 debent
720 1303 843 1337 teneri.
876 1303 1035 1336 Tertium
1053 1307 1243 1335 tractatum
1259 1299 1303 1334 de
1324 1301 1462 1348 guerris
1480 1306 1514 1334 et
1533 1299 1652 1334 multis
1672 1298 1909 1333 incidentibus
1922 1326 1929 1338 .,

414 1374 457 1407 de
476 1374 607 1420 quibus
626 1372 813 1407 recolimus
825 1398 834 1415 7
855 1378 962 1417 prout
980 1370 1105 1404 melius
1123 1369 1331 1415 poterimus.

1004 1850 1143 1872 EXPLICIT
1168 1851 1356 1872 PROOEMIUM.
