2137 3131
431 367 500 401 91ss
1034 354 1321 390 APPENDICES.

433 478 579 499 [amomum
599 471 648 496 viri
663 467 825 495 venerabilis
844 465 944 492 domini
959 463 1068 490 Ostonis
1083 462 1117 488 de
1140 462 1310 498 Traseqnies,
1327 462 1393 488 dicti
1411 461 1565 493 Avunculi,
1583 460 1730 496 diligenter
1746 459 1901 486 ordinatum
1917 465 1945 486 et

431 519 575 555 sigillatum
589 516 681 551 sigillis
702 513 896 540 venerabilium
909 511 1030 537 virorum
1044 509 1145 535 domini
1161 509 1276 534 Walteri
1287 530 1293 539 ,
1314 508 1452 544 quondam
1470 508 1564 534 decani
1579 507 1612 534 de
1627 507 1683 533 llal
1696 512 1723 533 et
1735 507 1858 543 magistri
1872 506 1943 533 Wit-

432 566 501 592 lclmi
510 586 516 593 ,
529 562 663 599 quondam
674 559 826 597 presbytcri
838 556 1000 594 paroehialis
1010 556 1043 582 de
1055 555 1176 587 IIeriues,
1186 555 1211 581 in
1225 555 1292 582 hacc
1302 555 1385 581 verba
1399 565 1406 581 ;
1421 555 1557 580 Universis
1565 558 1718 590 praesentes
1727 554 1829 580 litteras
1841 554 1943 589 inspec-

433 613 508 645 lurisy
530 611 583 641 ΙΙᾏ,
601 609 716 634 demnas
729 607 759 632 (Ie
774 606 822 632 llal
833 626 839 635 ,
857 609 880 631 et
898 605 1022 640 mayt'sler
1039 603 1093 633 W.‚
1111 601 1246 638 presbyter
1261 602 1426 638 parochialis
1440 602 1471 627 de
1490 601 1604 628 llerines
1615 622 1621 633 ,
1641 601 1752 628 salutem
1773 602 1801 626 in
1815 600 1939 627 Domino.

433 659 549 684 Not-erit.
565 661 612 682 etc.
630 655 698 687 (voir
711 654 735 679 la
750 652 824 688 pii-ce
838 650 966 686 marquee
979 656 1008 675 n⁰
1018 649 1150 681 CLXIII).
1167 650 1266 675 Actum
1281 649 1356 685 apud
1364 649 1562 684 Wedergrete.,
1579 658 1648 674 mmo
1659 648 1772 674 Domini
1783 647 1941 682 MCCXIII,

432 707 458 730 in
473 705 513 730 die
527 704 594 729 beati
608 702 754 728 Clenwnti's.
767 700 796 725 ln
809 699 887 732 cujus
898 698 937 723 rei
949 697 1132 723 testimonium
1146 701 1172 722 et
1185 697 1321 722 munimen
1334 701 1492 731 praesentes
1502 695 1608 721 litteras
1620 695 1710 731 sigillo
1724 700 1819 721 nostro
1834 703 1942 721 necnon

431 758 456 779 et
475 751 567 787 sigillis
584 748 778 775 venerabilium
799 747 936 776 virorum,
958 744 1084 770 videlicet
1102 743 1235 769 Johannis
1253 743 1319 770 dicti
1335 743 1430 775 Canis,
1452 743 1575 769 canonici
1598 742 1801 778 Magliniensis,
1823 741 1943 768 officialis
1979 776 1982 777 ⁷

431 798 532 825 foranei
546 796 645 823 domiui
658 794 869 824 Cameracensis,
886 792 988 818 domini
998 790 1133 822 Nicholai,
1148 790 1245 816 decani
1255 790 1288 816 de
1302 790 1371 823 Hal,
1387 795 1413 816 et
1429 790 1532 816 domini
1543 789 1676 816 Johannis
1686 811 1692 822 ‚
1707 789 1803 815 decani
1818 789 1852 815 de
1866 788 1942 815 Hou-

431 848 513 879 them,
529 845 575 880 qui
589 847 746 879 praesentes
762 841 868 866 litteras
882 840 951 865 sicut
963 844 991 864 et
1008 847 1057 864 nos
1072 837 1180 874 plenius
1196 839 1392 874 inspexerunt,
1413 837 1540 863 duximus
1557 836 1738 863 roborandas.
1757 836 1856 862 Datum
1871 845 1942 862 anno

432 892 535 918 Domini
548 888 717 920 MCCLYIH,
733 887 799 914 seria
816 886 895 913 tertia
909 890 969 921 post
987 884 1076 911 Oculi.

1379 941 1487 973 Original
1497 959 1503 971 a
1515 949 1600 965 sccaux
1611 949 1640 965 en
1652 941 1699 965 circ
1711 940 1795 965 tii-une.

1158 1012 1225 1024 ΙΙ

1091 1193 1288 1228 ccxxvll.

431 1286 538 1327 Jean,
567 1286 654 1319 ablu!
675 1286 715 1319 (le
741 1284 965 1328 Pre‘monmf,
993 1283 1109 1318 (le'oz'cle
1136 1296 1185 1316 un
1204 1280 1328 1329 proces
1344 1282 1507 1328 pendant
1536 1288 1632 1316 entre
1657 1282 1703 1316 les
1728 1283 1880 1329 ahhayes
1902 1282 1942 1316 de

479 1344 612 1378 [liuore
631 1350 662 1377 et
680 1344 720 1377 de
740 1342 1088 1390 Bomze-Espe'ranee
1101 1368 1111 1384 ‚
1135 1354 1179 1374 en
1197 1339 1390 1374 aecordant
1404 1338 1427 1374 ἀ
1445 1340 1573 1374 celle-ci
1585 1340 1619 1374 la
1636 1338 1731 1374 clime
1752 1340 1811 1374 des
1833 1346 1942 1375 terres

478 1416 518 1437 en
538 1403 642 1450 libye>
659 1402 781 1436 situe'es
798 1400 819 1435 (ὶ
838 1401 980 1447 Scneffie.
997 1401 1256 1434 —Rzffinisfflr

1145 1579 1218 1602 1258.

467 1662 504 1693 J.‚
518 1661 566 1687 Dei
578 1663 707 1697 patientia
720 1662 803 1688 abbas
819 1662 1095 1688 Praemonstratensis
1105 1682 1111 1694 ,
1126 1660 1262 1687 universis
1276 1665 1435 1695 praesentes
1445 1660 1552 1686 litteras
1564 1661 1665 1687 visuris
1678 1681 1684 1692 7
1697 1669 1863 1696 cognoscere
1873 1662 1945 1688 veri·

430 1713 521 1734 tatem.
538 1709 647 1734 Noverit
663 1709 826 1735 universitas
840 1714 930 1735 vestra
941 1729 947 1739 ‚
962 1708 1037 1744 quod
1050 1717 1111 1734 cum
1125 1708 1198 1734 inter
1211 1707 1351 1733 ecclesiam
1363 1707 1535 1734 Ninivensem
1549 1717 1581 1733 ex
1589 1717 1645 1734 una
1655 1713 1750 1743 parte,
1764 1713 1792 1734 et
1802 1708 1943 1735 ecclesiam

431 1755 595 1791 Bonae-Spei
609 1766 640 1782 ex
652 1756 752 1789 altera,
768 1757 891 1792 quaestio
903 1761 1058 1783 verteretur
1070 1765 1154 1790 super
1164 1755 1268 1781 decima
1283 1755 1392 1781 circiter
1408 1755 1617 1790 quatuordecim
1631 1755 1674 1781 vel
1689 1755 1845 1790 quindecim
1859 1755 1946 1782 bona-

429 1804 531 1828 riorum
547 1808 636 1829 terrae
651 1814 783 1830 novorum
800 1810 936 1831 sartorum
948 1826 954 1836 ‚
976 1805 1002 1830 in
1022 1803 1152 1839 parochia
1167 1803 1200 1828 de
1215 1802 1328 1829 seneffia
1348 1803 1556 1829 consistentium
1569 1824 1575 1834 ⁷
1597 1802 1795 1838 pertinentium
1809 1802 1844 1829 ad
1858 1802 1946 1829 eccle—

430 1851 493 1875 siam
509 1850 692 1878 Ninivensem.
710 1851 817 1878 tandem
831 1851 865 1877 de
878 1851 1014 1878 communi
1028 1860 1162 1877 consensu
1177 1850 1330 1876 Ninivensis
1343 1855 1371 1876 et
1384 1849 1551 1885 Bonae-Spei
1570 1850 1699 1876 abbatum
1715 1854 1742 1876 et
1758 1854 1943 1876 conventuum

430 1897 584 1923 eorumdem
593 1918 599 1929 ‚
616 1898 641 1923 in
654 1898 704 1924 hoc
716 1904 919 1931 convenerunt,
932 1898 1005 1934 quod
1019 1898 1133 1924 ecclesia
1146 1897 1300 1923 Ninivensis
1314 1897 1401 1923 solvet
1412 1897 1501 1923 dictae
1515 1897 1646 1923 ecclesiae
1660 1896 1828 1932 Bonae-Spei
1843 1906 1945 1923 annua—

431 1944 476 1969 tim
485 1965 491 1973 ,
508 1945 613 1970 nomine
626 1944 744 1971 decimae
756 1945 891 1971 dictorum
904 1951 1040 1972 sartorum
1052 1965 1058 1977 ‚
1075 1945 1180 1970 ratione
1189 1944 1261 1977 juris
1274 1943 1437 1979 parochialis
1448 1943 1578 1970 ecclesiae
1590 1944 1624 1970 de
1638 1943 1766 1976 seneffia,
1782 1944 1946 1979 pertinentis

431 1989 462 2014 ad
477 1990 616 2016 ecclesiam
634 1991 735 2018 Bonae·
747 1991 823 2027 Spei,
841 2002 886 2018 sex
905 1992 1008 2018 modios
1023 1991 1161 2017 medietati
1178 1991 1250 2017 bladi
1268 1996 1295 2017 et
1310 1991 1448 2017 medietati
1461 2001 1563 2018 avenae
1573 2012 1580 2019 ,
1601 1991 1661 2025 ejus
1676 1991 1750 2017 bladi
1763 1991 1812 2026 qui
1827 1993 1947 2018 creverit

430 2037 456 2061 in
472 2036 541 2062 dicta
556 2042 627 2063 terra
637 2058 643 2070 ,
658 2047 758 2063 avenae
777 2038 810 2064 ad
826 2048 981 2065 mensuram
997 2038 1174 2064 nivellensem
1188 2038 1260 2064 inter
1275 2037 1373 2064 festum
1387 2038 1460 2064 beati
1474 2038 1589 2074 Remigii
1602 2043 1630 2064 et
1646 2043 1805 2074 sequentem
1821 2039 1944 2074 proximo

432 2082 535 2108 Domini
550 2084 731 2113 nativitatem,
751 2085 881 2120 quamdiu
895 2086 955 2112 laici
970 2085 1058 2112 coloni
1076 2085 1200 2111 excolent
1215 2085 1288 2111 dicta
1306 2090 1379 2110 sarta
1397 2090 1425 2111 et
1443 2095 1497 2111 non
1512 2085 1638 2121 amplius.
1655 2086 1734 2121 Quod
1748 2085 1770 2111 si
1789 2087 1863 2113 dicta
1877 2097 1945 2123 qua-

433 2130 580 2155 tuordecim
594 2131 634 2156 vel
650 2131 803 2166 quindecim
821 2132 933 2158 bonaria
951 2137 1040 2158 terrae
1052 2131 1174 2168 legitime
1188 2137 1343 2158 mensurata
1358 2131 1420 2167 plus
1434 2133 1576 2162 continent
1588 2132 1631 2159 vel
1644 2134 1733 2159 minus
1746 2143 1829 2169 quam
1842 2134 1945 2161 dictum

431 2181 470 2202 est
481 2197 487 2204 ,
501 2177 571 2202 dicta
583 2182 655 2203 sarta
669 2178 730 2212 plus
744 2178 785 2204 vel
798 2179 886 2205 minus
899 2179 1006 2206 solvere
1021 2184 1161 2211 tenentur⁷
1177 2178 1292 2205 ecclesia
1309 2178 1462 2205 Ninivensis
1482 2189 1532 2214 pro
1544 2179 1649 2206 decima
1661 2180 1742 2206 dictis
1754 2180 1924 2217 Bonae-Spei
1937 2203 1943 2212 ,

431 2224 577 2249 secundum
589 2224 662 2259 quod
675 2225 736 2260 plus
749 2225 791 2252 vel
805 2227 893 2252 minus
906 2227 940 2253 de
953 2232 1026 2253 terra
1042 2231 1142 2252 sartata
1160 2226 1333 2261 contingeret
1347 2226 1463 2252 inveniri
1474 2248 1481 2258 ‚
1498 2232 1525 2253 et
1539 2236 1588 2253 nos
1601 2227 1690 2253 dictae
1706 2228 1896 2264 compositioni
1909 2228 1944 2255 ad

431 2272 585 2305 petitionem
602 2272 734 2298 dictarum
750 2274 867 2308 partium
885 2279 1009 2300 nostrum
1028 2274 1205 2309 praebuimus
1225 2283 1382 2305 assensum,
1403 2274 1502 2300 dictam
1523 2275 1747 2310 compositionem
1765 2276 1894 2311 scriptam
1917 2281 1946 2302 et

431 2318 517 2353 sigillo
532 2325 623 2345 nostro
636 2320 790 2346 roboratam
804 2322 916 2357 utrique
930 2322 1001 2357 parti
1019 2322 1046 2347 in
1060 2322 1245 2347 testimonium
1259 2326 1286 2347 et
1300 2320 1535 2348 confirmationem
1553 2322 1745 2349 concedentes.
1762 2322 1859 2350 Actum
1872 2333 1944 2350 anno

434 2364 536 2391 Domini
554 2365 721 2399 MCCLYIH,
736 2366 802 2394 seria
814 2373 888 2395 sexta
903 2373 965 2395 ante
980 2368 1078 2394 festum
1093 2368 1233 2395 Barnabae
1244 2389 1250 2400 ,
1266 2368 1400 2403 apostoli,
1418 2369 1444 2395 in
1458 2369 1572 2396 ecclesia
1585 2369 1614 2396 S.
1628 2369 1754 2396 Foitlaui.

1490 2435 1599 2467 Original
1606 2454 1612 2463 ,
1626 2442 1694 2460 sceau
1705 2435 1790 2466 pei-du.

1128 2496 1200 2506 l
