2137 3131
494 415 565 450 670
833 412 1009 447 CORPUS
1035 410 1365 446 CHRONICORUM
1393 410 1658 445 FLANDRIAE.

497 523 647 557 matibus
671 520 768 567 regni
789 526 933 565 propter
956 518 1230 551 imbecillitatem
1252 517 1481 563 repudiatur,
1504 524 1539 551 et
1558 517 1744 561 Arnulfus,
1766 518 1858 552 filius
1880 519 2002 553 karlo-

496 580 613 615 manni
635 579 743 625 regis7
762 577 936 611 fratruelis
952 576 1026 622 ejus
1038 603 1046 618 a
1069 577 1105 609 in
1124 588 1274 623 regnum
1289 577 1511 610 sublimatur.
1533 575 1706 610 Adrianus
1721 589 1810 622 papa
1829 578 2004 623 praesidet

494 639 592 673 annis
608 638 738 680 tribus⁷
760 643 839 682 post
856 649 963 682 quem
984 635 1129 668 Basilius
1147 635 1183 668 in
1201 634 1416 681 quibusdam
1436 635 1532 669 libris
1550 635 1706 681 ponitur.

542 697 641 730 Anno
652 695 850 738 DCCCXCI„
861 695 1028 728 Arnnlfus
1037 695 1186 740 imperat
1196 693 1385 727 duodecim
1396 695 1509 727 annis.
1522 694 1668 728 karolus
1677 701 1795 728 autem
1806 694 1999 741 depositus.

493 767 571 788 cum
587 754 690 787 etiam
708 753 907 786 necessariis
921 752 1112 799 indigeret.
1131 752 1231 785 fiscos
1246 752 1275 785 ei
1291 752 1460 786 Arnulfus
1474 752 1509 785 in
1525 753 1728 786 Alemannia
1738 752 1924 801 delegavit,
1940 754 2002 800 qui

491 812 649 858 sequenti
660 824 752 845 anno
766 818 926 845 mortuus
941 818 1003 845 est.
1023 811 1167 858 Legitur
1180 811 1216 844 in
1228 811 1405 857 aliquibus
1416 811 1592 844 chronicis
1604 812 1792 857 imperasse
1803 819 1882 857 post
1891 812 2002 846 Karo-

492 871 563 904 lum
584 870 726 904 Calvum
739 897 748 913 7
770 870 861 903 filius
875 869 949 914 ejus
965 869 1174 903 Lodowicus
1188 896 1196 912 a
1221 875 1300 914 post
1319 868 1548 902 Lodowicum
1572 869 1717 903 karolus
1739 870 1892 916 Simplex
1910 870 2002 904 filius

490 929 659 969 11011101*ἰίἻ
678 941 696 962 a
711 940 783 974 quo
798 927 1042 975 Lotharingia7
1060 934 1094 960 et
1107 933 1186 973 post
1200 927 1314 972 ipsum
1332 927 1514 960 Arnulfus.
1533 928 1667 971 Franci,
1684 928 1843 976 neglecto
1860 929 1999 972 karolo,

489 987 560 1020 filio
587 986 764 1020 Lodowici
788 986 901 1028 Balbi7
933 986 987 1019 vix
1014 985 1180 1028 decenni7
1207 997 1325 1032 regem
1354 985 1420 1018 sibi
1449 986 1659 1031 praeficiunt
1681 986 1843 1020 Odonem
1856 1013 1865 1029 ,
1888 987 2001 1021 filium

490 1045 629 1080 Rodulfi
643 1072 651 1087 7
676 1044 776 1078 ducis
794 1044 1103 1091 Burgundionum.
1126 1043 1205 1078 Odo
1232 1055 1290 1076 rex
1314 1044 1447 1087 Dauos,
1468 1044 1529 1090 qui
1551 1056 1657 1090 super
1677 1045 1832 1078 Axonam
1851 1044 2000 1079 fluvium

490 1104 741 1147 consederant‚
763 1103 854 1138 bello
873 1103 966 1137 vicit.
992 1103 1140 1137 Sanctus
1158 1101 1342 1136 Uldaricus
1360 1103 1396 1135 in
1416 1103 1572 1137 Baioaria
1592 1104 1758 1137 nascitur.
1778 1103 1904 1137 Odone
1919 1116 2000 1152 rege

488 1164 524 1197 in
535 1163 722 1209 Aquitania
737 1162 961 1205 demorantea
980 1162 1099 1195 Franci
1115 1162 1280 1195 Karolum
1296 1160 1542 1203 duodennem.
1561 1161 1739 1195 Lodowici
1756 1162 1852 1195 Balbi
1865 1162 1977 1196 filium
1989 1189 1997 1204 ,

488 1223 652 1256 invocant
665 1228 700 1255 et
713 1234 732 1255 a
748 1221 898 1255 Fulcone
912 1221 1175 1266 archiepiscopo
1193 1220 1354 1254 Remensi
1369 1219 1529 1254 benedici
1544 1221 1679 1254 faciunt
1691 1247 1699 1263 a
1715 1227 1749 1254 et
1763 1221 1877 1254 oritur
1894 1221 1999 1269 longa

488 1280 701 1315 concertatio
715 1281 806 1313 inter
822 1280 938 1326 ipsum
952 1286 986 1313 et
1000 1279 1176 1313 Odonem.
1194 1279 1394 1325 Stephanus
1414 1292 1502 1325 papa
1516 1279 1691 1325 praesidet
1704 1280 1804 1313 annis
1822 1280 1995 1327 quinque.

487 1339 634 1373 Sanctus
650 1338 892 1381 Sintherotus,
915 1338 1117 1386 Maguntiae
1135 1337 1438 1384 archiepiscopus,
1460 1351 1479 1371 a
1499 1339 1604 1372 Danis
1624 1339 1818 1381 cruciatus7
1844 1339 1998 1386 glorioso

487 1399 655 1444 martyrio
669 1404 947 1431 consummatur.
966 1398 1012 1430 Ex
1026 1397 1094 1431 hoc
1114 1409 1238 1430 manus
1259 1397 1397 1430 Domini
1417 1404 1539 1430 contra
1555 1398 1669 1431 Dauos
1684 1398 1775 1431 facta
1792 1403 1860 1439 est.
1883 1397 1997 1431 hostia

487 1457 596 1490 sancti
621 1457 685 1490 viri
710 1456 877 1502 placatus.
904 1456 1070 1490 Arnulfus
1088 1456 1300 1502 imperator,
1326 1455 1447 1489 audito
1474 1456 1572 1502 quod
1595 1457 1680 1489 Dani
1707 1468 1747 1489 ex
1774 1457 1844 1490 suis
1868 1456 1998 1490 multos

488 1515 732 1560 peremissent7
754 1521 876 1548 contra
890 1515 982 1561 ipsos
998 1526 1189 1560 properans
1203 1526 1244 1547 ex
1259 1514 1306 1547 eis
1320 1520 1453 1548 tantam
1473 1514 1636 1560 protrivit
1654 1513 1918 1547 multitudinem
1930 1540 1938 1556 ‚
1958 1519 1998 1547 ut

488 1575 541 1607 vix
559 1580 780 1619 superessent
793 1600 801 1616 7
821 1574 881 1619 qui
902 1573 946 1606 ad
965 1574 1108 1606 classem
1127 1572 1313 1606 adversum
1328 1573 1510 1620 negotium
1527 1573 1709 1605 referrent.
1734 1572 1847 1606 Berno
1861 1573 1897 1605 in
1912 1572 1998 1606 Bur-

487 1632 619 1681 gundia
633 1659 641 1675 7
670 1644 710 1665 ex
734 1632 861 1665 comite
880 1632 987 1664 abbas
1013 1631 1250 1678 Gigmacensis
1274 1630 1434 1664 coenobii
1456 1643 1475 1663 a
1497 1643 1532 1663 sc
1554 1630 1712 1673 fundati.
1740 1642 1781 1663 ex
1800 1629 1896 1664 dono
1914 1642 1996 1664 avae

486 1691 681 1725 comitissae
700 1690 895 1723 construxit
913 1689 1118 1722 Cluniacum
1138 1689 1350 1722 coenobium
1369 1689 1405 1722 in
1424 1688 1544 1722 cellam
1561 1688 1839 1736 Gigmacensem.

532 1750 634 1782 Anno
646 1749 786 1782 Domini
803 1748 941 1782 circiter
956 1747 1206 1782 DCCCXCVIII
1218 1774 1227 1791 7
1245 1748 1391 1781 karolus
1406 1760 1463 1781 rex
1476 1747 1651 1781 Tindeum
1662 1774 1670 1784 ,
1688 1759 1807 1795 regem
1819 1747 1995 1781 Norman-

486 1820 614 1843 norum
625 1835 633 1851 n
650 1808 818 1853 baptizari
828 1807 923 1850 fecit7
941 1819 1094 1853 eumque
1108 1806 1152 1841 de
1167 1819 1265 1840 sacro
1280 1807 1377 1840 fonte
1388 1806 1571 1853 (suscepit)
1585 1806 1661 1852 paci
1676 1807 1711 1839 in
1725 1807 1794 1840 hoc
1807 1813 1842 1840 et
1854 1806 1994 1839 utilitati

487 1869 700 1901 Francorum
711 1865 911 1911 providens.
925 1865 1169 1899 Zendebaldus
1179 1892 1187 1908 ‚
1206 1865 1340 1899 Arnulfi
1354 1877 1394 1898 ex
1409 1865 1607 1899 concubina
1617 1865 1726 1908 filius7
1742 1865 1782 1898 fit
1796 1877 1855 1898 rex
1869 1863 1996 1898 Lotha—

486 1925 620 1959 riensis.
638 1923 717 1958 Odo
736 1936 794 1957 rex
809 1924 973 1958 moritur.
992 1923 1070 1958 Odo
1086 1924 1241 1957 musicus
1255 1937 1295 1958 ex
1312 1924 1520 1957 scholastico
1536 1924 1732 1957 Turonensi
1747 1924 1787 1957 fit
1799 1924 1995 1958 monachus

485 1985 551 2018 sub
569 1984 729 2017 Bernone
748 1983 886 2017 abbate.
908 1983 1072 2026 karolus.v
1090 1989 1166 2016 toto
1186 1995 1295 2031 regno
1316 1984 1530 2016 Francorum
1549 1990 1731 2029 suscepto,
1754 1982 1912 2030 regnavit
1929 1995 1995 2016 an—

486 2043 537 2076 nis
554 2041 676 2076 XXVI.
695 2041 799 2088 Apud
815 2042 841 2075 T
845 2042 994 2075 riburias
1006 2069 1014 2084 ἦ
1036 2041 1192 2088 synodus
1206 2042 1405 2075 celebratur
1419 2048 1540 2076 contra
1556 2042 1660 2076 laicos
1673 2042 1734 2088 qui
1749 2042 1993 2076 auctoritatem

484 2100 715 2147 episcopalem
735 2100 919 2134 imminere
938 2101 1133 2134 tentabant.
1155 2101 1176 2134 F
1180 2112 1358 2143 ormosus„
1376 2101 1578 2134 portuensis
1594 2101 1779 2146 episcopus
1791 2127 1799 2141 .,
1820 2099 1996 2146 praesidet

485 2171 555 2193 uno
574 2171 685 2201 anno7
706 2158 758 2192 vel
773 2157 967 2192 secundum
983 2157 1175 2204 quosdam„
1196 2165 1351 2205 quatuor
1365 2165 1399 2192 ct
1411 2158 1573 2192 dimidio.
1590 2159 1653 2192 Hic
1667 2170 1747 2192 cum
1764 2158 1800 2192 in
1818 2158 1992 2192 sinistram

484 2218 686 2263 opinionem
705 2217 855 2251 venisset
873 2217 928 2262 viij
943 2244 951 2260 7
971 2217 1123 2250 ι1011311111
1142 2230 1252 2263 papae
1270 2218 1315 2251 ab
1333 2229 1374 2251 eo
1393 2230 1506 2264 usque
1519 2217 1564 2251 ad
1584 2218 1739 2251 laicalem
1754 2217 1916 2251 habitum
1934 2216 1993 2251 de-

483 2274 667 2322 111ῌά3105,
684 2275 816 2320 juravit
834 2287 869 2309 se
888 2287 959 2308 non
974 2275 1125 2321 amplius
1138 2275 1286 2309 Romam
1305 2276 1520 2309 intraturum
1533 2303 1541 2319 7
1562 2275 1624 2309 sed
1644 2276 1771 2309 laicum
1789 2287 1993 2321 permansu-

485 2346 576 2367 rum.
603 2333 672 2373 Qui
693 2340 772 2378 post
790 2346 809 2367 a
828 2333 979 2366 Martino
998 2345 1198 2367 successore
1218 2333 1388 2367 Johannis
1412 2335 1448 2367 in
1470 2334 1675 2380 episcopatu
1696 2334 1895 2377 restitutus,
1920 2346 1990 2368 non

483 2391 597 2424 solum
619 2391 765 2424 Romam
786 2392 946 2434 intravit7
967 2391 1029 2425 sed
1050 2392 1155 2426 etiam
1179 2392 1212 2425 in
1239 2404 1278 2426 ea
1293 2399 1460 2438 papatum
1488 2393 1630 2439 recepit.
1659 2393 1726 2426 lste
1745 2392 1934 2426 Arnulfum
1954 2392 1990 2426 in

484 2448 730 2494 imperatorem
749 2449 944 2494 benedixit,
965 2462 1045 2484 cum
1063 2450 1172 2484 Roma
1192 2457 1292 2497 capta
1308 2463 1435 2497 papam
1452 2452 1657 2497 injuriantes
1674 2451 1890 2485 decollasset.

532 2507 738 2542 Bonefacius
752 2520 842 2553 papa
857 2507 1032 2553 praesidet
1047 2508 1172 2542 diebus
1184 2509 1252 2554 xvj.
1273 2510 1439 2543 Arnulfus
1456 2510 1647 2556 imperator
1666 2508 1855 2543 W'idonem
1870 2521 1988 2556 regem
