2118 3184
762 408 903 443 APPEN
912 407 1049 454 DICES.
1593 408 1663 443 873

144 525 204 542 mus
211 522 237 542 et
249 517 282 542 ad
297 518 382 552 ipsam
390 517 543 552 pertinere.
558 522 588 543 ut
601 525 678 542 suam
688 515 801 542 liberam
815 515 1013 550 eleemosynam
1024 515 1186 551 profitemur
1195 536 1202 547 ,
1212 523 1283 551 quae
1296 515 1383 541 bonae
1397 515 1543 541 memoriae
1557 514 1644 540 Razzo
1656 535 1661 542 .

142 564 268 590 dominus
279 564 314 590 de
325 564 443 591 Gavera.
457 569 534 599 pater
545 564 596 589 mei
609 563 756 594 amonis,
770 562 932 595 jamdudum
948 563 973 588 iu
987 562 1185 597 eleemosynam
1203 562 1333 588 ecclesiae
1343 562 1455 588 donavit
1471 561 1569 588 eidem.
1585 562 1663 597 Quod

142 612 164 637 si
184 611 334 647 quidquam
352 611 386 638 de
407 612 505 639 terris,
528 611 613 646 pratis
630 610 670 636 vel
692 610 775 636 rebus
794 610 854 635 aliis
873 609 907 635 de
925 610 1025 645 quibus
1045 610 1177 645 praedicti
1196 615 1305 636 centum
1325 610 1404 636 solidi
1424 609 1491 637 solvi
1511 610 1613 636 debent
1630 610 1663 636 ad

139 658 223 684 alium
237 659 408 694 quempiam,
429 659 485 684 sive
495 658 561 692 jure
572 658 751 684 successionis
762 657 818 683 sive
829 657 952 692 quolibet
964 657 1016 683 alio
1030 657 1123 684 modo.
1137 656 1280 683 transferri
1299 658 1459 693 contigerit,
1477 656 1523 683 ille
1537 656 1571 683 ad
1582 666 1663 692 quem

139 705 184 732 illa
195 705 337 732 translatio
352 705 422 732 sacta
437 705 535 737 suerit,
551 705 701 731 secundum
716 705 898 740 quantitatem
913 704 952 730 rei
965 704 997 730 ad
1010 705 1097 739 ipsum
1108 704 1269 737 translatae,
1283 704 1371 731 solvet
1385 705 1524 740 praefatae
1535 704 1664 731 ecclesiae

140 753 174 779 de
189 752 308 780 denariis
320 754 378 779 istis
391 758 418 779 et
432 753 576 789 assignatis
589 753 708 778 debitam
726 753 890 788 portionem.
904 752 990 778 Porro
1006 752 1027 778 si
1042 752 1186 787 quisquam
1207 757 1370 778 memoratae
1385 752 1513 778 ecclesiae
1526 751 1598 778 infra
1611 757 1664 778 ter-

143 800 245 826 minum
259 801 387 836 superius
400 800 573 836 designatum
586 809 697 826 censum
710 809 789 826 suum
804 808 857 825 non
874 799 987 825 solverit
1000 820 1006 829 ,
1022 799 1152 825 ballivum
1165 804 1288 825 nostrum
1303 800 1336 826 de
1352 799 1504 826 Lidekerke
1515 808 1599 834 super
1613 799 1663 826 hac

140 846 255 873 ecelesia
269 847 417 874 admonere
431 847 556 879 debebit,
572 852 602 873 ut
615 847 648 872 ad
663 846 823 873 solvendum
836 847 859 872 ei
871 855 984 872 censum
999 846 1074 872 illum
1089 846 1259 873 detentorem
1271 846 1428 882 compellat;
1444 851 1471 872 et
1484 847 1506 873 si
1516 846 1587 872 infra
1601 851 1662 872 octo

141 893 200 920 dies
211 894 245 920 ab
254 894 440 920 admonitione
449 915 456 923 ,
467 894 489 920 si
504 894 574 920 sacta
584 894 635 920 hoo
650 894 738 920 facere
752 893 912 929 neglexerit,
925 892 1024 928 elapsis
1034 893 1136 919 eisdem
1145 898 1207 919 octo
1214 893 1311 919 diebus
1323 898 1376 919 tam
1385 902 1482 920 census
1492 893 1564 919 illius
1572 893 1664 920 deten-

141 946 228 968 torem
237 951 318 977 quam
330 941 459 968 ballivum
468 941 651 978 negligentem
664 950 809 977 quousque
817 940 917 967 solutio
930 941 953 966 ei
964 940 1033 967 sacta
1047 940 1143 971 suerit,
1160 941 1445 966 excommunicationis
1461 940 1570 967 vinculo
1584 940 1663 966 saciet

142 988 278 1014 innodari.
292 988 417 1025 Denique
430 989 452 1015 si
466 989 616 1024 quidquam
625 988 752 1015 derebus
763 988 829 1020 illis⁷
841 988 875 1013 de
889 988 989 1023 quibus
1000 987 1064 1014 dicti
1075 987 1179 1014 denarii
1194 993 1259 1013 suut
1272 988 1406 1019 solvendi,
1417 987 1449 1014 ad
1459 988 1540 1014 alium
1549 987 1665 1024 quemli-

143 1035 189 1061 bet
199 1035 257 1062 sire
266 1036 373 1062 ratione
382 1036 571 1067 successionis,
588 1036 644 1061 sive
657 1035 740 1067 dono,
756 1035 797 1061 vel
809 1034 932 1070 quolibet
940 1034 993 1060 alio
1005 1034 1085 1060 modo
1096 1034 1316 1060 transferendum
1327 1034 1410 1061 suerit
1420 1055 1427 1066 ‚
1441 1034 1557 1061 ballivus
1570 1040 1664 1061 noster

143 1083 178 1109 de
191 1082 344 1110 Lidekerke
355 1105 361 1115 ,
379 1093 428 1119 per
438 1093 518 1119 quem
534 1083 684 1110 secundum
699 1082 925 1109 consuetudinem
939 1081 1074 1108 hactenus
1089 1082 1261 1108 observatam
1276 1082 1328 1108 boc
1347 1081 1500 1108 faciendum
1519 1082 1587 1115 erit,
1603 1091 1665 1117 spe-

142 1129 238 1156 cialem
251 1131 377 1156 nuntium
388 1131 476 1157 dictae
486 1130 626 1162 ccclesiae,
639 1130 716 1156 illum
727 1129 831 1156 scilicet
841 1130 888 1164 qui
902 1134 966 1155 tunc
982 1129 1065 1155 suerit
1077 1129 1205 1164 magister
1217 1129 1320 1161 curiae,
1331 1138 1413 1164 quam
1427 1129 1499 1164 apud
1513 1129 1664 1155 Lidekerke

143 1177 227 1204 habet
244 1177 316 1204 dicta
330 1177 460 1207 ecclesia,
477 1178 612 1205 advocare
631 1177 758 1209 debebit,
778 1182 808 1203 ut
825 1176 863 1202 illi
882 1177 920 1202 rei
935 1176 1142 1202 transferendae
1159 1176 1215 1202 sive
1235 1185 1250 1202 a
1269 1185 1427 1202 successore
1440 1176 1623 1211 requirendae
1637 1177 1662 1202 in

145 1225 257 1260 propria
273 1234 390 1260 persona
405 1225 525 1252 intersit.
542 1225 605 1250 essi
620 1233 669 1259 per
681 1223 810 1250 ballivum
825 1228 948 1249 nostrum
963 1222 989 1248 id
1004 1223 1064 1249 fieri
1081 1223 1236 1258 contingat⁷
1253 1223 1350 1249 nuntio
1364 1222 1453 1249 dictae
1466 1223 1596 1249 ecclesiae
1609 1232 1663 1249 non

146 1276 257 1304 vocato,
273 1271 307 1298 ab
317 1271 411 1298 eodem
425 1271 525 1297 ballivo
539 1271 611 1297 dicta
622 1271 734 1297 ecclesia
746 1270 780 1296 de
794 1270 844 1296 hac
856 1270 955 1303 injuria
969 1270 1093 1305 requiret
1104 1269 1260 1301 emendam,
1274 1274 1302 1295 et
1315 1269 1337 1295 si
1348 1268 1419 1295 insra
1431 1274 1492 1296 octo
1503 1270 1561 1296 dies
1571 1270 1606 1296 ab
1617 1270 1665 1296 ad—

147 1319 295 1345 monitione
307 1318 358 1344 sibi
371 1318 441 1344 sacta
453 1327 469 1344 a
482 1318 605 1354 praefata
619 1318 732 1344 ecclesia
744 1317 885 1343 emendam
898 1317 970 1343 illam
985 1327 1038 1343 non
1051 1317 1230 1352 praestiterit,
1245 1321 1353 1343 extunc
1363 1316 1397 1342 ad
1409 1326 1467 1343 eam
1479 1322 1666 1352 competenter

147 1365 328 1392 exhibendam
342 1371 392 1400 per
404 1374 547 1391 censuram
561 1364 770 1391 ecclesiasticam
788 1365 889 1399 poterit
902 1363 1034 1390 coerceri.
1053 1363 1090 1389 L't
1107 1368 1197 1389 autem
1215 1362 1267 1389 hoc
1287 1363 1386 1389 tactum
1406 1368 1528 1390 nostrum
1539 1384 1545 1395 ,
1564 1369 1618 1390 tam
1632 1364 1666 1390 de

146 1413 317 1439 institutione
329 1412 500 1447 saepedictae
511 1411 677 1446 capellaniae
695 1421 776 1446 quam
791 1411 825 1437 de
843 1410 977 1436 beneficio
988 1410 1012 1436 ei
1026 1410 1163 1446 assignato
1173 1429 1180 1441 ‚
1192 1414 1282 1435 ratum
1297 1415 1324 1436 et
1336 1410 1445 1436 firmum
1459 1410 1485 1436 in
1501 1416 1664 1446 perpetuum

147 1462 323 1495 perseveret,
339 1467 469 1494 praesens
482 1458 615 1494 scriptum
630 1457 725 1494 sigillis
740 1457 840 1484 nostris
856 1457 1059 1489 roboravimus,
1074 1461 1100 1482 et
1112 1465 1197 1492 super
1211 1456 1357 1491 praedictis
1371 1456 1520 1492 perfectam
1533 1458 1667 1484 warandi-

146 1509 212 1534 siam
223 1507 431 1543 repromisimus
441 1506 527 1532 eidem
539 1505 668 1532 ecclesiae
678 1505 819 1541 perpetuis
831 1505 1001 1540 temporibus
1013 1504 1205 1530 exhibendam.
1217 1504 1314 1530 Actum
1326 1504 1399 1539 apud
1413 1504 1577 1537 Lidekerke⁷
1594 1514 1665 1531 anno

147 1555 252 1591 gratiae
263 1553 431 1581 MCCXXXII
446 1575 452 1585 ,
471 1563 562 1581 mense
574 1553 715 1580 Januario.

1007 1599 1116 1632 Original
1125 1617 1131 1622 .
1148 1605 1233 1622 sceaux
1246 1598 1373 1623 sortement
1386 1599 1566 1631 endommage'S.

863 1676 921 1686 ΙΙ

837 1865 969 1900 CLXX.

157 1968 310 2003 Gossuin
333 1967 374 2001 de
397 1966 645 2000 Schendelhelte
667 1973 700 2000 et
723 1978 786 2000 son
812 1967 934 2013 e'pouse
957 1965 1039 2000 Acla
1064 1965 1223 1999 clonnent
1245 1962 1269 1997 ά
1294 1964 1451 2010 l'abbaye
1476 1975 1546 1997 une
1570 1968 1668 1996 rente

201 2025 365 2060 annuelle
389 2025 430 2059 de
445 2030 570 2071 quatre
590 2024 655 2058 sols
677 2025 717 2058 de
743 2024 919 2067 Flandre,
944 2022 1176 2071 hypothe'que'e
1194 2034 1259 2056 sur
1276 2034 1346 2055 une
1361 2023 1480 2068 partie
1501 2021 1542 2054 de
1555 2020 1628 2067 pre'
1643 2019 1666 2054 ἁ

207 2084 423 2131 Ydenylaeem,
444 2089 476 2117 et
488 2083 543 2117 lui
557 2081 680 2117 cedent
694 2089 771 2117 tous
789 2083 883 2117 leurs
904 2083 1014 2117 droits
1033 2094 1099 2117 sur
1116 2081 1144 2115 le
1160 2080 1269 2115 meme
1277 2079 1356 2126 pre'.
1370 2079 1565 2114 -Lomszr

745 2268 774 2294 ‘A
785 2269 960 2295 Schendelbeke
969 2288 976 2300 ‚
987 2270 1060 2294 1232.

191 2343 247 2380 Ego
264 2342 414 2369 Gossuinus
427 2342 461 2368 de
479 2341 692 2375 Scendelbecca,
709 2347 736 2368 et
749 2351 801 2378 ego
813 2341 870 2368 Ada
882 2363 888 2375 ‚
905 2351 973 2368 uxor
986 2341 1062 2376 ejus,
1080 2345 1174 2367 notum
1189 2339 1302 2366 facimus
1315 2337 1506 2374 praesentibus
1522 2339 1626 2373 pariter
1641 2344 1668 2366 et

152 2390 267 2423 futuris⁷
281 2389 354 2425 quod
370 2389 405 2416 ob
419 2394 557 2416 aeternam
572 2389 686 2425 gloriam
701 2390 835 2416 efficacius
845 2388 1064 2425 consequendam
1075 2409 1082 2422 ‚
1095 2387 1261 2414 contulimus
1274 2385 1410 2412 Ninivensi
1423 2385 1587 2412 ecclesiaein
1601 2386 1669 2413 libe-

153 2447 210 2464 ram
228 2442 256 2463 et
269 2442 431 2472 perpetuam
450 2436 648 2472 eleemosynam
661 2442 780 2472 quatuor
794 2437 876 2463 libras
891 2436 1053 2462 flandrensis
1068 2440 1192 2461 monetae
1205 2434 1345 2460 annuatim
1359 2453 1366 2464 ‚
1381 2442 1452 2469 quae
1466 2432 1499 2458 ad
1513 2432 1669 2460 solemnita-

152 2489 206 2511 tem
226 2483 380 2520 paschalem
393 2483 507 2520 singulis
523 2484 601 2510 annis
616 2483 762 2510 solvuntur
774 2489 800 2510 et
814 2489 949 2519 perpetuo
960 2483 1136 2510 solvidebent
1152 2482 1186 2508 de
1196 2481 1305 2507 circiter
1317 2484 1437 2516 quatuor
1453 2480 1572 2506 bonariis
1584 2481 1666 2516 prati,

153 2531 227 2568 quod
242 2537 351 2568 pratum
368 2531 450 2557 situm
464 2536 505 2558 est
519 2531 546 2557 in
562 2531 691 2567 parochia
703 2531 738 2558 de
754 2531 921 2568 Ydeuyhem,
938 2530 971 2557 ad
986 2530 1076 2557 vicum
1093 2530 1140 2565 qui
1153 2528 1271 2564 Swifflaem
1283 2527 1419 2555 communi
1431 2526 1565 2554 vocabulo
1575 2528 1670 2563 appel-

281 2578 367 2612 Tou.
400 2578 445 2612 ΙΙ.
1479 2573 1546 2608 110
