2118 3184
765 390 1053 427 APPENDICES.
1593 394 1661 430 857

819 531 967 566 CXLIX.

142 628 294 663 Gossm‘n
318 631 359 664 de
372 630 619 666 Schendelbeke.
635 630 802 676 confirmo
817 631 852 664 la>
870 637 966 665 vente
981 632 1088 665 d’une
1106 638 1217 676 terre,
1233 636 1298 667 siae
1314 632 1337 667 (i.
1356 633 1557 677 Ransheke,
1571 635 1659 679 sitite

185 686 209 720 ἁ
229 687 387 734 l’abhaye
408 689 449 723 de
468 688 606 723 Nineve
623 701 697 736 par
712 689 746 722 la
765 702 869 723 vereve
884 695 917 723 et
932 689 978 723 les
995 689 1157 724 lee'rtte‘ers
1173 691 1214 725 (le
1231 691 1363 726 Daniel
1381 691 1422 725 (le
1441 691 1654 739 Helleqlwm.

187 758 247 779 son
267 747 392 781 vassal.
413 768 458 773 -
474 748 652 782 RousLAzn.

778 909 794 930 A
813 905 913 930 Rouslar
920 924 927 930 .
948 907 1019 930 1228.

174 986 205 1012 ln
219 987 328 1013 nomine
341 987 428 1013 Patris
438 991 466 1013 et
479 986 538 1013 Filii
548 992 575 1013 et
587 987 706 1023 Spiritus
719 986 821 1014 Sancti.
837 987 893 1023 Ego
912 986 1051 1013 Gozuinus
1060 1007 1067 1019 ‚
1082 987 1173 1014 dictus
1187 988 1222 1015 de
1235 988 1403 1015 Scendelbeke
1414 1008 1422 1022 ,
1445 989 1570 1015 omnihus
1584 998 1659 1025 prae-

135 1043 197 1061 sens
208 1035 340 1070 scriptum
354 1034 519 1070 inspecturis
531 1035 557 1061 in
575 1040 751 1070 perpetuum.
766 1034 832 1060 Cum
845 1044 889 1061 res
906 1039 983 1070 gesta
997 1035 1100 1070 scripto
1115 1041 1266 1070 perennata
1282 1037 1366 1062 totius
1380 1036 1531 1063 calumniae
1546 1037 1659 1063 materia

136 1082 330 1117 praeveniatur
344 1103 350 1115 ‚
366 1091 400 1108 ne
413 1087 571 1117 praestetur
584 1083 638 1109 litis
651 1083 757 1109 occasio
772 1083 924 1108 successori
936 1103 943 1111 ,
958 1082 1043 1118 igitur
1056 1088 1151 1108 notum
1163 1084 1199 1109 sit
1214 1088 1268 1109 tam
1283 1084 1476 1119 praesentibus
1490 1094 1572 1120 quam
1583 1084 1660 1110 sutu—

135 1129 184 1160 ris,
197 1128 270 1164 quod
279 1128 412 1161 Eusemia‚
422 1128 517 1155 relicta
528 1129 646 1155 Danielis
657 1129 691 1155 de
703 1128 882 1165 llellenqhem,
896 1133 922 1155 et
931 1128 978 1154 filii
987 1129 1082 1164 ipsius,
1097 1129 1291 1163 Godescalcm,
1303 1130 1429 1162 clericus,
1442 1135 1469 1157 ct
1481 1130 1658 1160 Ileinekinus,

136 1185 270 1202 consensu
287 1176 476 1211 privignorum
489 1185 618 1208 suorum,
637 1176 763 1202 Balduini
775 1175 919 1207 videlieet,
938 1176 1048 1202 Henrici
1067 1181 1095 1202 et
1113 1176 1229 1202 Walteri
1242 1197 1248 1209 ⁷
1268 1177 1454 1205 vendiderunt
1467 1178 1559 1204 abbati
1574 1184 1601 1204 et
1616 1188 1660 1205 ec-

134 1222 234 1249 clesiae
243 1222 381 1249 Ninivensi
395 1223 541 1249 bunarium
554 1228 660 1256 terrac,
674 1223 738 1258 pius
749 1223 872 1249 minusve
883 1243 889 1253 ,
905 1223 932 1248 in
946 1222 1075 1258 parochia
1086 1223 1120 1249 de
1131 1223 1271 1250 Ransbeca
1282 1224 1401 1258 jacentis
1413 1234 1491 1251 secus
1500 1226 1657 1260 pratellum,

136 1270 211 1305 quod
225 1269 327 1296 dicitur
336 1269 466 1302 Emsdal,
483 1279 534 1305 pro
547 1270 691 1297 duodecim
704 1270 782 1296 libris
796 1275 823 1296 et
834 1275 954 1305 quatuor
967 1270 1060 1296 solidis
1073 1270 1287 1297 flandrensibus.
1302 1272 1388 1307 Quam
1403 1277 1505 1298 terram
1515 1273 1581 1306 jure
1600 1274 1660 1300 hae-

135 1316 267 1343 reditario
279 1321 429 1342 tenuerunt
443 1326 457 1342 a
473 1316 593 1343 Gosuino
604 1317 637 1343 de
649 1317 722 1344 Silva
735 1316 767 1342 ad
779 1326 891 1342 censum
907 1321 1028 1352 quatuor
1040 1316 1215 1343 denariorum
1226 1338 1233 1350 ,
1246 1327 1361 1353 eamque
1375 1320 1510 1345 communi
1523 1329 1659 1347 consensu

134 1365 162 1390 in
175 1372 271 1390 manus
286 1363 372 1399 ipsius
385 1361 498 1389 Gosuini
512 1363 546 1389 ad
560 1373 630 1399 opus
643 1364 800 1399 praedictae
814 1363 945 1389 ecclesiae
958 1362 1136 1389 contulerunt
1150 1369 1178 1390 et
1191 1363 1449 1399 exfestucaverunt3
1466 1366 1594 1402 idemque
1608 1367 1662 1394 Go-

134 1411 230 1438 suinus
243 1410 343 1437 dictam
356 1415 458 1436 terram
470 1415 635 1436 memoratae
647 1410 764 1437 contulit
777 1409 907 1436 ecclesiae
918 1410 969 1436 suh
979 1410 1135 1436 testimonio
1148 1410 1344 1443 cohaeredum,
1359 1412 1485 1439 videlieet
1497 1413 1613 1440 Walteri
1626 1415 1659 1441 de

137 1457 250 1490 Roslar,
265 1456 415 1483 Erleboudi
426 1478 433 1489 ‚
450 1456 551 1483 Nicolai
564 1457 686 1493 Boeucop
699 1462 727 1484 et
738 1456 852 1483 Arnoldi
862 1477 869 1483 .
884 1456 934 1482 filii
945 1456 1064 1490 Bescele,
1079 1456 1113 1483 ad
1126 1466 1238 1483 censum
1252 1463 1374 1493 quatuor
1387 1458 1563 1486 denariorum
1579 1471 1585 1487 :
1601 1470 1660 1496 pos-

135 1511 180 1533 tea
197 1505 369 1541 saepedictus
386 1504 522 1531 Gosuinus
535 1505 583 1540 qui
597 1505 816 1540 praenuntiatam
831 1510 932 1531 terram
947 1513 962 1530 a
975 1513 1018 1530 me
1036 1505 1147 1531 tenebat
1161 1505 1187 1530 in
1203 1504 1313 1531 feodum
1333 1511 1453 1541 quatuor
1467 1507 1657 1541 denariorum,

137 1562 207 1590 quos
225 1553 365 1578 annuatim
382 1551 548 1578 censualiter
567 1552 692 1587 recipere
713 1551 846 1584 debebat,
867 1551 949 1577 titulo
967 1552 1113 1586 emptionis
1130 1552 1247 1578 contulit
1267 1552 1398 1579 ecclesiae
1420 1559 1612 1589 praetaxatae,
1633 1561 1660 1582 et

135 1599 349 1636 quidquidjuris
362 1598 481 1625 habebat
492 1599 518 1624 in
532 1599 604 1625 dicta
617 1604 700 1631 terra,
714 1600 740 1625 in
751 1608 846 1625 manus
857 1598 990 1624 johannis
997 1598 1031 1625 de
1044 1599 1131 1631 curia,
1147 1599 1331 1626 ministerialis
1342 1601 1404 1634 mei,
1417 1607 1448 1627 ut
1458 1600 1567 1628 feodum
1579 1612 1657 1629 suum

135 1648 187 1675 sub
200 1647 355 1674 testimonio
367 1646 507 1673 hominum
520 1656 643 1673 meorum
652 1646 787 1673 Annekini
797 1647 831 1672 de
840 1646 931 1682 Sylva,
942 1646 1072 1673 willelmi
1083 1647 1117 1673 de
1129 1647 1246 1683 Asphzr,
1262 1647 1401 1674 Michaelis
1413 1648 1446 1675 de
1460 1649 1663 1676 Woubreclzeen-

136 1705 210 1732 qem,
224 1703 256 1721 ex
266 1695 374 1730 integro
386 1693 536 1730 resignavit
547 1699 574 1720 et
587 1703 678 1720 coram
689 1694 782 1720 iisdem
795 1693 952 1719 hominibus
961 1694 1026 1720 meis
1038 1703 1069 1720 ex
1081 1699 1159 1729 parte
1168 1703 1227 1720 mea
1241 1694 1330 1721 dictae
1343 1694 1486 1725 ecclesiae,
1502 1696 1659 1731 praedictus

137 1741 277 1769 Johanues
287 1741 405 1767 ballivus
415 1749 491 1767 meus
500 1742 733 1776 praenominatam
743 1745 844 1767 terram
854 1740 888 1766 ad
898 1749 1009 1766 censum
1018 1745 1140 1775 quatuor
1147 1740 1323 1767 denariorum
1332 1742 1358 1767 in
1369 1740 1438 1768 sesto
1450 1743 1535 1768 sancti
1544 1743 1659 1771 Bavonis
1698 1746 1705 1751 ”

138 1789 278 1816 annuatim
289 1787 355 1813 mihi
365 1787 558 1813 solvendorum
573 1787 607 1813 ab
618 1788 691 1813 omni
704 1788 846 1814 exactione
860 1792 887 1813 et
899 1787 1032 1813 servitute
1046 1787 1170 1822 qualibet
1182 1787 1295 1813 liberam
1307 1788 1445 1815 Ninivensi
1457 1789 1658 1825 ecclesiaejure

137 1835 322 1864 haereditario
336 1835 362 1861 in
376 1840 541 1870 perpetuum
555 1835 672 1862 contulit
687 1835 878 1871 possidendam
888 1856 895 1868 a
913 1834 989 1861 salvo
1003 1834 1056 1860 alio
1073 1835 1194 1861 dominio
1206 1844 1276 1861 meo.
1292 1835 1328 1862 Ut
1341 1841 1433 1862 autem
1449 1838 1619 1874 praescripta
1630 1839 1656 1864 in

137 1889 279 1911 aeternum
293 1887 353 1909 rata
366 1887 546 1917 permaneant
565 1887 593 1909 et
605 1882 764 1909 inconvulsa
775 1904 782 1915 ‚
799 1892 850 1919 ego
864 1887 960 1909 contra
973 1891 1067 1908 omnes
1080 1883 1127 1918 qui
1138 1882 1196 1916 juri
1207 1887 1281 1908 stare
1297 1882 1435 1909 voluerint
1445 1905 1451 1917 ‚
1468 1885 1656 1912 warandisiam

136 1931 295 1967 repromisi,
306 1934 478 1966 praesentem
493 1930 618 1966 paginam
631 1930 713 1967 sigilli
728 1930 780 1957 mei
795 1930 963 1965 appensione
976 1935 1003 1956 et
1015 1931 1125 1957 testium
1140 1930 1334 1956 subnotatione
1350 1931 1525 1958 confirmans.
1543 1932 1655 1969 Signum

137 1978 263 2015 Symonis
273 1998 280 2009 ,
298 1978 398 2013 prioris
410 1977 443 2004 de
456 1977 568 2013 Ninive3
583 1978 716 2004 Johannis
730 1978 764 2004 de
775 1978 855 2004 Curia
867 1989 873 2011 ;
889 1978 917 2004 S.
930 1977 1042 2004 Gosuiui
1053 1978 1087 2004 de
1098 1977 1190 2012 Sylva.
1203 1977 1300 2003 Actum
1313 1978 1386 2013 apud
1400 1978 1511 2013 Roslar,
1528 1989 1598 2006 anno
1610 1980 1659 2006 do—

138 2026 252 2052 minicae
268 2024 467 2051 Incarnationis
480 2024 678 2057 MCCXXWH,
696 2034 787 2052 mense
801 2025 956 2051 Novembri.

1150 2089 1281 2113 Cartulaire
1292 2090 1320 2113 de
1331 2089 1436 2114 Malines.

272 2549 357 2582 Tou.
389 2548 432 2582 ΙΙ.
1478 2553 1544 2588 108
