2118 3184
778 381 1069 418 APPENDICES.
1609 382 1680 417 825

157 496 210 513 non
223 489 320 515 sufficit
330 509 336 516 .
352 489 462 525 expedit
474 490 553 516 nobis
562 491 589 516 in
600 498 692 516 rerum
705 489 863 516 turbatione
878 491 972 525 positis
983 511 989 521 ,
1003 496 1033 516 ut
1046 499 1077 517 ea
1091 499 1162 526 quae
1174 500 1190 516 a
1202 490 1340 517 modernis
1353 491 1398 526 pie
1408 494 1485 527 gesta
1494 489 1676 516 dinoscuntur

155 536 249 570 scripti
267 536 397 563 faciamus
414 538 566 572 patrocinio
581 538 726 572 perenn-”tri
737 558 743 565 .
762 543 788 563 ct
803 547 817 563 a
835 537 1028 563 modernorum
1045 538 1198 572 praesentia
1212 538 1246 563 ad
1262 538 1420 564 futurorum
1434 537 1558 564 notitiam
1571 536 1677 563 linera-

155 591 215 608 rum
229 583 383 609 testimonio
394 583 546 619 deportari.
559 584 688 610 Now-erint
703 593 769 619 ersso
782 590 837 610 tam
850 591 1009 619 praesentes
1021 594 1103 620 qnam
1114 587 1217 620 posteri
1228 585 1302 620 quod
1316 585 1437 620 Impinus
1447 605 1454 615 ,
1469 584 1546 611 miles
1557 589 1584 610 et
1593 584 1675 610 homo

155 639 231 656 meus
244 629 279 656 de
294 630 442 666 Okeuyhem
452 651 459 658 .
475 636 502 656 et
516 630 595 657 liberi
609 631 651 657 sui
661 651 667 662 ,
683 631 710 656 in
725 632 880 666 praesentia
897 641 955 658 mea
969 632 1126 659 constituti.
1141 631 1275 667 quidquid
1285 632 1359 666 juris
1373 631 1511 658 habebant
1525 632 1551 657 in
1569 631 1672 657 decima

154 677 188 702 de
202 676 354 704 Lumbecca
367 682 394 703 et
405 678 440 704 de
455 676 582 704 Stri'tluem
595 698 602 704 .
623 678 676 704 sub
691 678 846 704 testimonio
861 677 1000 704 hominum
1016 687 1140 704 meorum
1150 699 1157 709 ,
1174 679 1200 704 in
1215 688 1323 705 manum
1339 687 1424 704 meam
1438 678 1526 704 iibere
1547 682 1673 714 reporta-

153 729 229 750 runt.
242 724 299 759 Ego
309 733 375 750 vero
386 724 494 751 divinae
509 725 617 760 pietatis
630 726 731 751 intuitu
741 746 748 754 ,
761 731 788 752 et
801 735 851 761 pro
863 726 961 751 domus
973 725 1106 761 religione
1119 730 1146 752 et
1160 725 1302 752 honestate
1311 748 1318 756 ,
1328 726 1427 752 dictam
1441 726 1572 753 decimam
1587 726 1674 753 eccle-

152 771 208 797 siae
220 770 255 797 de
271 771 365 797 Ninive
377 792 384 799 ,
397 772 432 797 ab
445 773 556 798 instanti
573 772 644 799 sesto
657 774 742 800 sancti
757 773 872 800 Bavonis
886 774 912 799 in
927 773 1070 800 duodecim
1086 783 1172 800 annos
1182 794 1189 805 ‚
1203 774 1325 806 contuli,
1340 774 1461 800 concessi
1474 779 1501 800 et
1514 774 1673 800 confirmavi

152 817 264 852 pacifice
275 818 464 853 possidendam
476 824 504 845 et
517 819 630 846 liberam
644 820 679 846 ab
691 821 762 846 omni
773 820 837 854 jure
851 819 982 852 humano,
997 820 1042 846 tali
1053 825 1143 846 tamen
1157 821 1328 850 conditione,
1340 821 1414 856 quod
1423 841 1431 853 ‚
1447 825 1584 847 trausacto
1597 820 1671 847 dicto

150 865 278 897 termino,
292 865 414 901 Impinns
423 866 499 892 miles
507 866 547 892 vel
561 866 692 894 haeredes
700 867 742 893 sui
754 867 920 903 praedictam
931 867 1062 893 decimam
1075 877 1125 902 pro
1136 868 1276 903 sexaginta
1288 873 1314 894 et
1326 867 1419 893 decem
1431 867 1508 894 libris
1521 867 1672 894 Flaudren-

150 911 226 939 sibus
236 911 324 939 libere
336 918 467 949 poterunt
478 913 623 940 rehabere.
635 914 713 949 Quod
728 915 750 940 si
764 914 834 941 sorte
848 914 897 950 ipsi
908 919 1092 949 praetaxatam
1104 915 1246 949 pecuniam
1261 919 1384 950 paratam
1398 923 1452 940 non
1468 914 1615 941 habuerint
1627 915 1670 941 vei

150 959 281 986 decimam
293 959 430 986 redimere
443 960 583 986 noluerint
593 961 666 994 ,jam
683 961 754 987 dicta
768 961 882 987 ecclesia
899 962 982 996 ipsam
996 961 1127 987 decimam
1142 961 1228 987 libere
1242 961 1402 996 possidebit,
1419 961 1506 987 donec
1518 961 1667 996 praefatam

151 1007 294 1042 pecuniam
310 1007 391 1042 plene
410 1007 493 1034 inerit
511 1013 652 1040 assecuta,
670 1018 720 1035 ncc
737 1009 841 1035 decima
863 1009 963 1044 poterit
980 1008 1096 1039 redimi,
1115 1009 1166 1034 nisi
1182 1009 1217 1034 de
1231 1009 1301 1035 sesto
1319 1009 1406 1035 sancti
1423 1008 1538 1035 Bavonis
1554 1009 1580 1034 in
1599 1008 1669 1035 festo

149 1055 236 1081 sancti
250 1054 375 1081 Bavonis.
391 1054 425 1081 [t
439 1060 530 1081 autem
544 1055 616 1081 dicta
629 1056 774 1082 conventio
788 1056 907 1082 debitam
921 1056 1043 1082 obtineat
1057 1056 1214 1082 firmitatem
1226 1061 1398 1091 praesentem
1413 1055 1463 1081 feci
1476 1056 1610 1082 conscribi
1622 1065 1670 1091 pa-

148 1103 254 1138 ginam,
269 1101 352 1138 sigini
365 1102 416 1129 mci
430 1107 569 1129 caractere
580 1108 607 1129 et
619 1103 728 1129 testium
743 1103 945 1139 subscriptione
959 1103 1126 1129 roboratam.
1141 1103 1230 1137 Hujus
1242 1103 1282 1129 rei
1292 1108 1375 1129 testes
1388 1108 1452 1129 sunt
1466 1102 1620 1129 Willelmus
1633 1103 1668 1129 de

151 1148 346 1185 Ledebergha5
364 1148 519 1175 Ghiselinus
533 1149 567 1175 de
583 1149 674 1180 Lilar;
693 1150 825 1176 ilenricus
835 1150 869 1176 de
883 1149 978 1184 Lewa5
994 1150 1132 1176 Gozninns
1146 1149 1180 1175 de
1192 1149 1317 1180 Laudat,-
1330 1149 1455 1186 Rogerus
1465 1171 1472 1182 ,
1486 1149 1664 1183 castellanu33

149 1196 301 1223 Ameiricns
311 1195 346 1222 de
360 1195 529 1227 Lumbecca;
545 1196 704 1223 Anna-tinus
717 1196 900 1233 Sloterroqqlie
910 1209 917 1222 :
932 1196 1086 1223 Wilielmus
1097 1196 1222 1233 Magnus.
1236 1196 1333 1222 Actum
1346 1205 1418 1222 auno
1429 1196 1536 1222 Domini
1547 1196 1663 1223 MCCIX.

1182 1261 1292 1294 Original
1300 1280 1305 1288 .
1319 1269 1388 1286 sceau
1401 1262 1483 1293 perdn.

868 1357 932 1368 ii

884 1547 920 1581 C.

148 1649 293 1684 Gc'rard
303 1649 344 1683 de
362 1648 557 1696 Lezcetyem
573 1648 708 1683 de‘clare
728 1660 794 1694 que
817 1648 862 1681 les
880 1646 996 1693 fhe'res
1013 1648 1055 1681 de
1076 1647 1218 1694 Clenpol
1234 1652 1295 1681 ont
1313 1646 1426 1680 avoue'
1440 1647 1544 1692 qu’z'ls
1562 1648 1662 1681 n'ont

169 1721 292 1743 aucun
312 1708 407 1742 droit
424 1720 491 1742 sur
504 1701 553 1742 'les
564 1709 776 1755 possessz‘ons
793 1707 835 1741 de
852 1707 1010 1753 Fabhaye
1027 1705 1052 1740 ἀ
1079 1705 1397 1752 Wouhrechteyem.
1409 1726 1458 1730 -
1471 1705 1631 1739 Rousmn.

754 1904 770 1925 A
788 1902 955 1934 Ordenghem,
975 1902 1048 1926 1209.

179 1976 210 2002 ln
226 1976 334 2002 nomine
347 1980 458 2002 sanctae
471 1975 624 2001 Trinitatis.
639 1974 696 2010 Ego
709 1974 848 2000 Gerardus
862 1973 896 2000 de
910 1974 1074 2010 Lewerqliem
1085 1994 1092 2005 ,
1107 1973 1235 1999 omnibus
1248 1972 1300 1998 hoc
1313 1972 1445 2007 scriptum
1459 1971 1572 1997 lecturis
1586 1970 1660 1997 salu-

141 2027 206 2049 tem.
224 2022 323 2049 Notum
334 2023 368 2048 sit
380 2021 572 2057 praesentibus
585 2026 611 2048 et
629 2020 732 2047 suturis
745 2021 819 2056 quod
833 2020 986 2047 Senekinus
1003 2025 1031 2047 et
1044 2020 1116 2046 Razo
1126 2041 1133 2051 ,
1150 2020 1250 2046 fratres
1266 2019 1300 2045 de
1317 2018 1437 2054 Clenpol„
1453 2027 1515 2044 cum
1529 2018 1656 2044 abbatem

140 2074 168 2096 et
181 2074 347 2096 conventum
361 2068 490 2095 ecciesiae
506 2068 659 2094 Ninivensis
672 2068 719 2094 diu
738 2067 910 2102 multumque
928 2072 1085 2101 vexassent,
1104 2067 1212 2093 tandem
1228 2068 1255 2092 in
1270 2065 1425 2101 praesentia
1435 2069 1530 2091 nostra
1542 2064 1659 2091 confessi

140 2121 205 2143 sunt
219 2125 248 2142 se
266 2115 335 2142 nihil
345 2115 418 2149 juris
434 2115 537 2141 habere
552 2115 661 2150 penitus
673 2115 806 2141 adversus
827 2114 977 2150 praefatam
991 2114 1133 2141 ecclesiam
1145 2135 1152 2145 ,
1167 2114 1216 2140 sed
1234 2123 1340 2139 omnem
1358 2112 1557 2148 querimoniam
1573 2112 1659 2147 depo-

139 2169 235 2191 nentes
247 2162 344 2198 siquid
355 2162 506 2196 sortejuris
516 2162 618 2188 habere
631 2162 765 2188 deberent
775 2163 802 2188 in
816 2163 888 2188 omni
898 2162 961 2188 villa
973 2161 1008 2188 de
1020 2161 1243 2197 llbrbreclenyem
1256 2160 1298 2187 vel
1311 2160 1383 2195 apud
1398 2159 1505 2194 Roslar,
1518 2160 1545 2185 in
1557 2159 1658 2187 allodio

137 2212 172 2238 de
184 2211 316 2237 Masmens
329 2209 583 2241 exfestucaverunt,
597 2214 625 2235 et
637 2210 663 2236 in
678 2209 877 2244 eleemosynam
891 2210 1024 2235 donant‘es
1035 2218 1086 2245 pro
1100 2217 1179 2244 posse
1193 2217 1244 2234 suo
1258 2207 1444 2235 warandisiam
1459 2207 1655 2242 promiserunt.
1670 2208 1673 2214 '

139 2258 175 2285 Ut
195 2262 286 2284 autem
305 2256 357 2282 boc
372 2261 463 2282 ratum
482 2255 652 2289 haberetur,
673 2256 755 2292 sigilli
775 2257 826 2282 mei
845 2256 1012 2292 appensione
1025 2261 1053 2282 et
1070 2256 1181 2282 testium
1199 2254 1393 2281 subnotatione
1406 2254 1546 2280 roboravi.
1561 2254 1657 2281 Testes

138 2306 265 2333 Tidricus
277 2309 305 2331 et
316 2304 483 2330 Giliebertus
493 2324 499 2336 ,
515 2303 614 2330 fratres
632 2304 683 2330 mei
694 2315 701 2338 ;
718 2303 788 2330 Heve
801 2304 835 2330 de
848 2303 1037 2340 Laudenqhem
1049 2309 1076 2330 et
1092 2302 1211 2329 Ghiselin
1224 2302 1274 2328 Li„
1285 2313 1294 2332 ,·
1307 2301 1464 2328 Bernardus
1482 2300 1586 2336 Rufus5
1602 2300 1657 2327 Go—

135 2354 232 2381 suinus
243 2357 271 2379 et
285 2351 423 2378 Gerardus
433 2373 440 2384 ‚
456 2351 556 2387 fratres
569 2351 603 2377 de
616 2351 705 2387 Erpa3
722 2351 823 2377 Boiden
839 2351 874 2378 de
889 2350 1082 2387 Hes-sernqliem5
1096 2350 1218 2386 Sygerus
1233 2349 1355 2376 Brabant
1367 2354 1394 2375 et
1407 2348 1545 2382 Sandrin‚
1561 2347 1655 2375 famuli

135 2402 254 2428 comitis.
275 2400 373 2426 Actum
394 2398 468 2434 apud
487 2397 654 2434 Ordenqltem
667 2403 694 2425 et
707 2399 878 2435 recognitum
892 2398 966 2434 apud
983 2398 1060 2425 Alosl
1076 2407 1167 2425 coram
1179 2397 1288 2423 Timere
1298 2417 1306 2429 ‚
1323 2395 1428 2423 officiali
1444 2396 1568 2429 comitis,
1583 2405 1655 2422 anno

135 2448 243 2475 Domini
256 2447 371 2474 MCCIX.

263 2546 350 2580 Tou.
380 2545 425 2579 ll.
1464 2540 1534 2575 104
