2137 3131
459 410 528 445 792
1067 400 1357 437 APPENDICES.

460 522 490 543 ut
504 516 570 542 nulli
589 515 726 541 hominum
745 512 824 537 liceat
841 509 993 545 praefatum
1014 509 1208 534 monasterium
1225 508 1267 534 vel
1282 513 1404 534 caeteras
1421 508 1480 542 ejus
1500 508 1623 534 abbatias
1642 512 1669 533 et
1689 507 1859 533 obedientias
1873 513 1974 534 temere

459 562 620 598 perturbare
635 564 681 585 aut.
695 567 789 584 corum
805 557 988 592 possessiones
1002 556 1113 581 auterre
1128 555 1170 580 vel
1185 554 1288 580 ablatas
1303 555 1434 585 retinere,
1448 555 1572 581 minuere
1581 565 1628 581 seu
1643 554 1811 590 quibuslibet
1826 555 1974 581 vexationi-

460 610 509 635 bus
532 608 643 642 satigare
655 627 660 637 ‚
683 605 730 631 sed
749 604 837 630 onmia
856 605 961 639 integra
978 607 1176 629 conserventur
1193 612 1287 627 eorum
1308 612 1357 637 pro
1376 612 1494 637 quorum
1515 603 1714 639 gubernatione
1732 612 1761 628 ac
1775 603 1974 628 sustentatione

459 664 584 681 concessa
595 657 659 678 sunt
671 652 766 678 usibus
779 650 939 676 omnimodis
955 649 1116 684 protutura,
1134 649 1207 675 salva
1225 649 1297 675 sedis
1311 649 1459 684 apostolica
1469 650 1642 675 auctoritate.
1659 649 1685 675 Si
1700 658 1754 684 qua
1766 650 1849 685 igitur
1861 649 1887 675 in
1903 648 1976 675 sutu—

459 712 517 728 rum
529 700 708 727 ecclesiastica
721 698 885 725 secularisve
901 706 1018 732 persona
1034 696 1103 722 hanc
1118 701 1227 722 nostrae
1240 697 1444 723 constitutionis
1455 697 1580 732 paginam
1592 697 1680 723 sciens
1692 701 1786 723 contra
1802 706 1859 722 eam
1872 701 1974 722 temere

459 749 549 775 venire
566 745 727 777 tentaverit,
747 744 867 771 secundo
885 744 1001 769 tertiove
1015 743 1195 769 commonita.
1214 743 1279 768 nihil
1299 748 1405 769 reatum
1425 753 1504 769 suum
1520 743 1602 779 digna
1621 743 1806 769 satisfactione
1824 743 1976 770 correxerit

458 794 598 830 potestatis
613 792 779 826 honorisque
793 791 834 817 sui
847 795 938 816 careat
952 790 1085 825 dignitate
1096 811 1102 821 ‚
1119 799 1249 825 reamque
1267 799 1295 816 se
1309 790 1401 816 divino
1412 790 1517 824 judicio
1531 791 1646 816 existere
1660 790 1693 815 de
1708 794 1865 825 perpetrata
1880 790 1978 825 iniqui-

458 846 512 868 tate
526 844 671 876 cognoscat
684 844 710 865 et
725 848 740 864 a
755 838 936 864 sacratissimo
950 847 1067 872 corpore
1082 847 1112 863 ac
1127 838 1260 873 sanguine
1275 837 1323 863 Dei
1336 842 1363 863 et
1378 837 1484 863 Domini
1497 837 1678 872 redemptoris
1695 838 1780 864 nostri
1793 837 1859 863 Jesu
1875 837 1975 863 Christi

456 888 542 913 aliena
554 888 599 913 ssat
614 891 696 921 atque
711 886 736 911 in
751 890 871 911 extremo
888 885 1010 910 examine
1020 884 1160 910 districtae
1175 884 1271 910 ultioni
1287 884 1438 917 subjaceat.
1455 884 1564 910 Cunctis
1578 885 1763 910 autemeidem
1777 884 1836 910 loco
1849 893 1896 910 sua
1907 884 1972 918 jura

456 934 626 961 servantibus
639 933 672 958 sit
685 942 735 967 pax
746 932 853 957 Domini
867 932 952 957 nostri
965 931 1030 957 Jesu
1045 931 1160 961 Christi,
1176 931 1306 966 quatinus
1321 937 1347 957 ct
1362 931 1405 957 hic
1420 931 1538 957 l'ructum
1554 931 1641 957 bonae
1653 931 1766 957 actionis
1780 932 1931 966 percipiant
1945 935 1972 958 et

457 981 528 1017 apud
542 981 694 1007 districtum
709 979 832 1005 judicem
848 979 967 1014 praemia
981 984 1108 1005 aeternae
1124 979 1196 1014 pacis
1214 979 1364 1004 inveniant.
1377 978 1472 1004 Amen.
1489 978 1587 1004 Datum
1605 978 1738 1004 Veronae.

1435 1046 1497 1068 Dans
1507 1045 1528 1068 le
1537 1045 1662 1069 cartulaire
1673 1045 1701 1068 (le
1712 1044 1818 1069 Malines.

1170 1149 1250 1160 1

1170 1345 1256 1380 LIV.

612 1439 658 1474 Le
677 1438 786 1473 me‘me
805 1451 898 1485 pape
917 1438 1084 1484 confirsnw
1102 1438 1137 1471 la
1153 1437 1340 1482 fomlatz'on
1357 1436 1398 1470 de
1418 1436 1587 1482 l’ahbaye.
1607 1457 1648 1460 —-
1666 1436 1804 1471 Nmovr.

1105 1637 1122 1658 Α
1134 1635 1226 1658 verone
1244 1634 1315 1658 1180.

929 1698 1101 1733 Confirmatio
1120 1697 1224 1723 Urbani
1232 1707 1320 1733 pupae
1334 1697 1363 1722 de
1381 1697 1488 1722 Ninive.

494 1776 634 1807 Urbanus,
650 1775 794 1810 episcopus
810 1783 906 1800 servus
923 1782 1066 1800 servorum
1081 1772 1142 1805 Dei,
1158 1772 1264 1799 dilectis
1282 1772 1345 1798 filiis
1360 1772 1496 1804 Arnoldo,
1521 1772 1613 1798 abbati
1633 1772 1788 1798 monasterii
1807 1771 1837 1798 S.
1853 1771 1970 1799 Cornelii

456 1822 606 1848 Ninivensis
619 1821 748 1847 ecclesiae
761 1820 879 1856 filiisque
895 1820 1026 1846 fratribus
1040 1825 1095 1845 tam
1111 1820 1301 1855 praesentibus
1319 1829 1400 1854 quam
1418 1819 1518 1845 suturis
1533 1818 1688 1855 regularem
1703 1819 1785 1845 vitam
1801 1818 1932 1854 professis
1946 1819 1972 1845 in

456 1874 630 1904 perpetuum.
646 1868 776 1894 Effectum
787 1868 862 1901 justa
876 1867 1079 1903 postulantibus
1089 1866 1233 1903 indulgere
1243 1872 1270 1893 et
1284 1867 1362 1902 vigor
1375 1866 1521 1901 aequitatis
1533 1871 1559 1892 et
1572 1866 1640 1892 ordo
1655 1867 1739 1902 exigit
1750 1866 1877 1896 rationis,
1893 1875 1973 1901 prae-

457 1917 548 1941 sertim
561 1925 621 1942 cum
636 1915 786 1950 petentium
800 1914 972 1941 voluntatem
987 1920 1014 1940 et
1028 1914 1114 1949 pietas
1125 1913 1236 1948 adjuvat
1248 1918 1275 1939 et
1293 1914 1393 1939 veritas
1408 1922 1461 1939 non
1480 1912 1623 1948 relinquit.
1640 1912 1677 1938 Ea
1692 1918 1822 1948 propter,
1838 1913 1931 1939 dilecti
1945 1914 1972 1939 in

456 1963 570 1988 Domino
580 1962 638 1994 filii,
647 1962 831 1996 vestrisjustis
840 1962 1072 1997 postulationibus
1081 1961 1229 1987 clementer
1238 1961 1393 1992 annuimus,
1404 1966 1431 1986 et
1440 1960 1592 1995 praefatum
1602 1961 1794 1986 monasterium
1804 1960 1832 1987 S.
1841 1960 1970 1994 Cornelii,

455 2011 482 2036 in
502 2020 557 2046 quo
577 2010 669 2036 divino
684 2010 828 2045 mancipati
843 2010 906 2035 estis
924 2009 1072 2044 obsequio⁷
1094 2009 1127 2034 ad
1146 2008 1283 2043 exemplar
1302 2008 1544 2043 praedecessorum
1562 2002 1719 2034 nostrorum
1741 2007 1827 2033 felicis
1845 2007 1973 2034 recorda-

454 2057 546 2087 tionisq
564 2057 729 2089 Innocenfii,
752 2056 866 2092 Eugenii
887 2061 913 2082 et
927 2056 1086 2089 Alexandri,
1104 2056 1287 2081 Romanorum
1307 2055 1481 2090 pontificum,
1503 2054 1555 2080 sub
1572 2054 1647 2080 Beati
1662 2054 1734 2080 Petri
1752 2059 1780 2080 et
1794 2059 1888 2080 nostra
1909 2064 1973 2090 pro-

455 2104 572 2129 tectione
585 2104 747 2138 suscipimus
760 2108 787 2129 et
802 2103 953 2138 praesentis
972 2103 1066 2138 scripti
1081 2102 1226 2138 privilegio
1245 2102 1453 2128 communimus.
1470 2101 1500 2127 In
1519 2101 1612 2136 primis
1627 2101 1761 2136 siquidem
1776 2106 1929 2127 statuentes
1942 2107 1973 2128 ut

456 2150 523 2176 ordo
536 2151 682 2176 canonicus
698 2150 746 2185 qui
763 2150 912 2176 secundum
929 2150 1016 2175 Deum
1030 2155 1057 2176 et
1071 2150 1145 2175 Beati
1160 2149 1305 2185 Augustini
1320 2149 1444 2185 regulam
1458 2153 1541 2183 atque
1555 2148 1754 2174 institutionem
1769 2149 1974 2175 Praemonstra-

455 2197 570 2223 tensium
585 2196 700 2222 fratrum
714 2197 740 2222 in
755 2196 850 2223 eodem
860 2196 919 2222 loco
934 2197 1078 2222 institutus
1092 2205 1151 2222 esse
1163 2196 1315 2221 dinoscitur
1329 2196 1471 2231 perpetuis
1485 2195 1584 2220 ibidem
1595 2195 1766 2230 temporibus
1779 2195 1972 2222 iuviolabiliter

454 2245 629 2277 observetur3
648 2249 790 2278 praeterea
804 2253 991 2279 quascumque
1004 2244 1190 2279 possessiones
1203 2252 1394 2278 quaecumque
1408 2242 1479 2268 bona
1497 2242 1567 2268 idem
1584 2242 1779 2268 monasterium
1796 2242 1823 2268 in
1842 2252 1972 2278 praesen-

455 2292 553 2317 tiarum
569 2291 644 2325 juste
658 2296 685 2317 et
704 2291 833 2317 canonice
851 2292 988 2326 possidet,
1008 2297 1055 2317 aut
1075 2292 1101 2317 in
1121 2290 1246 2316 futurum
1263 2290 1438 2316 concessione
1455 2290 1632 2325 pontificum,
1650 2289 1795 2325 largitione
1812 2299 1907 2326 regum
1930 2290 1973 2317 vel

455 2339 607 2373 principum
620 2337 757 2364 oblatione
774 2338 910 2370 fidelium,
925 2349 973 2365 seu
988 2339 1031 2364 alii
1042 2339 1125 2373 justis
1142 2338 1228 2364 modis
1243 2343 1400 2373 praestante
1415 2338 1530 2363 Domino
1543 2337 1644 2372 poterit
1658 2337 1787 2372 adipisci,
1802 2337 1881 2364 firma
1896 2338 1972 2364 vobis

456 2386 606 2420 vestrisque
620 2386 823 2412 successoribus
837 2391 864 2412 et
876 2386 980 2412 illibata
991 2391 1169 2422 permaneant
1179 2406 1185 2418 ‚
1207 2386 1232 2411 in
1249 2386 1350 2421 quibus
1365 2386 1484 2421 propriis
1497 2385 1624 2411 duximus
1639 2385 1815 2420 exprimenda
1832 2385 1972 2411 vocabulis

455 2437 537 2458 totam
550 2433 679 2458 decimam
691 2433 812 2466 ejusdem
826 2434 956 2460 ecclesiae
964 2444 1024 2460 cum
1035 2433 1200 2469 appenditiis
1210 2434 1280 2461 suis.
1296 2433 1506 2459 Herlinchovem
1517 2442 1578 2458 cum
1591 2437 1647 2458 tota
1658 2432 1776 2465 decima,
1789 2432 1971 2464 Lidekerken-

455 2488 509 2504 sem
524 2479 661 2505 ecclesiam
675 2488 735 2505 cum
750 2484 805 2506 tota
817 2480 919 2506 decima
929 2486 955 2507 et
967 2481 1132 2516 appenditiis
1141 2481 1207 2512 suis,
1221 2480 1324 2506 scilicet
1335 2480 1472 2506 Lumbeca
1480 2485 1505 2506 et
1516 2479 1658 2511 strithem,
1668 2479 1702 2505 ab
1711 2479 1852 2513 omnijure
1860 2479 1970 2514 speciali

456 2530 481 2550 ct
490 2526 626 2551 exactione
634 2525 757 2558 liberam,
768 2526 835 2552 duas
844 2532 935 2562 partes
943 2528 1063 2554 decimae
1071 2528 1155 2553 totius
1163 2526 1324 2561 parrochiae
1333 2526 1366 2552 de
1375 2526 1462 2560 Menz5
1472 2526 1646 2561 piscationem
1656 2526 1681 2551 in
1690 2526 1768 2560 aquis
1775 2525 1808 2551 de
1817 2525 1968 2552 Lidekerka
