<?xml version="1.0" encoding="UTF-8"?>
<!DOCTYPE html PUBLIC "-//W3C//DTD XHTML 1.0 Transitional//EN"
    "http://www.w3.org/TR/xhtml1/DTD/xhtml1-transitional.dtd">
<html xmlns="http://www.w3.org/1999/xhtml" xml:lang="en" lang="en">
 <head>
  <title>
</title>
<meta http-equiv="Content-Type" content="text/html;charset=utf-8" />
  <meta name='ocr-system' content='tesseract 3.04.00' />
  <meta name='ocr-capabilities' content='ocr_page ocr_carea ocr_par ocr_line ocrx_word'/>
</head>
<body>
  <div class='ocr_page' id='page_1' title='image "./corpuschronicoru02smetuoft_0697.png"; bbox 0 0 2118 3184; ppageno 0'>
   <div class='ocr_carea' id='block_1_1' title="bbox 431 423 1598 464">
    <p class='ocr_par' dir='ltr' id='par_1_1' title="bbox 431 423 1598 464">
     <span class='ocr_line' id='line_1_1' title="bbox 431 423 1598 464; baseline -0.004 0"><span class='ocrx_word' id='word_1_1' title='bbox 431 427 692 464; x_wconf 67' lang='lat' dir='ltr'>CHRONICON</span> <span class='ocrx_word' id='word_1_2' title='bbox 722 426 935 462; x_wconf 71' lang='lat' dir='ltr'><strong>BALDUIN‘I</strong></span> <span class='ocrx_word' id='word_1_3' title='bbox 963 425 1264 461; x_wconf 74' lang='lat' dir='ltr'>NINOVIENSIS.</span> <span class='ocrx_word' id='word_1_4' title='bbox 1529 423 1598 459; x_wconf 77' lang='lat'>665</span> 
     </span>
    </p>
   </div>
   <div class='ocr_carea' id='block_1_2' title="bbox 87 533 1600 2568">
    <p class='ocr_par' dir='ltr' id='par_1_2' title="bbox 87 533 1599 1166">
     <span class='ocr_line' id='line_1_2' title="bbox 89 533 1597 587; baseline -0.006 -14"><span class='ocrx_word' id='word_1_5' title='bbox 89 540 125 573; x_wconf 90' lang='lat' dir='ltr'>in</span> <span class='ocrx_word' id='word_1_6' title='bbox 145 539 245 587; x_wconf 74' lang='lat' dir='ltr'>signo</span> <span class='ocrx_word' id='word_1_7' title='bbox 264 539 408 585; x_wconf 78' lang='lat' dir='ltr'>Aquarii</span> <span class='ocrx_word' id='word_1_8' title='bbox 430 544 589 584; x_wconf 87' lang='lat' dir='ltr'>apparet.</span> <span class='ocrx_word' id='word_1_9' title='bbox 612 539 713 570; x_wconf 71' lang='lat' dir='ltr'>Anno</span> <span class='ocrx_word' id='word_1_10' title='bbox 739 535 991 569; x_wconf 66' lang='lat' dir='ltr'>DCCCXLYII.</span> <span class='ocrx_word' id='word_1_11' title='bbox 1019 542 1088 568; x_wconf 89' lang='lat' dir='ltr'>tres</span> <span class='ocrx_word' id='word_1_12' title='bbox 1112 534 1236 568; x_wconf 84' lang='lat' dir='ltr'>fratres</span> <span class='ocrx_word' id='word_1_13' title='bbox 1253 533 1298 568; x_wconf 88' lang='lat' dir='ltr'>de</span> <span class='ocrx_word' id='word_1_14' title='bbox 1322 545 1431 582; x_wconf 80' lang='lat' dir='ltr'>regno</span> <span class='ocrx_word' id='word_1_15' title='bbox 1449 537 1597 566; x_wconf 87' lang='lat' dir='ltr'>conten-</span> 
     </span>
     <span class='ocr_line' id='line_1_3' title="bbox 88 591 1596 641; baseline -0.005 -9"><span class='ocrx_word' id='word_1_16' title='bbox 88 597 211 631; x_wconf 77' lang='lat' dir='ltr'><strong>dentes</strong></span> <span class='ocrx_word' id='word_1_17' title='bbox 235 597 326 631; x_wconf 91' lang='lat' dir='ltr'>bello</span> <span class='ocrx_word' id='word_1_18' title='bbox 345 602 582 631; x_wconf 85' lang='lat' dir='ltr'>concurrunt.</span> <span class='ocrx_word' id='word_1_19' title='bbox 603 601 638 628; x_wconf 87' lang='lat' dir='ltr'>et</span> <span class='ocrx_word' id='word_1_20' title='bbox 656 601 751 628; x_wconf 83' lang='lat' dir='ltr'>tanta</span> <span class='ocrx_word' id='word_1_21' title='bbox 770 601 901 641; x_wconf 75' lang='lat' dir='ltr'>strages</span> <span class='ocrx_word' id='word_1_22' title='bbox 921 594 1100 640; x_wconf 76' lang='lat' dir='ltr'><strong>utrimque</strong></span> <span class='ocrx_word' id='word_1_23' title='bbox 1119 593 1209 626; x_wconf 82' lang='lat' dir='ltr'>facta</span> <span class='ocrx_word' id='word_1_24' title='bbox 1228 599 1297 635; x_wconf 70' lang='lat' dir='ltr'>est7</span> <span class='ocrx_word' id='word_1_25' title='bbox 1316 599 1355 626; x_wconf 91' lang='lat' dir='ltr'>ut</span> <span class='ocrx_word' id='word_1_26' title='bbox 1371 604 1474 626; x_wconf 89' lang='lat' dir='ltr'>nemo</span> <span class='ocrx_word' id='word_1_27' title='bbox 1492 592 1525 625; x_wconf 86' lang='lat' dir='ltr'>in</span> <span class='ocrx_word' id='word_1_28' title='bbox 1541 591 1596 624; x_wconf 90' lang='lat' dir='ltr'>illa</span> 
     </span>
     <span class='ocr_line' id='line_1_4' title="bbox 88 651 1598 704; baseline -0.004 -15"><span class='ocrx_word' id='word_1_29' title='bbox 88 662 193 704; x_wconf 79' lang='lat' dir='ltr'>gente</span> <span class='ocrx_word' id='word_1_30' title='bbox 205 662 338 689; x_wconf 87' lang='lat' dir='ltr'>tantam</span> <span class='ocrx_word' id='word_1_31' title='bbox 355 655 573 694; x_wconf 75' lang='lat' dir='ltr'>meminerit:v</span> <span class='ocrx_word' id='word_1_32' title='bbox 591 653 652 686; x_wconf 87' lang='lat' dir='ltr'>ubi</span> <span class='ocrx_word' id='word_1_33' title='bbox 669 653 880 686; x_wconf 81' lang='lat' dir='ltr'>Francorum</span> <span class='ocrx_word' id='word_1_34' title='bbox 898 652 987 685; x_wconf 63' lang='lat' dir='ltr'>vires</span> <span class='ocrx_word' id='word_1_35' title='bbox 1003 653 1048 685; x_wconf 88' lang='lat' dir='ltr'>ita</span> <span class='ocrx_word' id='word_1_36' title='bbox 1064 658 1148 686; x_wconf 89' lang='lat' dir='ltr'>sunt</span> <span class='ocrx_word' id='word_1_37' title='bbox 1162 657 1361 685; x_wconf 76' lang='lat' dir='ltr'>attenuatae</span> <span class='ocrx_word' id='word_1_38' title='bbox 1373 678 1381 692; x_wconf 65' lang='grc'>,</span> <span class='ocrx_word' id='word_1_39' title='bbox 1398 657 1438 685; x_wconf 90' lang='lat' dir='ltr'>ut</span> <span class='ocrx_word' id='word_1_40' title='bbox 1447 651 1519 696; x_wconf 87' lang='lat' dir='ltr'>jam</span> <span class='ocrx_word' id='word_1_41' title='bbox 1535 661 1598 683; x_wconf 88' lang='lat' dir='ltr'>nce</span> 
     </span>
     <span class='ocr_line' id='line_1_5' title="bbox 88 708 1594 758; baseline -0.004 -11"><span class='ocrx_word' id='word_1_42' title='bbox 88 726 170 747; x_wconf 92' lang='lat' dir='ltr'>suos</span> <span class='ocrx_word' id='word_1_43' title='bbox 199 713 366 747; x_wconf 85' lang='lat' dir='ltr'>terminos</span> <span class='ocrx_word' id='word_1_44' title='bbox 389 718 529 758; x_wconf 81' lang='lat' dir='ltr'><strong>possent</strong></span> <span class='ocrx_word' id='word_1_45' title='bbox 549 718 677 744; x_wconf 80' lang='lat' dir='ltr'>tutare.</span> <span class='ocrx_word' id='word_1_46' title='bbox 699 710 850 743; x_wconf 61' lang='lat' dir='ltr'>Victoria</span> <span class='ocrx_word' id='word_1_47' title='bbox 869 716 986 743; x_wconf 85' lang='lat' dir='ltr'>tamen</span> <span class='ocrx_word' id='word_1_48' title='bbox 1006 709 1131 743; x_wconf 82' lang='lat' dir='ltr'>Karolo</span> <span class='ocrx_word' id='word_1_49' title='bbox 1150 716 1184 743; x_wconf 91' lang='lat' dir='ltr'>et</span> <span class='ocrx_word' id='word_1_50' title='bbox 1206 708 1394 743; x_wconf 77' lang='lat' dir='ltr'>Lodowico</span> <span class='ocrx_word' id='word_1_51' title='bbox 1414 708 1594 755; x_wconf 63' lang='lat' dir='ltr'>provenitg</span> 
     </span>
     <span class='ocr_line' id='line_1_6' title="bbox 87 767 1598 817; baseline -0.004 -11"><span class='ocrx_word' id='word_1_52' title='bbox 87 771 149 806; x_wconf 89' lang='lat' dir='ltr'>sed</span> <span class='ocrx_word' id='word_1_53' title='bbox 164 772 308 806; x_wconf 89' lang='lat' dir='ltr'>consilio</span> <span class='ocrx_word' id='word_1_54' title='bbox 322 771 534 817; x_wconf 85' lang='lat' dir='ltr'>optimatum</span> <span class='ocrx_word' id='word_1_55' title='bbox 550 769 691 804; x_wconf 86' lang='lat' dir='ltr'>tandem</span> <span class='ocrx_word' id='word_1_56' title='bbox 708 769 798 803; x_wconf 90' lang='lat' dir='ltr'>inter</span> <span class='ocrx_word' id='word_1_57' title='bbox 817 780 875 802; x_wconf 76' lang='lat' dir='ltr'>eos</span> <span class='ocrx_word' id='word_1_58' title='bbox 894 780 960 814; x_wconf 81' lang='lat' dir='ltr'>pax</span> <span class='ocrx_word' id='word_1_59' title='bbox 980 768 1167 802; x_wconf 87' lang='lat' dir='ltr'>reformata</span> <span class='ocrx_word' id='word_1_60' title='bbox 1187 775 1256 811; x_wconf 56' lang='grc' dir='ltr'>εει,</span> <span class='ocrx_word' id='word_1_61' title='bbox 1277 768 1403 802; x_wconf 85' lang='lat' dir='ltr'>Karolo</span> <span class='ocrx_word' id='word_1_62' title='bbox 1423 767 1598 815; x_wconf 76' lang='lat' dir='ltr'>Belgicam</span> 
     </span>
     <span class='ocr_line' id='line_1_7' title="bbox 90 825 1599 875; baseline -0.004 -11"><span class='ocrx_word' id='word_1_63' title='bbox 90 830 234 865; x_wconf 79' lang='lat' dir='ltr'>Galliam</span> <span class='ocrx_word' id='word_1_64' title='bbox 253 829 464 875; x_wconf 79' lang='lat' dir='ltr'>accipiente.</span> <span class='ocrx_word' id='word_1_65' title='bbox 486 840 576 875; x_wconf 85' lang='lat' dir='ltr'>quae</span> <span class='ocrx_word' id='word_1_66' title='bbox 590 829 683 874; x_wconf 80' lang='lat' dir='ltr'>jacet</span> <span class='ocrx_word' id='word_1_67' title='bbox 702 828 793 861; x_wconf 79' lang='lat' dir='ltr'>inter</span> <span class='ocrx_word' id='word_1_68' title='bbox 811 827 943 860; x_wconf 79' lang='lat' dir='ltr'>Mosam</span> <span class='ocrx_word' id='word_1_69' title='bbox 958 833 992 860; x_wconf 91' lang='lat' dir='ltr'>ct</span> <span class='ocrx_word' id='word_1_70' title='bbox 1008 826 1174 860; x_wconf 85' lang='lat' dir='ltr'>Secanam</span> <span class='ocrx_word' id='word_1_71' title='bbox 1187 853 1196 869; x_wconf 63' lang='lat' dir='ltr'>a</span> <span class='ocrx_word' id='word_1_72' title='bbox 1217 826 1351 872; x_wconf 80' lang='lat' dir='ltr'>accepit</span> <span class='ocrx_word' id='word_1_73' title='bbox 1368 825 1470 859; x_wconf 88' lang='lat' dir='ltr'>etiam</span> <span class='ocrx_word' id='word_1_74' title='bbox 1487 836 1599 871; x_wconf 87' lang='lat' dir='ltr'>usque</span> 
     </span>
     <span class='ocr_line' id='line_1_8' title="bbox 89 883 1598 933; baseline -0.004 -11"><span class='ocrx_word' id='word_1_75' title='bbox 89 887 134 922; x_wconf 91' lang='lat' dir='ltr'>ad</span> <span class='ocrx_word' id='word_1_76' title='bbox 153 899 249 922; x_wconf 88' lang='lat' dir='ltr'>mare</span> <span class='ocrx_word' id='word_1_77' title='bbox 268 887 509 921; x_wconf 87' lang='lat' dir='ltr'>Britannicum</span> <span class='ocrx_word' id='word_1_78' title='bbox 523 913 531 929; x_wconf 64' lang='lat'><em>‚</em></span> <span class='ocrx_word' id='word_1_79' title='bbox 552 886 653 932; x_wconf 87' lang='lat' dir='ltr'>cujus</span> <span class='ocrx_word' id='word_1_80' title='bbox 673 898 821 933; x_wconf 74' lang='lat' dir='ltr'>regnum</span> <span class='ocrx_word' id='word_1_81' title='bbox 836 897 876 918; x_wconf 79' lang='lat' dir='ltr'>ex</span> <span class='ocrx_word' id='word_1_82' title='bbox 894 891 978 918; x_wconf 90' lang='lat' dir='ltr'>tunc</span> <span class='ocrx_word' id='word_1_83' title='bbox 997 891 1030 918; x_wconf 89' lang='lat' dir='ltr'>et</span> <span class='ocrx_word' id='word_1_84' title='bbox 1051 883 1156 918; x_wconf 89' lang='lat' dir='ltr'>modo</span> <span class='ocrx_word' id='word_1_85' title='bbox 1175 884 1337 918; x_wconf 78' lang='lat' dir='ltr'>franciae</span> <span class='ocrx_word' id='word_1_86' title='bbox 1357 896 1484 917; x_wconf 87' lang='lat' dir='ltr'>nomen</span> <span class='ocrx_word' id='word_1_87' title='bbox 1503 883 1598 917; x_wconf 81' lang='lat' dir='ltr'>obti-</span> 
     </span>
     <span class='ocr_line' id='line_1_9' title="bbox 89 941 1598 988; baseline -0.003 -8"><span class='ocrx_word' id='word_1_88' title='bbox 89 946 180 980; x_wconf 87' lang='lat' dir='ltr'>nuit.</span> <span class='ocrx_word' id='word_1_89' title='bbox 199 944 388 979; x_wconf 76' lang='lat' dir='ltr'>Lodowico</span> <span class='ocrx_word' id='word_1_90' title='bbox 406 945 506 979; x_wconf 81' lang='lat' dir='ltr'>cessit</span> <span class='ocrx_word' id='word_1_91' title='bbox 526 945 640 978; x_wconf 88' lang='lat' dir='ltr'>omnis</span> <span class='ocrx_word' id='word_1_92' title='bbox 656 943 842 978; x_wconf 82' lang='lat' dir='ltr'>Germania</span> <span class='ocrx_word' id='word_1_93' title='bbox 860 949 894 976; x_wconf 88' lang='lat' dir='ltr'>et</span> <span class='ocrx_word' id='word_1_94' title='bbox 911 955 1023 988; x_wconf 90' lang='lat' dir='ltr'>usque</span> <span class='ocrx_word' id='word_1_95' title='bbox 1045 941 1090 976; x_wconf 84' lang='lat' dir='ltr'>ad</span> <span class='ocrx_word' id='word_1_96' title='bbox 1109 943 1259 976; x_wconf 84' lang='lat' dir='ltr'>Renum.</span> <span class='ocrx_word' id='word_1_97' title='bbox 1282 942 1468 976; x_wconf 87' lang='lat' dir='ltr'>Lotharius</span> <span class='ocrx_word' id='word_1_98' title='bbox 1487 942 1598 987; x_wconf 84' lang='lat' dir='ltr'>major</span> 
     </span>
     <span class='ocr_line' id='line_1_10' title="bbox 88 1000 1595 1050; baseline -0.003 -12"><span class='ocrx_word' id='word_1_99' title='bbox 88 1010 174 1038; x_wconf 90' lang='lat' dir='ltr'>natu</span> <span class='ocrx_word' id='word_1_100' title='bbox 193 1010 228 1038; x_wconf 86' lang='lat' dir='ltr'>et</span> <span class='ocrx_word' id='word_1_101' title='bbox 246 1004 437 1050; x_wconf 86' lang='lat' dir='ltr'>imperator</span> <span class='ocrx_word' id='word_1_102' title='bbox 451 1009 585 1049; x_wconf 88' lang='lat' dir='ltr'>partem</span> <span class='ocrx_word' id='word_1_103' title='bbox 602 1003 736 1048; x_wconf 86' lang='lat' dir='ltr'>accepit</span> <span class='ocrx_word' id='word_1_104' title='bbox 750 1001 898 1036; x_wconf 85' lang='lat' dir='ltr'>Celticae</span> <span class='ocrx_word' id='word_1_105' title='bbox 914 1000 1043 1035; x_wconf 90' lang='lat' dir='ltr'>Galliae</span> <span class='ocrx_word' id='word_1_106' title='bbox 1055 1027 1063 1043; x_wconf 59' lang='lat' dir='ltr'>a</span> <span class='ocrx_word' id='word_1_107' title='bbox 1081 1013 1171 1046; x_wconf 89' lang='lat' dir='ltr'>quae</span> <span class='ocrx_word' id='word_1_108' title='bbox 1181 1001 1274 1046; x_wconf 89' lang='lat' dir='ltr'>jacet</span> <span class='ocrx_word' id='word_1_109' title='bbox 1291 1001 1382 1034; x_wconf 91' lang='lat' dir='ltr'>inter</span> <span class='ocrx_word' id='word_1_110' title='bbox 1395 1000 1595 1035; x_wconf 85' lang='lat' dir='ltr'>Gerunnarn</span> 
     </span>
     <span class='ocr_line' id='line_1_11' title="bbox 88 1058 1597 1105; baseline -0.003 -9"><span class='ocrx_word' id='word_1_111' title='bbox 88 1069 124 1097; x_wconf 91' lang='lat' dir='ltr'>et</span> <span class='ocrx_word' id='word_1_112' title='bbox 141 1061 330 1105; x_wconf 70' lang='lat' dir='ltr'>Secanam,</span> <span class='ocrx_word' id='word_1_113' title='bbox 351 1068 386 1095; x_wconf 91' lang='lat' dir='ltr'>et</span> <span class='ocrx_word' id='word_1_114' title='bbox 404 1068 512 1095; x_wconf 88' lang='lat' dir='ltr'>totam</span> <span class='ocrx_word' id='word_1_115' title='bbox 536 1073 616 1095; x_wconf 88' lang='lat' dir='ltr'>cum</span> <span class='ocrx_word' id='word_1_116' title='bbox 642 1061 751 1094; x_wconf 86' lang='lat' dir='ltr'>Roma</span> <span class='ocrx_word' id='word_1_117' title='bbox 774 1059 925 1101; x_wconf 62' lang='lat' dir='ltr'>Italiam‚</span> <span class='ocrx_word' id='word_1_118' title='bbox 947 1071 1083 1092; x_wconf 86' lang='lat' dir='ltr'>necnon</span> <span class='ocrx_word' id='word_1_119' title='bbox 1102 1065 1137 1092; x_wconf 91' lang='lat' dir='ltr'>et</span> <span class='ocrx_word' id='word_1_120' title='bbox 1155 1059 1373 1104; x_wconf 68' lang='lat' dir='ltr'>provinciam</span> <span class='ocrx_word' id='word_1_121' title='bbox 1391 1059 1482 1092; x_wconf 87' lang='lat' dir='ltr'>inter</span> <span class='ocrx_word' id='word_1_122' title='bbox 1501 1058 1597 1092; x_wconf 79' lang='lat' dir='ltr'>Scal-</span> 
     </span>
     <span class='ocr_line' id='line_1_12' title="bbox 88 1116 1162 1166; baseline -0.006 -11"><span class='ocrx_word' id='word_1_123' title='bbox 88 1120 171 1155; x_wconf 91' lang='lat' dir='ltr'>dam</span> <span class='ocrx_word' id='word_1_124' title='bbox 188 1126 223 1154; x_wconf 90' lang='lat' dir='ltr'>et</span> <span class='ocrx_word' id='word_1_125' title='bbox 242 1120 378 1154; x_wconf 86' lang='lat' dir='ltr'>Renum</span> <span class='ocrx_word' id='word_1_126' title='bbox 391 1146 400 1163; x_wconf 45' lang='lat'><em>5</em></span> <span class='ocrx_word' id='word_1_127' title='bbox 422 1132 513 1166; x_wconf 88' lang='lat' dir='ltr'>quae</span> <span class='ocrx_word' id='word_1_128' title='bbox 531 1119 575 1153; x_wconf 91' lang='lat' dir='ltr'>ab</span> <span class='ocrx_word' id='word_1_129' title='bbox 594 1131 635 1153; x_wconf 91' lang='lat' dir='ltr'>eo</span> <span class='ocrx_word' id='word_1_130' title='bbox 654 1118 881 1165; x_wconf 80' lang='lat' dir='ltr'>Lotliaringia</span> <span class='ocrx_word' id='word_1_131' title='bbox 900 1116 1162 1150; x_wconf 86' lang='lat' dir='ltr'>denominatur.</span> 
     </span>
    </p>

    <p class='ocr_par' dir='ltr' id='par_1_3' title="bbox 89 1174 1600 2160">
     <span class='ocr_line' id='line_1_13' title="bbox 137 1174 1596 1227; baseline -0.003 -14"><span class='ocrx_word' id='word_1_132' title='bbox 137 1178 280 1227; x_wconf 80' lang='lat' dir='ltr'>Sergius</span> <span class='ocrx_word' id='word_1_133' title='bbox 302 1190 392 1224; x_wconf 89' lang='lat' dir='ltr'>papa</span> <span class='ocrx_word' id='word_1_134' title='bbox 406 1176 581 1223; x_wconf 85' lang='lat' dir='ltr'>praesidet</span> <span class='ocrx_word' id='word_1_135' title='bbox 594 1177 694 1210; x_wconf 87' lang='lat' dir='ltr'>annis</span> <span class='ocrx_word' id='word_1_136' title='bbox 712 1177 871 1222; x_wconf 86' lang='lat' dir='ltr'>quinque</span> <span class='ocrx_word' id='word_1_137' title='bbox 883 1202 891 1217; x_wconf 78' lang='lat'>-,</span> <span class='ocrx_word' id='word_1_138' title='bbox 915 1174 959 1208; x_wconf 87' lang='lat' dir='ltr'>ad</span> <span class='ocrx_word' id='word_1_139' title='bbox 977 1175 1078 1220; x_wconf 83' lang='lat' dir='ltr'>cujus</span> <span class='ocrx_word' id='word_1_140' title='bbox 1095 1175 1300 1208; x_wconf 84' lang='lat' dir='ltr'>electionem</span> <span class='ocrx_word' id='word_1_141' title='bbox 1319 1175 1596 1209; x_wconf 85' lang='lat' dir='ltr'>confirmandam</span> 
     </span>
     <span class='ocr_line' id='line_1_14' title="bbox 90 1233 1598 1281; baseline -0.003 -10"><span class='ocrx_word' id='word_1_142' title='bbox 90 1237 316 1279; x_wconf 61' lang='lat' dir='ltr'>Lodowicus‚</span> <span class='ocrx_word' id='word_1_143' title='bbox 339 1236 430 1269; x_wconf 86' lang='lat' dir='ltr'>filius</span> <span class='ocrx_word' id='word_1_144' title='bbox 444 1235 599 1269; x_wconf 85' lang='lat' dir='ltr'>Lotharii</span> <span class='ocrx_word' id='word_1_145' title='bbox 614 1234 852 1280; x_wconf 44' lang='lat' dir='ltr'>imperatoris,</span> <span class='ocrx_word' id='word_1_146' title='bbox 871 1246 891 1267; x_wconf 86' lang='lat' dir='ltr'>a</span> <span class='ocrx_word' id='word_1_147' title='bbox 909 1240 1007 1279; x_wconf 89' lang='lat' dir='ltr'>patre</span> <span class='ocrx_word' id='word_1_148' title='bbox 1023 1233 1147 1266; x_wconf 78' lang='lat' dir='ltr'>missus</span> <span class='ocrx_word' id='word_1_149' title='bbox 1162 1233 1206 1266; x_wconf 87' lang='lat' dir='ltr'>ab</span> <span class='ocrx_word' id='word_1_150' title='bbox 1220 1245 1261 1266; x_wconf 91' lang='lat' dir='ltr'>eo</span> <span class='ocrx_word' id='word_1_151' title='bbox 1276 1233 1311 1266; x_wconf 90' lang='lat' dir='ltr'>in</span> <span class='ocrx_word' id='word_1_152' title='bbox 1329 1246 1445 1281; x_wconf 77' lang='lat' dir='ltr'>regem</span> <span class='ocrx_word' id='word_1_153' title='bbox 1464 1234 1598 1281; x_wconf 80' lang='lat' dir='ltr'>Longo—</span> 
     </span>
     <span class='ocr_line' id='line_1_15' title="bbox 90 1290 1598 1338; baseline -0.003 -8"><span class='ocrx_word' id='word_1_154' title='bbox 90 1295 283 1330; x_wconf 91' lang='lat' dir='ltr'>bardorum</span> <span class='ocrx_word' id='word_1_155' title='bbox 302 1301 431 1328; x_wconf 89' lang='lat' dir='ltr'>unctus</span> <span class='ocrx_word' id='word_1_156' title='bbox 449 1300 511 1327; x_wconf 87' lang='lat' dir='ltr'>est.</span> <span class='ocrx_word' id='word_1_157' title='bbox 532 1294 741 1333; x_wconf 65' lang='lat' dir='ltr'>Rabbauus,</span> <span class='ocrx_word' id='word_1_158' title='bbox 761 1292 917 1338; x_wconf 83' lang='lat' dir='ltr'>sophista</span> <span class='ocrx_word' id='word_1_159' title='bbox 929 1318 937 1334; x_wconf 51' lang='lat'>2</span> <span class='ocrx_word' id='word_1_160' title='bbox 960 1304 1001 1324; x_wconf 75' lang='lat' dir='ltr'>ex</span> <span class='ocrx_word' id='word_1_161' title='bbox 1019 1292 1144 1324; x_wconf 85' lang='lat' dir='ltr'>abbate</span> <span class='ocrx_word' id='word_1_162' title='bbox 1160 1290 1320 1325; x_wconf 89' lang='lat' dir='ltr'>Fuldensi</span> <span class='ocrx_word' id='word_1_163' title='bbox 1334 1293 1598 1338; x_wconf 83' lang='lat' dir='ltr'>archiepiscopo</span> 
     </span>
     <span class='ocr_line' id='line_1_16' title="bbox 89 1349 1599 1403; baseline -0.004 -14"><span class='ocrx_word' id='word_1_164' title='bbox 89 1354 313 1403; x_wconf 62' lang='lat' dir='ltr'>Maguntiae,</span> <span class='ocrx_word' id='word_1_165' title='bbox 338 1353 466 1387; x_wconf 89' lang='lat' dir='ltr'>librum</span> <span class='ocrx_word' id='word_1_166' title='bbox 489 1352 542 1387; x_wconf 84' lang='lat' dir='ltr'>De</span> <span class='ocrx_word' id='word_1_167' title='bbox 564 1352 667 1386; x_wconf 76' lang='lat' dir='ltr'>laude</span> <span class='ocrx_word' id='word_1_168' title='bbox 693 1353 825 1393; x_wconf 75' lang='lat' dir='ltr'>crucis,</span> <span class='ocrx_word' id='word_1_169' title='bbox 850 1351 1045 1398; x_wconf 76' lang='lat' dir='ltr'>figurarum</span> <span class='ocrx_word' id='word_1_170' title='bbox 1068 1350 1232 1383; x_wconf 73' lang='lat' dir='ltr'>varietate</span> <span class='ocrx_word' id='word_1_171' title='bbox 1256 1349 1461 1384; x_wconf 86' lang='lat' dir='ltr'>distinctum</span> <span class='ocrx_word' id='word_1_172' title='bbox 1480 1357 1514 1384; x_wconf 81' lang='lat' dir='ltr'>et</span> <span class='ocrx_word' id='word_1_173' title='bbox 1531 1351 1599 1384; x_wconf 90' lang='lat' dir='ltr'>mi-</span> 
     </span>
     <span class='ocr_line' id='line_1_17' title="bbox 89 1408 1599 1458; baseline -0.003 -11"><span class='ocrx_word' id='word_1_174' title='bbox 89 1412 202 1448; x_wconf 87' lang='lat' dir='ltr'>rando</span> <span class='ocrx_word' id='word_1_175' title='bbox 225 1418 387 1458; x_wconf 75' lang='lat' dir='ltr'>poemate</span> <span class='ocrx_word' id='word_1_176' title='bbox 407 1411 642 1457; x_wconf 90' lang='lat' dir='ltr'>compositum</span> <span class='ocrx_word' id='word_1_177' title='bbox 667 1409 788 1458; x_wconf 77' lang='lat' dir='ltr'>Sergio</span> <span class='ocrx_word' id='word_1_178' title='bbox 808 1421 918 1455; x_wconf 86' lang='lat' dir='ltr'>papae</span> <span class='ocrx_word' id='word_1_179' title='bbox 940 1409 1046 1442; x_wconf 88' lang='lat' dir='ltr'>misit.</span> <span class='ocrx_word' id='word_1_180' title='bbox 1071 1408 1220 1442; x_wconf 81' lang='lat' dir='ltr'>Michael</span> <span class='ocrx_word' id='word_1_181' title='bbox 1239 1415 1273 1442; x_wconf 89' lang='lat' dir='ltr'>et</span> <span class='ocrx_word' id='word_1_182' title='bbox 1295 1408 1482 1443; x_wconf 86' lang='lat' dir='ltr'>Theodora</span> <span class='ocrx_word' id='word_1_183' title='bbox 1505 1409 1599 1443; x_wconf 90' lang='lat' dir='ltr'>Con-</span> 
     </span>
     <span class='ocr_line' id='line_1_18' title="bbox 90 1466 1599 1517; baseline -0.002 -12"><span class='ocrx_word' id='word_1_184' title='bbox 90 1470 409 1517; x_wconf 89' lang='lat' dir='ltr'>stantinopolitanis</span> <span class='ocrx_word' id='word_1_185' title='bbox 429 1470 618 1515; x_wconf 86' lang='lat' dir='ltr'>imperant.</span> <span class='ocrx_word' id='word_1_186' title='bbox 640 1468 709 1502; x_wconf 86' lang='lat' dir='ltr'>Leo</span> <span class='ocrx_word' id='word_1_187' title='bbox 725 1480 814 1514; x_wconf 88' lang='lat' dir='ltr'>papa</span> <span class='ocrx_word' id='word_1_188' title='bbox 835 1466 1009 1513; x_wconf 83' lang='lat' dir='ltr'>praesidet</span> <span class='ocrx_word' id='word_1_189' title='bbox 1028 1473 1162 1512; x_wconf 86' lang='lat' dir='ltr'>septem</span> <span class='ocrx_word' id='word_1_190' title='bbox 1185 1467 1284 1500; x_wconf 87' lang='lat' dir='ltr'>annis</span> <span class='ocrx_word' id='word_1_191' title='bbox 1303 1473 1337 1500; x_wconf 88' lang='lat' dir='ltr'>et</span> <span class='ocrx_word' id='word_1_192' title='bbox 1353 1467 1512 1501; x_wconf 89' lang='lat' dir='ltr'>dimidio.</span> <span class='ocrx_word' id='word_1_193' title='bbox 1538 1468 1599 1502; x_wconf 88' lang='lat' dir='ltr'>Hic</span> 
     </span>
     <span class='ocr_line' id='line_1_19' title="bbox 89 1524 1596 1569; baseline -0.003 -6"><span class='ocrx_word' id='word_1_194' title='bbox 89 1529 245 1564; x_wconf 77' lang='lat' dir='ltr'>decrevit</span> <span class='ocrx_word' id='word_1_195' title='bbox 268 1528 405 1562; x_wconf 88' lang='lat' dir='ltr'>nullum</span> <span class='ocrx_word' id='word_1_196' title='bbox 426 1528 554 1561; x_wconf 87' lang='lat' dir='ltr'>laicum</span> <span class='ocrx_word' id='word_1_197' title='bbox 573 1534 664 1561; x_wconf 89' lang='lat' dir='ltr'>stare</span> <span class='ocrx_word' id='word_1_198' title='bbox 683 1526 736 1560; x_wconf 79' lang='lat' dir='ltr'>vel</span> <span class='ocrx_word' id='word_1_199' title='bbox 754 1525 875 1560; x_wconf 85' lang='lat' dir='ltr'>sedere</span> <span class='ocrx_word' id='word_1_200' title='bbox 894 1526 931 1558; x_wconf 91' lang='lat' dir='ltr'>in</span> <span class='ocrx_word' id='word_1_201' title='bbox 947 1525 1118 1568; x_wconf 62' lang='lat' dir='ltr'>oratorio7</span> <span class='ocrx_word' id='word_1_202' title='bbox 1140 1524 1225 1558; x_wconf 88' lang='lat' dir='ltr'>dum</span> <span class='ocrx_word' id='word_1_203' title='bbox 1246 1537 1342 1558; x_wconf 84' lang='lat' dir='ltr'>sacra</span> <span class='ocrx_word' id='word_1_204' title='bbox 1357 1526 1596 1569; x_wconf 78' lang='lat' dir='ltr'>celebrantur⁷</span> 
     </span>
     <span class='ocr_line' id='line_1_20' title="bbox 90 1583 1600 1632; baseline -0.003 -10"><span class='ocrx_word' id='word_1_205' title='bbox 90 1595 126 1623; x_wconf 90' lang='lat' dir='ltr'>et</span> <span class='ocrx_word' id='word_1_206' title='bbox 148 1594 189 1622; x_wconf 92' lang='lat' dir='ltr'>ut</span> <span class='ocrx_word' id='word_1_207' title='bbox 213 1593 355 1621; x_wconf 88' lang='lat' dir='ltr'>octavae</span> <span class='ocrx_word' id='word_1_208' title='bbox 381 1586 640 1632; x_wconf 85' lang='lat' dir='ltr'>Assumptionis</span> <span class='ocrx_word' id='word_1_209' title='bbox 660 1585 895 1619; x_wconf 86' lang='lat' dir='ltr'>celebrentur.</span> <span class='ocrx_word' id='word_1_210' title='bbox 920 1583 1047 1618; x_wconf 87' lang='lat' dir='ltr'>Sancta</span> <span class='ocrx_word' id='word_1_211' title='bbox 1072 1583 1200 1617; x_wconf 87' lang='lat' dir='ltr'>Helena</span> <span class='ocrx_word' id='word_1_212' title='bbox 1221 1584 1425 1629; x_wconf 75' lang='lat' dir='ltr'>imperatrix</span> <span class='ocrx_word' id='word_1_213' title='bbox 1446 1597 1465 1618; x_wconf 91' lang='lat' dir='ltr'>a</span> <span class='ocrx_word' id='word_1_214' title='bbox 1489 1585 1600 1618; x_wconf 86' lang='lat' dir='ltr'>Roma</span> 
     </span>
     <span class='ocr_line' id='line_1_21' title="bbox 91 1641 1599 1690; baseline -0.003 -9"><span class='ocrx_word' id='word_1_215' title='bbox 91 1646 302 1682; x_wconf 85' lang='lat' dir='ltr'>transfertur</span> <span class='ocrx_word' id='word_1_216' title='bbox 319 1645 365 1679; x_wconf 88' lang='lat' dir='ltr'>ad</span> <span class='ocrx_word' id='word_1_217' title='bbox 383 1645 594 1679; x_wconf 89' lang='lat' dir='ltr'>coenobium</span> <span class='ocrx_word' id='word_1_218' title='bbox 614 1644 723 1678; x_wconf 86' lang='lat' dir='ltr'>sancti</span> <span class='ocrx_word' id='word_1_219' title='bbox 744 1644 837 1677; x_wconf 89' lang='lat' dir='ltr'>Petri</span> <span class='ocrx_word' id='word_1_220' title='bbox 850 1671 858 1683; x_wconf 45' lang='grc' dir='ltr'><strong>Ἰ</strong></span> <span class='ocrx_word' id='word_1_221' title='bbox 883 1642 980 1690; x_wconf 89' lang='lat' dir='ltr'>quod</span> <span class='ocrx_word' id='word_1_222' title='bbox 1003 1641 1222 1676; x_wconf 70' lang='lat' dir='ltr'>Hautvillers</span> <span class='ocrx_word' id='word_1_223' title='bbox 1242 1641 1372 1676; x_wconf 89' lang='lat' dir='ltr'>dicitur</span> <span class='ocrx_word' id='word_1_224' title='bbox 1391 1643 1426 1676; x_wconf 89' lang='lat' dir='ltr'>in</span> <span class='ocrx_word' id='word_1_225' title='bbox 1448 1642 1599 1677; x_wconf 89' lang='lat' dir='ltr'>dioecesi</span> 
     </span>
     <span class='ocr_line' id='line_1_22' title="bbox 91 1700 1600 1747; baseline -0.004 -7"><span class='ocrx_word' id='word_1_226' title='bbox 91 1705 266 1741; x_wconf 88' lang='lat' dir='ltr'>Remensi.</span> <span class='ocrx_word' id='word_1_227' title='bbox 289 1705 390 1739; x_wconf 85' lang='lat' dir='ltr'>Anno</span> <span class='ocrx_word' id='word_1_228' title='bbox 411 1704 551 1738; x_wconf 86' lang='lat' dir='ltr'>Domini</span> <span class='ocrx_word' id='word_1_229' title='bbox 569 1703 743 1746; x_wconf 58' lang='lat' dir='ltr'>DCCCLL</span> <span class='ocrx_word' id='word_1_230' title='bbox 769 1703 855 1736; x_wconf 87' lang='lat' dir='ltr'>Dani</span> <span class='ocrx_word' id='word_1_231' title='bbox 876 1702 1016 1736; x_wconf 83' lang='lat' dir='ltr'>Frisiam</span> <span class='ocrx_word' id='word_1_232' title='bbox 1034 1708 1069 1735; x_wconf 89' lang='lat' dir='ltr'>et</span> <span class='ocrx_word' id='word_1_233' title='bbox 1086 1702 1232 1735; x_wconf 77' lang='lat' dir='ltr'>Batavos</span> <span class='ocrx_word' id='word_1_234' title='bbox 1254 1701 1482 1747; x_wconf 72' lang='lat' dir='ltr'>populantes7</span> <span class='ocrx_word' id='word_1_235' title='bbox 1504 1700 1600 1747; x_wconf 89' lang='lat' dir='ltr'>apud</span> 
     </span>
     <span class='ocr_line' id='line_1_23' title="bbox 92 1759 1599 1806; baseline -0.004 -8"><span class='ocrx_word' id='word_1_236' title='bbox 92 1763 299 1800; x_wconf 80' lang='lat' dir='ltr'>Gandavum</span> <span class='ocrx_word' id='word_1_237' title='bbox 318 1763 569 1797; x_wconf 88' lang='lat' dir='ltr'>monasterium</span> <span class='ocrx_word' id='word_1_238' title='bbox 586 1761 795 1796; x_wconf 71' lang='lat' dir='ltr'>S.-Bavonis</span> <span class='ocrx_word' id='word_1_239' title='bbox 814 1760 1029 1802; x_wconf 77' lang='lat' dir='ltr'>incendunt3</span> <span class='ocrx_word' id='word_1_240' title='bbox 1051 1759 1216 1794; x_wconf 88' lang='lat' dir='ltr'>monachi</span> <span class='ocrx_word' id='word_1_241' title='bbox 1234 1760 1398 1806; x_wconf 86' lang='lat' dir='ltr'>reliquias</span> <span class='ocrx_word' id='word_1_242' title='bbox 1414 1760 1488 1806; x_wconf 90' lang='lat' dir='ltr'>ejus</span> <span class='ocrx_word' id='word_1_243' title='bbox 1506 1760 1599 1793; x_wconf 92' lang='lat' dir='ltr'>Lau-</span> 
     </span>
     <span class='ocr_line' id='line_1_24' title="bbox 89 1818 1598 1862; baseline -0.003 -6"><span class='ocrx_word' id='word_1_244' title='bbox 89 1821 188 1857; x_wconf 91' lang='lat' dir='ltr'>duno</span> <span class='ocrx_word' id='word_1_245' title='bbox 209 1820 464 1856; x_wconf 88' lang='lat' dir='ltr'>conservandas</span> <span class='ocrx_word' id='word_1_246' title='bbox 476 1820 746 1854; x_wconf 88' lang='lat' dir='ltr'>transtulerunt.</span> <span class='ocrx_word' id='word_1_247' title='bbox 769 1819 935 1862; x_wconf 63' lang='lat' dir='ltr'>Karolus,</span> <span class='ocrx_word' id='word_1_248' title='bbox 959 1831 1017 1852; x_wconf 79' lang='lat' dir='ltr'>rex</span> <span class='ocrx_word' id='word_1_249' title='bbox 1038 1819 1272 1861; x_wconf 66' lang='lat' dir='ltr'>Francorum7</span> <span class='ocrx_word' id='word_1_250' title='bbox 1295 1818 1385 1851; x_wconf 90' lang='lat' dir='ltr'>filios</span> <span class='ocrx_word' id='word_1_251' title='bbox 1405 1818 1522 1852; x_wconf 89' lang='lat' dir='ltr'>fratris</span> <span class='ocrx_word' id='word_1_252' title='bbox 1545 1819 1598 1851; x_wconf 92' lang='lat' dir='ltr'>sui</span> 
     </span>
     <span class='ocr_line' id='line_1_25' title="bbox 90 1876 1598 1927; baseline -0.003 -12"><span class='ocrx_word' id='word_1_253' title='bbox 90 1880 244 1927; x_wconf 76' lang='lat' dir='ltr'>Pippini7</span> <span class='ocrx_word' id='word_1_254' title='bbox 263 1879 455 1926; x_wconf 88' lang='lat' dir='ltr'>Pippinum</span> <span class='ocrx_word' id='word_1_255' title='bbox 469 1885 504 1912; x_wconf 89' lang='lat' dir='ltr'>et</span> <span class='ocrx_word' id='word_1_256' title='bbox 520 1879 705 1922; x_wconf 63' lang='lat' dir='ltr'>Karolum7</span> <span class='ocrx_word' id='word_1_257' title='bbox 723 1890 874 1926; x_wconf 82' lang='lat' dir='ltr'>regnum</span> <span class='ocrx_word' id='word_1_258' title='bbox 889 1878 1124 1924; x_wconf 87' lang='lat' dir='ltr'>inquietantes</span> <span class='ocrx_word' id='word_1_259' title='bbox 1142 1877 1235 1922; x_wconf 89' lang='lat' dir='ltr'>capit</span> <span class='ocrx_word' id='word_1_260' title='bbox 1247 1883 1282 1910; x_wconf 88' lang='lat' dir='ltr'>et</span> <span class='ocrx_word' id='word_1_261' title='bbox 1297 1876 1456 1911; x_wconf 89' lang='lat' dir='ltr'>attondet</span> <span class='ocrx_word' id='word_1_262' title='bbox 1472 1877 1508 1910; x_wconf 92' lang='lat' dir='ltr'>in</span> <span class='ocrx_word' id='word_1_263' title='bbox 1527 1889 1598 1910; x_wconf 90' lang='lat' dir='ltr'>mo-</span> 
     </span>
     <span class='ocr_line' id='line_1_26' title="bbox 91 1934 1599 1984; baseline -0.004 -11"><span class='ocrx_word' id='word_1_264' title='bbox 91 1939 236 1973; x_wconf 87' lang='lat' dir='ltr'>nachos.</span> <span class='ocrx_word' id='word_1_265' title='bbox 253 1938 448 1973; x_wconf 77' lang='lat' dir='ltr'>Normanni</span> <span class='ocrx_word' id='word_1_266' title='bbox 458 1965 466 1981; x_wconf 67' lang='lat'>7</span> <span class='ocrx_word' id='word_1_267' title='bbox 484 1950 547 1984; x_wconf 87' lang='lat' dir='ltr'>per</span> <span class='ocrx_word' id='word_1_268' title='bbox 562 1949 658 1971; x_wconf 88' lang='lat' dir='ltr'>mare</span> <span class='ocrx_word' id='word_1_269' title='bbox 672 1937 913 1970; x_wconf 85' lang='lat' dir='ltr'>Britannicum</span> <span class='ocrx_word' id='word_1_270' title='bbox 929 1936 1015 1969; x_wconf 84' lang='lat' dir='ltr'>ostia</span> <span class='ocrx_word' id='word_1_271' title='bbox 1030 1935 1162 1983; x_wconf 79' lang='lat' dir='ltr'>Ligeris</span> <span class='ocrx_word' id='word_1_272' title='bbox 1175 1935 1321 1983; x_wconf 81' lang='lat' dir='ltr'>ingressi</span> <span class='ocrx_word' id='word_1_273' title='bbox 1331 1962 1339 1978; x_wconf 67' lang='lat' dir='ltr'>e</span> <span class='ocrx_word' id='word_1_274' title='bbox 1355 1935 1481 1968; x_wconf 89' lang='lat' dir='ltr'>urbem</span> <span class='ocrx_word' id='word_1_275' title='bbox 1496 1934 1599 1969; x_wconf 75' lang='lat' dir='ltr'>Nam-</span> 
     </span>
     <span class='ocr_line' id='line_1_27' title="bbox 92 1993 1598 2042; baseline -0.003 -11"><span class='ocrx_word' id='word_1_276' title='bbox 92 2003 209 2032; x_wconf 89' lang='lat' dir='ltr'>netem</span> <span class='ocrx_word' id='word_1_277' title='bbox 227 1995 401 2030; x_wconf 84' lang='lat' dir='ltr'>invadunt</span> <span class='ocrx_word' id='word_1_278' title='bbox 412 2023 421 2040; x_wconf 70' lang='grc'><em>,</em></span> <span class='ocrx_word' id='word_1_279' title='bbox 443 1997 647 2042; x_wconf 87' lang='lat' dir='ltr'>episcopum</span> <span class='ocrx_word' id='word_1_280' title='bbox 668 1995 815 2029; x_wconf 87' lang='lat' dir='ltr'>sabbato</span> <span class='ocrx_word' id='word_1_281' title='bbox 833 2000 954 2028; x_wconf 91' lang='lat' dir='ltr'>sancto</span> <span class='ocrx_word' id='word_1_282' title='bbox 968 1993 1121 2027; x_wconf 87' lang='lat' dir='ltr'>Paschae</span> <span class='ocrx_word' id='word_1_283' title='bbox 1134 1993 1350 2038; x_wconf 85' lang='lat' dir='ltr'>baptismum</span> <span class='ocrx_word' id='word_1_284' title='bbox 1363 1993 1598 2027; x_wconf 86' lang='lat' dir='ltr'>celebrantem</span> 
     </span>
     <span class='ocr_line' id='line_1_28' title="bbox 90 2050 1595 2101; baseline -0.004 -11"><span class='ocrx_word' id='word_1_285' title='bbox 90 2054 272 2090; x_wconf 86' lang='lat' dir='ltr'>trucidant</span> <span class='ocrx_word' id='word_1_286' title='bbox 287 2061 323 2088; x_wconf 87' lang='lat' dir='ltr'>et</span> <span class='ocrx_word' id='word_1_287' title='bbox 339 2055 512 2101; x_wconf 88' lang='lat' dir='ltr'>populum</span> <span class='ocrx_word' id='word_1_288' title='bbox 531 2055 712 2101; x_wconf 89' lang='lat' dir='ltr'>perimunt</span> <span class='ocrx_word' id='word_1_289' title='bbox 724 2081 732 2097; x_wconf 65' lang='lat'><em>7</em></span> <span class='ocrx_word' id='word_1_290' title='bbox 753 2052 835 2087; x_wconf 87' lang='lat' dir='ltr'>inde</span> <span class='ocrx_word' id='word_1_291' title='bbox 854 2051 1070 2100; x_wconf 65' lang='lat' dir='ltr'>Andegavis,</span> <span class='ocrx_word' id='word_1_292' title='bbox 1092 2050 1220 2085; x_wconf 87' lang='lat' dir='ltr'>deinde</span> <span class='ocrx_word' id='word_1_293' title='bbox 1239 2051 1390 2085; x_wconf 87' lang='lat' dir='ltr'>Turonis</span> <span class='ocrx_word' id='word_1_294' title='bbox 1408 2058 1595 2097; x_wconf 35' lang='lat' dir='ltr'>occupanti</span> 
     </span>
     <span class='ocr_line' id='line_1_29' title="bbox 91 2112 751 2160; baseline -0.003 -12"><span class='ocrx_word' id='word_1_295' title='bbox 91 2120 127 2148; x_wconf 89' lang='lat' dir='ltr'>et</span> <span class='ocrx_word' id='word_1_296' title='bbox 139 2113 312 2160; x_wconf 84' lang='lat' dir='ltr'>templum</span> <span class='ocrx_word' id='word_1_297' title='bbox 327 2112 529 2147; x_wconf 87' lang='lat' dir='ltr'>S.-Martini</span> <span class='ocrx_word' id='word_1_298' title='bbox 544 2113 751 2147; x_wconf 88' lang='lat' dir='ltr'>incendunt.</span> 
     </span>
    </p>

    <p class='ocr_par' dir='ltr' id='par_1_4' title="bbox 90 2167 1599 2568">
     <span class='ocr_line' id='line_1_30' title="bbox 141 2167 1596 2218; baseline -0.003 -12"><span class='ocrx_word' id='word_1_299' title='bbox 141 2173 370 2215; x_wconf 59' lang='lat' dir='ltr'>Hincmarus²</span> <span class='ocrx_word' id='word_1_300' title='bbox 397 2172 684 2218; x_wconf 88' lang='lat' dir='ltr'>archiepiscopus</span> <span class='ocrx_word' id='word_1_301' title='bbox 710 2170 906 2213; x_wconf 65' lang='lat' dir='ltr'>Remensis„</span> <span class='ocrx_word' id='word_1_302' title='bbox 934 2169 1052 2204; x_wconf 88' lang='lat' dir='ltr'>claret.</span> <span class='ocrx_word' id='word_1_303' title='bbox 1075 2169 1284 2203; x_wconf 86' lang='lat' dir='ltr'>Benedictus</span> <span class='ocrx_word' id='word_1_304' title='bbox 1310 2181 1400 2215; x_wconf 90' lang='lat' dir='ltr'>papa</span> <span class='ocrx_word' id='word_1_305' title='bbox 1425 2167 1596 2214; x_wconf 85' lang='lat' dir='ltr'>praesidet</span> 
     </span>
     <span class='ocr_line' id='line_1_31' title="bbox 91 2227 1599 2276; baseline -0.003 -11"><span class='ocrx_word' id='word_1_306' title='bbox 91 2231 206 2266; x_wconf 87' lang='lat' dir='ltr'>tribus</span> <span class='ocrx_word' id='word_1_307' title='bbox 220 2231 320 2264; x_wconf 90' lang='lat' dir='ltr'>annis</span> <span class='ocrx_word' id='word_1_308' title='bbox 338 2236 373 2264; x_wconf 91' lang='lat' dir='ltr'>et</span> <span class='ocrx_word' id='word_1_309' title='bbox 386 2230 548 2264; x_wconf 86' lang='lat' dir='ltr'>dimidio.</span> <span class='ocrx_word' id='word_1_310' title='bbox 571 2230 651 2270; x_wconf 87' lang='lat' dir='ltr'>Quo</span> <span class='ocrx_word' id='word_1_311' title='bbox 670 2229 928 2276; x_wconf 90' lang='lat' dir='ltr'>conspiratione</span> <span class='ocrx_word' id='word_1_312' title='bbox 945 2227 1183 2274; x_wconf 88' lang='lat' dir='ltr'>quorumdam</span> <span class='ocrx_word' id='word_1_313' title='bbox 1200 2227 1377 2273; x_wconf 64' lang='lat' dir='ltr'>deposito7</span> <span class='ocrx_word' id='word_1_314' title='bbox 1399 2227 1599 2261; x_wconf 81' lang='lat' dir='ltr'>Anastasius</span> 
     </span>
     <span class='ocr_line' id='line_1_32' title="bbox 94 2285 1598 2337; baseline -0.003 -14"><span class='ocrx_word' id='word_1_315' title='bbox 94 2289 331 2337; x_wconf 86' lang='lat' dir='ltr'>praesulatum</span> <span class='ocrx_word' id='word_1_316' title='bbox 351 2288 504 2332; x_wconf 71' lang='lat' dir='ltr'>invadit7</span> <span class='ocrx_word' id='word_1_317' title='bbox 525 2288 586 2323; x_wconf 90' lang='lat' dir='ltr'>sed</span> <span class='ocrx_word' id='word_1_318' title='bbox 600 2289 659 2322; x_wconf 93' lang='lat' dir='ltr'>illo</span> <span class='ocrx_word' id='word_1_319' title='bbox 677 2301 696 2322; x_wconf 91' lang='lat' dir='ltr'>a</span> <span class='ocrx_word' id='word_1_320' title='bbox 716 2288 836 2336; x_wconf 80' lang='lat' dir='ltr'>legatis</span> <span class='ocrx_word' id='word_1_321' title='bbox 852 2287 1006 2321; x_wconf 89' lang='lat' dir='ltr'>Lotharii</span> <span class='ocrx_word' id='word_1_322' title='bbox 1021 2287 1242 2332; x_wconf 88' lang='lat' dir='ltr'>imperatoris</span> <span class='ocrx_word' id='word_1_323' title='bbox 1256 2285 1392 2332; x_wconf 87' lang='lat' dir='ltr'>dejecto</span> <span class='ocrx_word' id='word_1_324' title='bbox 1410 2292 1444 2320; x_wconf 89' lang='lat' dir='ltr'>et</span> <span class='ocrx_word' id='word_1_325' title='bbox 1463 2286 1498 2319; x_wconf 90' lang='lat' dir='ltr'>in</span> <span class='ocrx_word' id='word_1_326' title='bbox 1520 2297 1598 2320; x_wconf 91' lang='lat' dir='ltr'>car-</span> 
     </span>
     <span class='ocr_line' id='line_1_33' title="bbox 92 2345 1599 2391; baseline -0.003 -9"><span class='ocrx_word' id='word_1_327' title='bbox 92 2360 207 2383; x_wconf 90' lang='lat' dir='ltr'>cerem</span> <span class='ocrx_word' id='word_1_328' title='bbox 221 2354 321 2381; x_wconf 88' lang='lat' dir='ltr'>truso</span> <span class='ocrx_word' id='word_1_329' title='bbox 333 2375 342 2391; x_wconf 64' lang='lat'>7</span> <span class='ocrx_word' id='word_1_330' title='bbox 361 2347 570 2381; x_wconf 88' lang='lat' dir='ltr'>Benedictus</span> <span class='ocrx_word' id='word_1_331' title='bbox 588 2347 783 2381; x_wconf 89' lang='lat' dir='ltr'>honorifice</span> <span class='ocrx_word' id='word_1_332' title='bbox 804 2347 839 2380; x_wconf 94' lang='lat' dir='ltr'>in</span> <span class='ocrx_word' id='word_1_333' title='bbox 858 2358 920 2379; x_wconf 88' lang='lat' dir='ltr'>sua</span> <span class='ocrx_word' id='word_1_334' title='bbox 937 2345 1019 2379; x_wconf 88' lang='lat' dir='ltr'>sede</span> <span class='ocrx_word' id='word_1_335' title='bbox 1035 2346 1221 2379; x_wconf 90' lang='lat' dir='ltr'>relocatur.</span> <span class='ocrx_word' id='word_1_336' title='bbox 1239 2345 1426 2379; x_wconf 88' lang='lat' dir='ltr'>Lotharius</span> <span class='ocrx_word' id='word_1_337' title='bbox 1445 2345 1599 2390; x_wconf 89' lang='lat' dir='ltr'>impera—</span> 
     </span>
     <span class='ocr_line' id='line_1_34' title="bbox 92 2404 1595 2454; baseline -0.002 -14"><span class='ocrx_word' id='word_1_338' title='bbox 92 2413 149 2441; x_wconf 89' lang='lat' dir='ltr'>tor</span> <span class='ocrx_word' id='word_1_339' title='bbox 161 2433 169 2449; x_wconf 79' lang='lat'>-.</span> <span class='ocrx_word' id='word_1_340' title='bbox 196 2407 325 2453; x_wconf 88' lang='lat' dir='ltr'>partito</span> <span class='ocrx_word' id='word_1_341' title='bbox 344 2406 436 2440; x_wconf 90' lang='lat' dir='ltr'>inter</span> <span class='ocrx_word' id='word_1_342' title='bbox 458 2406 548 2440; x_wconf 85' lang='lat' dir='ltr'>filios</span> <span class='ocrx_word' id='word_1_343' title='bbox 566 2418 675 2454; x_wconf 79' lang='lat' dir='ltr'>regno</span> <span class='ocrx_word' id='word_1_344' title='bbox 687 2433 695 2448; x_wconf 58' lang='lat'><em>7</em></span> <span class='ocrx_word' id='word_1_345' title='bbox 715 2405 941 2439; x_wconf 89' lang='lat' dir='ltr'>abrenuntiat</span> <span class='ocrx_word' id='word_1_346' title='bbox 961 2405 1079 2438; x_wconf 89' lang='lat' dir='ltr'>seculo</span> <span class='ocrx_word' id='word_1_347' title='bbox 1100 2411 1134 2438; x_wconf 90' lang='lat' dir='ltr'>et</span> <span class='ocrx_word' id='word_1_348' title='bbox 1151 2405 1187 2438; x_wconf 90' lang='lat' dir='ltr'>in</span> <span class='ocrx_word' id='word_1_349' title='bbox 1206 2404 1348 2438; x_wconf 88' lang='lat' dir='ltr'>Prumia</span> <span class='ocrx_word' id='word_1_350' title='bbox 1364 2405 1574 2437; x_wconf 88' lang='lat' dir='ltr'>monasterio</span> <span class='ocrx_word' id='word_1_351' title='bbox 1587 2431 1595 2442; x_wconf 70' lang='grc'>,</span> 
     </span>
     <span class='ocr_line' id='line_1_35' title="bbox 90 2461 1598 2511; baseline -0.002 -12"><span class='ocrx_word' id='word_1_352' title='bbox 90 2465 217 2499; x_wconf 92' lang='lat' dir='ltr'>habitu</span> <span class='ocrx_word' id='word_1_353' title='bbox 237 2464 401 2498; x_wconf 89' lang='lat' dir='ltr'>monachi</span> <span class='ocrx_word' id='word_1_354' title='bbox 420 2471 582 2511; x_wconf 86' lang='lat' dir='ltr'>suscepto</span> <span class='ocrx_word' id='word_1_355' title='bbox 594 2491 602 2507; x_wconf 58' lang='lat'>7</span> <span class='ocrx_word' id='word_1_356' title='bbox 625 2464 781 2498; x_wconf 89' lang='lat' dir='ltr'>coelestis</span> <span class='ocrx_word' id='word_1_357' title='bbox 801 2463 900 2511; x_wconf 76' lang='lat' dir='ltr'>regni</span> <span class='ocrx_word' id='word_1_358' title='bbox 918 2463 1015 2497; x_wconf 89' lang='lat' dir='ltr'>curia</span> <span class='ocrx_word' id='word_1_359' title='bbox 1034 2462 1183 2510; x_wconf 70' lang='lat' dir='ltr'>dignus,</span> <span class='ocrx_word' id='word_1_360' title='bbox 1202 2475 1271 2498; x_wconf 92' lang='lat' dir='ltr'>non</span> <span class='ocrx_word' id='word_1_361' title='bbox 1287 2463 1398 2496; x_wconf 90' lang='lat' dir='ltr'>multo</span> <span class='ocrx_word' id='word_1_362' title='bbox 1418 2468 1496 2508; x_wconf 85' lang='lat' dir='ltr'>post</span> <span class='ocrx_word' id='word_1_363' title='bbox 1513 2461 1598 2496; x_wconf 91' lang='lat' dir='ltr'>dor-</span> 
     </span>
     <span class='ocr_line' id='line_1_36' title="bbox 91 2521 1107 2568; baseline -0.002 -11"><span class='ocrx_word' id='word_1_364' title='bbox 91 2523 192 2558; x_wconf 89' lang='lat' dir='ltr'>mivit</span> <span class='ocrx_word' id='word_1_365' title='bbox 204 2524 240 2558; x_wconf 92' lang='lat' dir='ltr'>in</span> <span class='ocrx_word' id='word_1_366' title='bbox 260 2523 423 2557; x_wconf 90' lang='lat' dir='ltr'>Domino.</span> <span class='ocrx_word' id='word_1_367' title='bbox 441 2523 504 2558; x_wconf 88' lang='lat' dir='ltr'>Cui</span> <span class='ocrx_word' id='word_1_368' title='bbox 518 2522 675 2558; x_wconf 90' lang='lat' dir='ltr'>succedit</span> <span class='ocrx_word' id='word_1_369' title='bbox 694 2521 901 2557; x_wconf 82' lang='lat' dir='ltr'>Lodowicus</span> <span class='ocrx_word' id='word_1_370' title='bbox 915 2522 1006 2556; x_wconf 82' lang='lat' dir='ltr'>filius</span> <span class='ocrx_word' id='word_1_371' title='bbox 1019 2522 1107 2568; x_wconf 87' lang='lat' dir='ltr'>ejus.</span> 
     </span>
    </p>
   </div>
   <div class='ocr_carea' id='block_1_3' title="bbox 237 2577 1479 2616">
    <p class='ocr_par' dir='ltr' id='par_1_5' title="bbox 237 2577 1479 2616">
     <span class='ocr_line' id='line_1_37' title="bbox 237 2577 1479 2616; baseline -0.009 0"><span class='ocrx_word' id='word_1_372' title='bbox 237 2581 326 2616; x_wconf 72' lang='grc' dir='ltr'><strong>Τοιῐ.</strong></span> <span class='ocrx_word' id='word_1_373' title='bbox 354 2580 399 2615; x_wconf 90' lang='grc' dir='ltr'>Π.</span> <span class='ocrx_word' id='word_1_374' title='bbox 1432 2577 1479 2613; x_wconf 68' lang='grc'>814</span> 
     </span>
    </p>
   </div>
  </div>
 </body>
</html>
