2118 3184
733 391 1020 428 APPENDICES.
1575 388 1643 423 767

124 500 189 526 dere
198 521 205 531 ‚
220 500 273 526 illis
285 499 453 535 diligentiori
466 509 533 526 cura
545 499 694 525 insistimus
707 499 755 534 qui
769 498 922 535 religiosam
941 499 1022 524 vitam
1040 502 1152 533 agentes
1165 497 1221 523 suis
1233 506 1281 523 nos
1296 496 1352 523 Deo
1371 496 1501 532 precibus
1513 502 1642 532 poterunt

124 548 325 574 commendare.
340 548 433 574 Sciant
449 548 534 582 igitur
547 552 705 582 praesentes
725 552 751 572 et
772 546 873 578 futuri,
892 546 965 581 quod
982 551 1068 571 totum
1090 545 1220 571 allodium
1242 545 1327 571 sancti
1345 544 1453 570 Aicadri
1472 544 1506 571 de
1527 543 1643 579 mulne,

125 600 208 630 prout
219 600 261 621 est
275 596 301 621 in
313 595 441 630 parochia
451 595 485 620 de
495 594 648 620 Lumbecca
660 603 722 620 cum
733 594 860 619 omnibus
872 593 1030 627 adjacentiis
1045 593 1130 628 ipsius
1143 592 1255 623 allodii,
1272 593 1299 618 in
1314 602 1370 628 quo
1381 592 1510 618 sacerdos
1525 591 1648 618 denomi-

126 647 206 668 natae
217 641 362 678 parochiae
375 642 506 667 decimam
517 640 681 676 accipiebat,
694 640 836 674 omuijure
845 646 871 666 et
879 640 972 666 debito
981 640 1062 666 solito
1071 640 1300 675 emancipavimus
1311 660 1318 672 ‚
1329 644 1356 666 et
1368 639 1498 665 ccclesiae
1507 639 1643 666 Ninivensi

125 695 260 725 perpetua
275 689 402 715 libertate
420 688 630 724 possidendum,
647 688 881 714 confirmavimus.
897 687 956 713 Tali
973 687 1082 723 quidem
1098 687 1254 713 conditione
1271 686 1345 722 quod
1366 686 1478 713 eeclesia
1494 686 1647 714 Ninivensis

123 737 259 764 sacerdoti
275 737 309 762 de
324 736 477 762 Lumbecca
490 735 658 762 tantumdem
671 736 735 762 alibi
750 735 982 770 recompensabit,
997 740 1130 770 quantum
1146 735 1182 761 ibi
1197 734 1342 761 videbatur
1352 734 1454 760 habere
1464 755 1471 765 ‚
1484 734 1643 770 priusquam

124 784 238 811 ecclesia
256 783 408 810 Ninivensis
422 782 489 809 illud
506 783 540 808 ab
555 782 667 809 ecclesia
681 782 837 809 S.-Vedasti
859 783 1046 808 Atrebatensis
1065 782 1230 808 censualiter
1248 782 1406 817 accepisset.
1428 781 1505 807 Unde
1526 790 1561 808 ne
1580 782 1646 817 quid

124 831 180 858 litis
191 831 218 857 in
230 835 371 866 posterum
382 830 434 856 hoc
445 830 589 865 infringat,
602 831 773 856 auctoritatis
783 835 893 856 nostrae
902 828 990 865 sigillo
1002 835 1028 855 et
1042 829 1265 865 subsignatorum
1277 829 1386 855 testium
1399 829 1554 855 testimonio
1568 838 1647 864 prae-

125 888 188 906 sens
199 879 331 914 scriptum
341 898 349 910 ,
363 878 586 904 corroboramus.
599 877 712 913 Signum
726 877 902 909 Theoderici,
917 877 1065 912 praepositi
1079 881 1106 903 et
1118 876 1318 910 archidiaconi5
1334 876 1362 902 S.
1379 875 1512 902 Johannis
1523 897 1529 907 ‚
1541 876 1645 907 Alardi,

125 925 395 960 archidiaconorum3
412 925 440 951 S.
465 925 580 951 Walteri
597 925 632 951 de
646 925 730 957 Det-e,
751 925 856 951 Warini
869 946 875 956 ,
897 925 1046 956 Johannis,
1071 924 1265 958 sacerdotum3
1290 923 1319 950 S.
1345 923 1490 955 Willelmi,
1514 924 1643 950 Walter-i.

127 972 228 1007 Ulrici,
243 971 375 998 Johannis
387 993 394 1005 ‚
412 971 548 1007 Hugonis,
564 972 768 999 canonicorum.
784 972 883 998 Actum
897 981 968 998 anno
982 971 1134 997 dominicae
1148 971 1343 997 incarnationis
1357 970 1503 996 MCLXllI.

828 1037 936 1070 Original
944 1057 952 1068 ,
965 1045 1036 1062 sceau
1046 1037 1134 1062 detruit
1142 1055 1148 1067 ,
1160 1044 1208 1061 aux
1222 1035 1327 1061 archives
1339 1036 1367 1060 de
1377 1036 1399 1060 la
1410 1036 1510 1060 Flandre
1522 1036 1646 1061 orientale.

834 1235 914 1271 XXI
921 1265 928 1270 .

132 1329 260 1365 Chosrte
277 1329 318 1364 de
331 1328 496 1376 Plzz'lz'ppe
509 1327 684 1371 d'ALsace,
694 1340 770 1375 par
781 1327 925 1373 laquelle
937 1327 965 1361 il
976 1339 1010 1361 se
1018 1333 1121 1375 porte
1132 1339 1265 1362 comme
1278 1328 1391 1362 avoue‘
1403 1334 1437 1362 et
1443 1335 1644 1375 protectem·

654 1386 696 1420 de
713 1386 870 1432 l’ahhaye
888 1385 930 1419 de
949 1385 1122 1420 ΝίηουεῙ.

855 1545 926 1570 1165.

170 1608 313 1644 Imprimee
325 1607 393 1635 dans
407 1608 503 1635 Min-aei
513 1608 614 1635 Donat.
633 1608 720 1644 Belq.‚
735 1607 784 1634 lib.
801 1606 841 1641 ll,
856 1616 917 1644 cap.
932 1607 1005 1634 LIII.

832 1845 946 1880 XXII.

131 1924 293 1969 Nicolas,
321 1923 443 1971 e've'que
463 1923 504 1958 de
527 1922 716 1966 Cambrai,
738 1935 918 1971 prononce
938 1923 1305 1959 [excommunicatam
1324 1930 1443 1960 contre
1470 1938 1559 1961 ceum
1585 1930 1650 1974 qui

180 1983 433 2019 troubleraz'ent
449 1983 606 2030 l’abbaye
631 1982 724 2016 dans
740 1981 774 2016 la
791 1984 985 2030 possession
1001 1982 1061 2017 des
1081 1982 1179 2017 hiens
1199 1983 1286 2017 dont
1304 1983 1333 2017 il
1347 1984 1420 2028 fait
1441 1984 1649 2020 l’e‘nume'ra-

182 2045 267 2077 tion.
277 2042 472 2077 —Nmovffl

853 2181 926 2205 1165.

173 2252 204 2279 ln
215 2252 325 2278 nomine
339 2256 448 2278 sanetae
460 2255 488 2277 et
501 2250 658 2278 individuae
671 2251 822 2277 Trinitatis.
837 2251 894 2288 Ego
906 2251 1050 2285 Nieolaus,
1062 2250 1112 2278 Dei
1124 2251 1213 2288 gratia
1226 2250 1427 2278 Cameracensis
1438 2252 1567 2280 ecclesiae
1580 2255 1652 2290 epis-

135 2309 238 2336 copus,
255 2303 309 2325 tam
324 2298 516 2334 praesentibus
531 2307 612 2333 quam
630 2298 734 2325 suturis
749 2299 776 2324 in
795 2304 970 2334 perpetuum.
987 2299 1056 2334 Quia
1075 2298 1242 2334 propitiante
1259 2298 1375 2325 Domino
1394 2300 1543 2335 pontificali
1557 2301 1651 2329 cathe-

133 2347 200 2374 drae
216 2346 280 2372 licet
293 2344 398 2381 indigni
411 2345 617 2380 praesidemus,
633 2349 660 2371 et
674 2345 695 2371 si
713 2345 840 2371 omnibus
855 2346 882 2371 in
900 2355 1044 2372 commune
1062 2350 1172 2372 nostrae
1185 2345 1342 2372 dioeceseos
1356 2345 1483 2373 fidelihus
1497 2348 1651 2384 generalem

134 2403 229 2422 curam
242 2393 374 2420 debemus
384 2413 391 2425 ‚
408 2392 462 2419 illis
474 2397 563 2419 tamen
577 2393 625 2429 qui
638 2392 711 2419 selici
724 2392 868 2429 naufragio
883 2393 989 2428 abjecta
1003 2393 1120 2420 seculari
1134 2393 1239 2420 sarcina
1254 2393 1288 2420 de
1302 2393 1395 2420 mundi
1409 2393 1492 2429 hujus
1502 2396 1654 2423 fluctuante

173 2468 237 2490 1Elle
250 2476 276 2489 ne
294 2476 316 2488 se
331 2472 407 2488 trouve
421 2470 441 2488 ui
457 2475 498 2488 aux
514 2467 608 2489 urchives
622 2467 648 2488 de
662 2467 738 2493 Gaud,
757 2470 777 2489 ni
790 2467 842 2489 dans
853 2469 874 2489 le
890 2469 1004 2489 cartulaire
1018 2469 1045 2489 de
1057 2469 1158 2490 Maliues.
1169 2468 1252 2489 Aubert
1268 2470 1298 2489 Le
1314 2470 1368 2489 Mire
1383 2468 1494 2496 n'indique
1505 2478 1542 2498 pas
1553 2470 1581 2491 οὺ
1594 2472 1608 2491 il
1623 2471 1651 2492 r.-

137 2508 234 2529 trounSe.
