2137 3131
411 339 480 373 876
1019 330 1305 366 APPENDICES.

413 457 470 487 l't¹s;
486 455 619 490 Soyltinns
634 454 750 485 Fuscus3
768 451 893 477 Berneris
906 450 939 476 de
956 448 1061 475 Rosbad
1076 454 1103 475 et
1121 448 1206 474 frater
1219 448 1279 482 ejus
1293 446 1515 479 Bartholomeus3
1530 446 1685 478 Gemrdus,
1701 446 1806 473 villicus
1821 447 1854 474 de
1870 448 1923 474 Bu-

413 504 501 528 clioul.
520 502 551 526 ad
566 510 645 535 quem
659 503 762 533 spectat
776 498 844 524 hanc
858 497 1055 530 eleemosynam
1071 495 1186 522 solvero.
1550 531 1554 534 ι
1684 531 1688 535 ¹

1453 530 1582 555 Cartulaire
1593 530 1622 554 de
1635 531 1742 555 mannes.

1080 743 1261 778 CLXXIV.

417 824 516 870 δορὰ»
535 836 578 857 οη
597 822 747 857 vidimus
770 823 859 856 d’un
878 822 995 855 indult
1017 821 1067 855 du
1087 833 1182 868 pape
1204 820 1369 867 Gressloe're
1392 818 1447 853 IX
1467 832 1511 853 en
1525 820 1656 864 savem·
1673 820 1714 854 de
1736 819 1866 855 l'ordre
1883 821 1924 854 de

814 879 1034 914 Pre'montre'.
1052 901 1099 905 —
1119 881 1272 913 Arruns
1298 890 1458 912 DIVERSES.

982 1037 998 1059 Α
1011 1036 1103 1059 5ῐ-1ε3ι]
1114 1035 1142 1059 de
1154 1035 1241 1059 Latran
1251 1053 1256 1057 .
1272 1034 1343 1057 1255.

453 1098 461 1123 l
475 1098 588 1124 nix-ersis
605 1097 703 1123 Christi
716 1097 843 1123 fidelibus
857 1102 1015 1132 praesentes
1031 1097 1137 1123 litteras
1150 1096 1316 1132 inspecturis
1329 1105 1336 1122 :
1352 1095 1464 1122 abbates
1481 1096 1553 1122 vices
1570 1100 1697 1132 gerentes
1707 1096 1767 1129 W„
1780 1096 1927 1123 l‘raemon-

412 1146 551 1171 stratensis
562 1145 681 1177 abbatis,
697 1149 723 1170 et
736 1144 865 1170 abbatum
879 1144 1001 1178 ejusdem
1014 1144 1118 1171 ordinis
1129 1143 1278 1180 capitulum
1293 1142 1421 1179 generale
1430 1164 1437 1175 ‚
1454 1142 1569 1169 salutem
1581 1148 1609 1169 et
1621 1143 1759 1170 orationes
1770 1144 1797 1170 in
1809 1143 1926 1170 Domino

412 1191 554 1218 salutares.
571 1192 680 1218 Noverit
695 1192 856 1218 universitas
867 1197 957 1218 vestra
971 1191 1046 1227 quod
1060 1201 1109 1218 nos
1122 1191 1255 1217 habemus
1269 1190 1442 1226 privilegium
1455 1200 1470 1216 a
1481 1190 1545 1216 sede
1555 1190 1704 1225 apostolica
1717 1191 1745 1216 in
1758 1190 1810 1217 hac
1821 1191 1906 1217 forma
1919 1201 1926 1217 :

419 1252 429 1261 «ι
440 1238 588 1274 Gregorius
600 1239 744 1274 episcopus
754 1259 760 1270 ‚
776 1247 872 1264 servus
885 1248 1028 1265 servorum
1042 1239 1091 1265 Dei
1102 1260 1108 1270 ⁷
1124 1238 1230 1264 dilectis
1243 1237 1306 1263 filiis
1319 1237 1411 1263 abbati
1427 1237 1690 1263 Praemonstratensi
1704 1242 1731 1263 et
1745 1237 1928 1264 coabbatibus

413 1286 468 1311 suis
477 1307 482 1317 ‚
496 1286 609 1311 salutem
623 1290 650 1311 et
660 1285 834 1320 apostolicam
847 1285 1075 1311 benedictionem.
1090 1285 1165 1311 Licet
1176 1285 1255 1311 nobis
1264 1306 1271 1316 ,
1285 1285 1358 1310 sicut
1371 1284 1492 1310 asseritis
1502 1305 1509 1311 ,
1526 1293 1541 1309 a
1556 1283 1621 1309 sede
1633 1283 1781 1319 apostolica
1795 1285 1828 1310 sit
1842 1284 1929 1310 indul-

413 1339 468 1359 tum
483 1354 489 1364 ,
504 1339 533 1359 ut
546 1333 654 1359 litterae
666 1338 759 1359 contra
771 1342 819 1359 vos
832 1342 846 1358 a
859 1333 924 1359 sede
937 1332 1087 1368 apostolica
1103 1333 1265 1368 impetratae
1278 1341 1332 1358 non
1347 1331 1455 1357 valeant
1465 1352 1471 1363 ,
1489 1331 1540 1357 nisi
1553 1330 1586 1357 de
1600 1330 1696 1357 ordine
1710 1336 1802 1358 vestro
1813 1330 1929 1359 fecerint

413 1381 575 1407 mentionem
590 1391 596 1406 :
614 1390 662 1406 nos
675 1385 763 1406 tamen
778 1381 864 1416 quieti
876 1385 982 1407 vestrae
996 1380 1120 1407 volentes
1134 1379 1287 1406 consultius
1298 1378 1444 1415 providere
1454 1399 1461 1411 ‚
1475 1378 1639 1404 auctoritate
1649 1379 1835 1413 praesentium
1850 1379 1928 1406 vobis

414 1428 585 1463 indulgemus
595 1449 601 1454 .
617 1432 648 1453 ut
662 1436 710 1462 per
723 1427 794 1453 illam
808 1427 963 1463 generalem
978 1427 1127 1454 clausulam
1142 1427 1252 1463 quidam
1267 1426 1312 1452 alii
1325 1436 1378 1452 non
1393 1426 1501 1461 possitis
1514 1420 1688 1460 aliquatenus
1701 1426 1857 1458 conveniri,
1877 1427 1928 1454 nisi

414 1476 521 1501 litterae
536 1475 698 1510 apostolicae
713 1484 867 1510 expressam
883 1475 916 1501 de
930 1475 1193 1511 praemonstratensi
1207 1474 1303 1500 ordine
1318 1474 1433 1500 fecerint
1451 1473 1626 1499 mentionem.
1644 1472 1717 1498 Nulli
1733 1482 1798 1499 vero
1817 1474 1927 1500 omnino

414 1523 550 1549 hominum
569 1522 648 1548 liceat
663 1522 731 1548 hanc
746 1523 870 1558 paginam
883 1527 995 1548 nostrae
1011 1522 1193 1549 concessionis
1210 1521 1360 1557 infringere
1371 1541 1378 1549 .
1400 1519 1443 1547 vel
1460 1520 1484 1546 ei
1498 1529 1567 1545 ausu
1582 1519 1728 1546 temerario
1740 1521 1888 1548 contraire.
1900 1521 1928 1548 Si

414 1571 474 1605 quis
485 1574 574 1595 autem
586 1569 636 1595 hoc
646 1573 780 1594 attentare
792 1569 1023 1604 praesumpserit,
1035 1570 1251 1605 indignationem
1262 1568 1457 1604 omnipotentis
1468 1567 1516 1593 Dei
1529 1571 1556 1592 et
1567 1566 1709 1592 beatorum
1719 1567 1793 1593 Petri
1802 1573 1830 1594 et
1839 1568 1927 1602 Pauli,

414 1617 597 1652 apostolorum
614 1617 687 1651 ejus.
708 1626 735 1642 se
751 1617 858 1643 noverit
871 1617 1057 1644 incursurum.
1079 1617 1179 1644 Datum
1200 1617 1343 1649 Laterani,
1360 1615 1465 1642 decimo
1484 1614 1600 1650 septimo
1620 1613 1748 1641 kalendas
1768 1614 1926 1649 Februarii⁷

415 1665 587 1699 pontificatus
601 1665 685 1690 nostri
699 1673 770 1690 anno
783 1665 909 1700 septimo.

1441 1699 1573 1724 Cartulaire
1583 1699 1612 1723 de
1623 1699 1730 1724 Malines.

423 2009 571 2043 Gossm'n
581 2009 621 2043 de
632 2008 877 2043 Schenclelhelce
890 2022 1069 2056 approusve
1084 2010 1119 2043 la
1131 2010 1299 2043 donatz‘on
1312 2009 1402 2042 d’un
1411 2007 1609 2042 bonnierde
1617 2007 1689 2054 pre'
1700 2020 1766 2054 que
1780 2008 1931 2055 Jacques

465 2068 505 2101 de
519 2068 653 2101 Rideva
666 2094 674 2109 ,
690 2080 752 2101 son
769 2068 900 2110 missal,
922 2081 944 2101 a
965 2069 1052 2113 faite
1067 2067 1091 2102 ἀ,
1110 2069 1283 2114 l'abhaye,
1294 2080 1393 2114 pour
1411 2067 1457 2101 les
1471 2067 1566 2112 flraz's
1580 2066 1669 2100 d'un
1685 2070 1932 2103 annz'versaz're

462 2126 644 2173 perpe'tzcel
654 2141 666 2167 ,-
687 2127 714 2159 il
730 2133 884 2174 exempto
900 2127 940 2161 cle
956 2133 1047 2161 toute
1068 2127 1244 2161 servitude
1265 2132 1346 2160 celte
1363 2128 1484 2173 partie
1500 2125 1542 2159 de
1556 2124 1628 2172 pre'
1646 2131 1678 2159 et
1692 2137 1873 2172 approuve
1889 2127 1931 2161 de

464 2185 546 2230 plns
561 2197 630 2218 une
644 2185 811 2219 donatz'on
824 2186 882 2220 des
896 2198 1045 2220 revertas
1058 2186 1148 2220 d’mz
1159 2186 1308 2220 homzz’eo'
1320 2185 1362 2219 de
1369 2184 1442 2231 pre'
1455 2182 1478 2218 ἀ
1492 2183 1718 2230 Steenlzuyse.
1731 2205 1778 2210 —
1788 2184 1926 2220 Loss'rsn.

1011 2347 1027 2368 A
1046 2345 1220 2369 Schendelbeke
1234 2364 1240 2369 .
1259 2345 1330 2369 1255.

461 2405 515 2441 Ego
528 2406 676 2432 Gossuinus
686 2405 719 2432 de
732 2406 930 2433 Scendelbecca
943 2412 1038 2433 notum
1053 2406 1122 2434 facio
1135 2407 1328 2443 praesentibus
1341 2412 1368 2433 et
1381 2406 1482 2433 suturis
1493 2427 1500 2439 ‚
1515 2406 1590 2442 quod
1601 2406 1722 2432 ,lacobus
1734 2428 1742 2439 ,
1758 2406 1831 2432 filius
1845 2406 1933 2432 bonae

425 2453 566 2478 memoriae
584 2452 683 2478 domini
699 2452 823 2479 Gossuini
839 2453 872 2479 de
890 2453 1003 2481 Rideva,
1021 2455 1113 2489 patrui
1129 2455 1194 2485 mei,
1214 2454 1247 2480 de
1266 2463 1377 2480 assensu
1394 2454 1514 2480 omnium
1531 2453 1648 2480 fratrum
1668 2462 1794 2484 suorum,
1817 2451 1934 2479 contulit
