<?xml version="1.0" encoding="UTF-8"?>
<!DOCTYPE html PUBLIC "-//W3C//DTD XHTML 1.0 Transitional//EN"
    "http://www.w3.org/TR/xhtml1/DTD/xhtml1-transitional.dtd">
<html xmlns="http://www.w3.org/1999/xhtml" xml:lang="en" lang="en">
 <head>
  <title>
</title>
<meta http-equiv="Content-Type" content="text/html;charset=utf-8" />
  <meta name='ocr-system' content='tesseract 3.04.00' />
  <meta name='ocr-capabilities' content='ocr_page ocr_carea ocr_par ocr_line ocrx_word'/>
</head>
<body>
  <div class='ocr_page' id='page_1' title='image "./corpuschronicoru02smetuoft_0181.png"; bbox 0 0 2118 3184; ppageno 0'>
   <div class='ocr_carea' id='block_1_1' title="bbox 572 384 1681 426">
    <p class='ocr_par' dir='ltr' id='par_1_1' title="bbox 572 384 1681 426">
     <span class='ocr_line' id='line_1_1' title="bbox 572 384 1681 426; baseline 0.005 -7"><span class='ocrx_word' id='word_1_1' title='bbox 572 384 798 420; x_wconf 62' lang='lat' dir='ltr'>CHRONICA</span> <span class='ocrx_word' id='word_1_2' title='bbox 827 385 995 420; x_wconf 65' lang='lat' dir='ltr'>Alimon</span> <span class='ocrx_word' id='word_1_3' title='bbox 1026 385 1066 420; x_wconf 90' lang='lat' dir='ltr'>Ll</span> <span class='ocrx_word' id='word_1_4' title='bbox 1093 386 1257 422; x_wconf 67' lang='lat' dir='ltr'>Mtllsts.</span> <span class='ocrx_word' id='word_1_5' title='bbox 1617 392 1681 426; x_wconf 67' lang='lat'>1259</span> 
     </span>
    </p>
   </div>
   <div class='ocr_carea' id='block_1_2' title="bbox 153 494 1681 2419">
    <p class='ocr_par' dir='ltr' id='par_1_2' title="bbox 160 494 1678 587">
     <span class='ocr_line' id='line_1_2' title="bbox 161 494 1678 541; baseline 0.002 -13"><span class='ocrx_word' id='word_1_6' title='bbox 161 501 239 541; x_wconf 86' lang='lat' dir='ltr'>post</span> <span class='ocrx_word' id='word_1_7' title='bbox 264 506 422 528; x_wconf 75' lang='lat' dir='ltr'>reversus</span> <span class='ocrx_word' id='word_1_8' title='bbox 443 500 493 527; x_wconf 89' lang='lat' dir='ltr'>est</span> <span class='ocrx_word' id='word_1_9' title='bbox 518 494 552 527; x_wconf 89' lang='lat' dir='ltr'>in</span> <span class='ocrx_word' id='word_1_10' title='bbox 574 494 773 537; x_wconf 55' lang='lat' dir='ltr'>Franciam2</span> <span class='ocrx_word' id='word_1_11' title='bbox 799 501 833 528; x_wconf 84' lang='lat' dir='ltr'>et</span> <span class='ocrx_word' id='word_1_12' title='bbox 854 501 973 541; x_wconf 83' lang='lat' dir='ltr'>postea</span> <span class='ocrx_word' id='word_1_13' title='bbox 993 496 1027 529; x_wconf 89' lang='lat' dir='ltr'>in</span> <span class='ocrx_word' id='word_1_14' title='bbox 1048 495 1221 530; x_wconf 88' lang='lat' dir='ltr'>Siciliam.</span> <span class='ocrx_word' id='word_1_15' title='bbox 1243 502 1275 529; x_wconf 87' lang='lat' dir='ltr'>ct</span> <span class='ocrx_word' id='word_1_16' title='bbox 1296 494 1444 530; x_wconf 75' lang='lat' dir='ltr'>decessit</span> <span class='ocrx_word' id='word_1_17' title='bbox 1461 497 1505 531; x_wconf 90' lang='lat' dir='ltr'>ab</span> <span class='ocrx_word' id='word_1_18' title='bbox 1524 497 1590 531; x_wconf 82' lang='lat' dir='ltr'>hac</span> <span class='ocrx_word' id='word_1_19' title='bbox 1613 499 1678 531; x_wconf 68' lang='lat' dir='ltr'>xiia</span> 
     </span>
     <span class='ocr_line' id='line_1_3' title="bbox 160 552 554 587; baseline -0.003 0"><span class='ocrx_word' id='word_1_20' title='bbox 160 565 255 587; x_wconf 89' lang='lat' dir='ltr'>anno</span> <span class='ocrx_word' id='word_1_21' title='bbox 275 552 554 587; x_wconf 75' lang='lat' dir='ltr'>MCCLxxxtv.</span> 
     </span>
    </p>

    <p class='ocr_par' dir='ltr' id='par_1_3' title="bbox 153 611 1681 1775">
     <span class='ocr_line' id='line_1_4' title="bbox 210 611 1677 661; baseline 0.003 -16"><span class='ocrx_word' id='word_1_22' title='bbox 210 613 311 646; x_wconf 72' lang='lat' dir='ltr'>Anno</span> <span class='ocrx_word' id='word_1_23' title='bbox 333 611 611 646; x_wconf 64' lang='lat' dir='ltr'>MCCLXXXIY.</span> <span class='ocrx_word' id='word_1_24' title='bbox 639 612 781 646; x_wconf 83' lang='lat' dir='ltr'>Petrus.</span> <span class='ocrx_word' id='word_1_25' title='bbox 809 625 867 646; x_wconf 78' lang='lat' dir='ltr'>rex</span> <span class='ocrx_word' id='word_1_26' title='bbox 890 613 1122 661; x_wconf 64' lang='lat' dir='ltr'>Arragoniae,</span> <span class='ocrx_word' id='word_1_27' title='bbox 1149 614 1260 647; x_wconf 85' lang='lat' dir='ltr'>fretus</span> <span class='ocrx_word' id='word_1_28' title='bbox 1285 614 1449 657; x_wconf 79' lang='lat' dir='ltr'>consilio7</span> <span class='ocrx_word' id='word_1_29' title='bbox 1472 622 1510 649; x_wconf 90' lang='lat' dir='ltr'>ut</span> <span class='ocrx_word' id='word_1_30' title='bbox 1529 614 1677 659; x_wconf 70' lang='lat' dir='ltr'>dicitur,</span> 
     </span>
     <span class='ocr_line' id='line_1_5' title="bbox 159 670 1681 719; baseline 0.003 -15"><span class='ocrx_word' id='word_1_31' title='bbox 159 671 418 719; x_wconf 64' lang='lat' dir='ltr'>malignorum,</span> <span class='ocrx_word' id='word_1_32' title='bbox 439 677 560 705; x_wconf 86' lang='lat' dir='ltr'>contra</span> <span class='ocrx_word' id='word_1_33' title='bbox 580 670 767 705; x_wconf 89' lang='lat' dir='ltr'>dominum</span> <span class='ocrx_word' id='word_1_34' title='bbox 788 684 932 718; x_wconf 65' lang='lat' dir='ltr'>papamq</span> <span class='ocrx_word' id='word_1_35' title='bbox 954 672 1120 706; x_wconf 87' lang='lat' dir='ltr'>dominos</span> <span class='ocrx_word' id='word_1_36' title='bbox 1140 672 1336 707; x_wconf 78' lang='lat' dir='ltr'>cardinales</span> <span class='ocrx_word' id='word_1_37' title='bbox 1360 680 1393 707; x_wconf 84' lang='lat' dir='ltr'>ct</span> <span class='ocrx_word' id='word_1_38' title='bbox 1422 687 1603 708; x_wconf 81' lang='lat' dir='ltr'>romanam</span> <span class='ocrx_word' id='word_1_39' title='bbox 1623 688 1681 709; x_wconf 91' lang='lat' dir='ltr'>cu-</span> 
     </span>
     <span class='ocr_line' id='line_1_6' title="bbox 159 729 1680 777; baseline 0.003 -14"><span class='ocrx_word' id='word_1_40' title='bbox 159 729 248 763; x_wconf 87' lang='lat' dir='ltr'>riam</span> <span class='ocrx_word' id='word_1_41' title='bbox 277 730 385 764; x_wconf 80' lang='lat' dir='ltr'>movit</span> <span class='ocrx_word' id='word_1_42' title='bbox 409 741 571 771; x_wconf 65' lang='lat' dir='ltr'>causam,</span> <span class='ocrx_word' id='word_1_43' title='bbox 602 736 635 763; x_wconf 77' lang='lat' dir='ltr'>et</span> <span class='ocrx_word' id='word_1_44' title='bbox 665 730 729 763; x_wconf 83' lang='lat' dir='ltr'>fuit</span> <span class='ocrx_word' id='word_1_45' title='bbox 758 730 900 777; x_wconf 68' lang='lat' dir='ltr'>grandis</span> <span class='ocrx_word' id='word_1_46' title='bbox 927 731 1106 764; x_wconf 85' lang='lat' dir='ltr'>altercatio</span> <span class='ocrx_word' id='word_1_47' title='bbox 1139 731 1230 764; x_wconf 78' lang='lat' dir='ltr'>inter</span> <span class='ocrx_word' id='word_1_48' title='bbox 1256 744 1336 774; x_wconf 70' lang='lat' dir='ltr'>eos,</span> <span class='ocrx_word' id='word_1_49' title='bbox 1365 738 1398 765; x_wconf 82' lang='lat' dir='ltr'>et</span> <span class='ocrx_word' id='word_1_50' title='bbox 1422 733 1538 766; x_wconf 80' lang='lat' dir='ltr'>renuit</span> <span class='ocrx_word' id='word_1_51' title='bbox 1565 732 1680 768; x_wconf 81' lang='lat' dir='ltr'>dictus</span> 
     </span>
     <span class='ocr_line' id='line_1_7' title="bbox 161 787 1681 838; baseline 0.003 -17"><span class='ocrx_word' id='word_1_52' title='bbox 161 787 286 822; x_wconf 85' lang='lat' dir='ltr'>Petrus</span> <span class='ocrx_word' id='word_1_53' title='bbox 301 787 466 829; x_wconf 63' lang='lat' dir='ltr'>obedirm</span> <span class='ocrx_word' id='word_1_54' title='bbox 483 788 530 822; x_wconf 85' lang='lat' dir='ltr'>ob</span> <span class='ocrx_word' id='word_1_55' title='bbox 543 801 652 835; x_wconf 82' lang='lat' dir='ltr'>quam</span> <span class='ocrx_word' id='word_1_56' title='bbox 666 800 807 822; x_wconf 82' lang='lat' dir='ltr'>causam</span> <span class='ocrx_word' id='word_1_57' title='bbox 823 788 990 823; x_wconf 89' lang='lat' dir='ltr'>dominus</span> <span class='ocrx_word' id='word_1_58' title='bbox 1009 802 1098 836; x_wconf 88' lang='lat' dir='ltr'>papa</span> <span class='ocrx_word' id='word_1_59' title='bbox 1120 790 1201 824; x_wconf 90' lang='lat' dir='ltr'>fccit</span> <span class='ocrx_word' id='word_1_60' title='bbox 1218 791 1430 824; x_wconf 79' lang='lat' dir='ltr'>monitiones</span> <span class='ocrx_word' id='word_1_61' title='bbox 1444 798 1476 824; x_wconf 86' lang='lat' dir='ltr'>et</span> <span class='ocrx_word' id='word_1_62' title='bbox 1498 804 1681 838; x_wconf 70' lang='lat' dir='ltr'>processus</span> 
     </span>
     <span class='ocr_line' id='line_1_8' title="bbox 158 847 1679 892; baseline 0.003 -11"><span class='ocrx_word' id='word_1_63' title='bbox 158 853 281 881; x_wconf 83' lang='lat' dir='ltr'>contra</span> <span class='ocrx_word' id='word_1_64' title='bbox 303 859 386 881; x_wconf 84' lang='lat' dir='ltr'>eum</span> <span class='ocrx_word' id='word_1_65' title='bbox 414 854 448 881; x_wconf 86' lang='lat' dir='ltr'>et</span> <span class='ocrx_word' id='word_1_66' title='bbox 472 848 623 881; x_wconf 75' lang='lat' dir='ltr'>finaliter</span> <span class='ocrx_word' id='word_1_67' title='bbox 648 860 731 882; x_wconf 86' lang='lat' dir='ltr'>eum</span> <span class='ocrx_word' id='word_1_68' title='bbox 759 847 1025 892; x_wconf 67' lang='lat' dir='ltr'>condemnavit,</span> <span class='ocrx_word' id='word_1_69' title='bbox 1055 849 1368 883; x_wconf 74' lang='lat' dir='ltr'>excommunicans</span> <span class='ocrx_word' id='word_1_70' title='bbox 1393 862 1516 883; x_wconf 85' lang='lat' dir='ltr'>omncs</span> <span class='ocrx_word' id='word_1_71' title='bbox 1548 851 1623 885; x_wconf 87' lang='lat' dir='ltr'>illos</span> <span class='ocrx_word' id='word_1_72' title='bbox 1647 858 1679 885; x_wconf 76' lang='lat' dir='ltr'>vt</span> 
     </span>
     <span class='ocr_line' id='line_1_9' title="bbox 159 905 1680 955; baseline 0.003 -16"><span class='ocrx_word' id='word_1_73' title='bbox 159 905 251 948; x_wconf 64' lang='lat' dir='ltr'>illas,</span> <span class='ocrx_word' id='word_1_74' title='bbox 268 907 331 953; x_wconf 89' lang='lat' dir='ltr'>qui</span> <span class='ocrx_word' id='word_1_75' title='bbox 346 907 571 941; x_wconf 80' lang='lat' dir='ltr'>nominarent</span> <span class='ocrx_word' id='word_1_76' title='bbox 586 919 668 940; x_wconf 88' lang='lat' dir='ltr'>cum</span> <span class='ocrx_word' id='word_1_77' title='bbox 685 919 815 955; x_wconf 74' lang='lat' dir='ltr'>regem.</span> <span class='ocrx_word' id='word_1_78' title='bbox 837 907 1022 954; x_wconf 74' lang='lat' dir='ltr'>Philippus</span> <span class='ocrx_word' id='word_1_79' title='bbox 1038 915 1172 951; x_wconf 51' lang='grc' dir='ltr'>τιυῑυῐῐιτ</span> <span class='ocrx_word' id='word_1_80' title='bbox 1191 921 1250 942; x_wconf 75' lang='lat' dir='ltr'>rex</span> <span class='ocrx_word' id='word_1_81' title='bbox 1268 909 1430 942; x_wconf 71' lang='lat' dir='ltr'>franciae</span> <span class='ocrx_word' id='word_1_82' title='bbox 1443 936 1451 952; x_wconf 59' lang='lat'><em>7</em></span> <span class='ocrx_word' id='word_1_83' title='bbox 1470 910 1562 943; x_wconf 84' lang='lat' dir='ltr'>filius</span> <span class='ocrx_word' id='word_1_84' title='bbox 1583 910 1680 944; x_wconf 70' lang='lat' dir='ltr'>illus-</span> 
     </span>
     <span class='ocr_line' id='line_1_10' title="bbox 159 965 1676 1015; baseline 0.004 -17"><span class='ocrx_word' id='word_1_85' title='bbox 159 965 302 999; x_wconf 79' lang='lat' dir='ltr'>trissimi</span> <span class='ocrx_word' id='word_1_86' title='bbox 322 966 413 1013; x_wconf 79' lang='lat' dir='ltr'>regis</span> <span class='ocrx_word' id='word_1_87' title='bbox 432 965 618 1004; x_wconf 69' lang='lat' dir='ltr'>Ludovici,</span> <span class='ocrx_word' id='word_1_88' title='bbox 639 978 796 999; x_wconf 80' lang='lat' dir='ltr'>sororem</span> <span class='ocrx_word' id='word_1_89' title='bbox 815 966 899 1000; x_wconf 87' lang='lat' dir='ltr'>dicti</span> <span class='ocrx_word' id='word_1_90' title='bbox 921 967 1014 1000; x_wconf 87' lang='lat' dir='ltr'>Petri</span> <span class='ocrx_word' id='word_1_91' title='bbox 1029 966 1074 1000; x_wconf 87' lang='lat' dir='ltr'>de</span> <span class='ocrx_word' id='word_1_92' title='bbox 1091 968 1283 1015; x_wconf 63' lang='lat' dir='ltr'>Arragonia</span> <span class='ocrx_word' id='word_1_93' title='bbox 1299 967 1447 1002; x_wconf 80' lang='lat' dir='ltr'>duxerat</span> <span class='ocrx_word' id='word_1_94' title='bbox 1462 969 1497 1002; x_wconf 92' lang='lat' dir='ltr'>in</span> <span class='ocrx_word' id='word_1_95' title='bbox 1515 981 1676 1010; x_wconf 58' lang='lat' dir='ltr'>uxorem„</span> 
     </span>
     <span class='ocr_line' id='line_1_11' title="bbox 159 1023 1678 1072; baseline 0.003 -15"><span class='ocrx_word' id='word_1_96' title='bbox 159 1024 221 1070; x_wconf 91' lang='lat' dir='ltr'>qui</span> <span class='ocrx_word' id='word_1_97' title='bbox 235 1024 359 1072; x_wconf 80' lang='lat' dir='ltr'>genuit</span> <span class='ocrx_word' id='word_1_98' title='bbox 372 1024 402 1057; x_wconf 84' lang='lat' dir='ltr'>ei</span> <span class='ocrx_word' id='word_1_99' title='bbox 418 1023 509 1058; x_wconf 84' lang='lat' dir='ltr'>duos</span> <span class='ocrx_word' id='word_1_100' title='bbox 523 1024 628 1058; x_wconf 78' lang='lat' dir='ltr'>filios.</span> <span class='ocrx_word' id='word_1_101' title='bbox 649 1025 853 1071; x_wconf 80' lang='lat' dir='ltr'>Philippum</span> <span class='ocrx_word' id='word_1_102' title='bbox 868 1032 900 1059; x_wconf 81' lang='lat' dir='ltr'>et</span> <span class='ocrx_word' id='word_1_103' title='bbox 918 1025 1082 1060; x_wconf 86' lang='lat' dir='ltr'>Carolum</span> <span class='ocrx_word' id='word_1_104' title='bbox 1097 1053 1103 1058; x_wconf 94' lang='lat'><em>.</em></span> <span class='ocrx_word' id='word_1_105' title='bbox 1122 1025 1362 1072; x_wconf 57' lang='lat' dir='ltr'>supradictosz,</span> <span class='ocrx_word' id='word_1_106' title='bbox 1379 1026 1546 1061; x_wconf 85' lang='lat' dir='ltr'>(lominus</span> <span class='ocrx_word' id='word_1_107' title='bbox 1560 1034 1678 1062; x_wconf 88' lang='lat' dir='ltr'>autem</span> 
     </span>
     <span class='ocr_line' id='line_1_12' title="bbox 158 1082 1680 1132; baseline 0.003 -16"><span class='ocrx_word' id='word_1_108' title='bbox 158 1094 250 1129; x_wconf 84' lang='lat' dir='ltr'>papa</span> <span class='ocrx_word' id='word_1_109' title='bbox 282 1082 328 1117; x_wconf 84' lang='lat' dir='ltr'>de</span> <span class='ocrx_word' id='word_1_110' title='bbox 353 1082 499 1117; x_wconf 84' lang='lat' dir='ltr'>consilio</span> <span class='ocrx_word' id='word_1_111' title='bbox 531 1083 676 1117; x_wconf 85' lang='lat' dir='ltr'>fratrem</span> <span class='ocrx_word' id='word_1_112' title='bbox 709 1084 800 1117; x_wconf 83' lang='lat' dir='ltr'>misit</span> <span class='ocrx_word' id='word_1_113' title='bbox 833 1083 877 1118; x_wconf 90' lang='lat' dir='ltr'>ad</span> <span class='ocrx_word' id='word_1_114' title='bbox 906 1084 1111 1130; x_wconf 80' lang='lat' dir='ltr'>Philippum</span> <span class='ocrx_word' id='word_1_115' title='bbox 1131 1111 1138 1117; x_wconf 89' lang='lat'><strong>.</strong></span> <span class='ocrx_word' id='word_1_116' title='bbox 1171 1097 1289 1132; x_wconf 75' lang='lat' dir='ltr'>regem</span> <span class='ocrx_word' id='word_1_117' title='bbox 1323 1085 1486 1119; x_wconf 82' lang='lat' dir='ltr'>Franciae</span> <span class='ocrx_word' id='word_1_118' title='bbox 1517 1086 1680 1132; x_wconf 83' lang='lat' dir='ltr'>praedic—</span> 
     </span>
     <span class='ocr_line' id='line_1_13' title="bbox 161 1141 1677 1190; baseline 0.002 -15"><span class='ocrx_word' id='word_1_119' title='bbox 161 1148 262 1185; x_wconf 62' lang='lat' dir='ltr'>tum,</span> <span class='ocrx_word' id='word_1_120' title='bbox 288 1141 459 1176; x_wconf 88' lang='lat' dir='ltr'>inducens</span> <span class='ocrx_word' id='word_1_121' title='bbox 482 1154 564 1175; x_wconf 87' lang='lat' dir='ltr'>eum</span> <span class='ocrx_word' id='word_1_122' title='bbox 588 1141 632 1176; x_wconf 90' lang='lat' dir='ltr'>ad</span> <span class='ocrx_word' id='word_1_123' title='bbox 658 1142 744 1185; x_wconf 49' lang='lat' dir='ltr'>hoce</span> <span class='ocrx_word' id='word_1_124' title='bbox 771 1149 809 1176; x_wconf 89' lang='lat' dir='ltr'>ut</span> <span class='ocrx_word' id='word_1_125' title='bbox 837 1143 904 1176; x_wconf 87' lang='lat' dir='ltr'>iter</span> <span class='ocrx_word' id='word_1_126' title='bbox 927 1149 1066 1189; x_wconf 86' lang='lat' dir='ltr'>caperet</span> <span class='ocrx_word' id='word_1_127' title='bbox 1094 1143 1128 1175; x_wconf 93' lang='lat' dir='ltr'>in</span> <span class='ocrx_word' id='word_1_128' title='bbox 1157 1143 1409 1190; x_wconf 71' lang='lat' dir='ltr'>Arragoniam.</span> <span class='ocrx_word' id='word_1_129' title='bbox 1438 1143 1482 1177; x_wconf 89' lang='lat' dir='ltr'>ad</span> <span class='ocrx_word' id='word_1_130' title='bbox 1510 1145 1615 1178; x_wconf 79' lang='lat' dir='ltr'>finem</span> <span class='ocrx_word' id='word_1_131' title='bbox 1642 1152 1677 1178; x_wconf 89' lang='lat' dir='ltr'>ut</span> 
     </span>
     <span class='ocr_line' id='line_1_14' title="bbox 158 1199 1680 1246; baseline 0.002 -12"><span class='ocrx_word' id='word_1_132' title='bbox 158 1199 294 1235; x_wconf 88' lang='lat' dir='ltr'>dictum</span> <span class='ocrx_word' id='word_1_133' title='bbox 311 1201 454 1234; x_wconf 87' lang='lat' dir='ltr'>Petrum</span> <span class='ocrx_word' id='word_1_134' title='bbox 478 1201 642 1246; x_wconf 88' lang='lat' dir='ltr'>precibus</span> <span class='ocrx_word' id='word_1_135' title='bbox 661 1201 714 1234; x_wconf 70' lang='lat' dir='ltr'>vel</span> <span class='ocrx_word' id='word_1_136' title='bbox 730 1201 761 1234; x_wconf 74' lang='lat' dir='ltr'>vi</span> <span class='ocrx_word' id='word_1_137' title='bbox 781 1201 966 1235; x_wconf 80' lang='lat' dir='ltr'>reduceret</span> <span class='ocrx_word' id='word_1_138' title='bbox 982 1200 1026 1234; x_wconf 91' lang='lat' dir='ltr'>ad</span> <span class='ocrx_word' id='word_1_139' title='bbox 1046 1200 1287 1234; x_wconf 83' lang='lat' dir='ltr'>obedientiam</span> <span class='ocrx_word' id='word_1_140' title='bbox 1305 1208 1339 1234; x_wconf 88' lang='lat' dir='ltr'>et</span> <span class='ocrx_word' id='word_1_141' title='bbox 1358 1208 1497 1235; x_wconf 77' lang='lat' dir='ltr'>sanctae</span> <span class='ocrx_word' id='word_1_142' title='bbox 1516 1203 1680 1237; x_wconf 79' lang='lat' dir='ltr'>ccclesiae</span> 
     </span>
     <span class='ocr_line' id='line_1_15' title="bbox 157 1258 1679 1305; baseline 0 -12"><span class='ocrx_word' id='word_1_143' title='bbox 157 1271 324 1293; x_wconf 86' lang='lat' dir='ltr'>romanae</span> <span class='ocrx_word' id='word_1_144' title='bbox 342 1259 578 1293; x_wconf 87' lang='lat' dir='ltr'>clementiam.</span> <span class='ocrx_word' id='word_1_145' title='bbox 601 1258 788 1304; x_wconf 88' lang='lat' dir='ltr'>Philippus</span> <span class='ocrx_word' id='word_1_146' title='bbox 805 1265 944 1302; x_wconf 79' lang='lat' dir='ltr'>autem7</span> <span class='ocrx_word' id='word_1_147' title='bbox 970 1265 1141 1305; x_wconf 86' lang='lat' dir='ltr'>tanquam</span> <span class='ocrx_word' id='word_1_148' title='bbox 1162 1259 1253 1292; x_wconf 83' lang='lat' dir='ltr'>filius</span> <span class='ocrx_word' id='word_1_149' title='bbox 1272 1259 1510 1293; x_wconf 88' lang='lat' dir='ltr'>obedientiae.</span> <span class='ocrx_word' id='word_1_150' title='bbox 1534 1261 1679 1295; x_wconf 85' lang='lat' dir='ltr'>collecto</span> 
     </span>
     <span class='ocr_line' id='line_1_16' title="bbox 156 1317 1679 1366; baseline 0.001 -14"><span class='ocrx_word' id='word_1_151' title='bbox 156 1317 292 1366; x_wconf 79' lang='lat' dir='ltr'>ingenti</span> <span class='ocrx_word' id='word_1_152' title='bbox 318 1317 474 1351; x_wconf 82' lang='lat' dir='ltr'>exercitu</span> <span class='ocrx_word' id='word_1_153' title='bbox 500 1317 714 1350; x_wconf 84' lang='lat' dir='ltr'>Francorum</span> <span class='ocrx_word' id='word_1_154' title='bbox 737 1323 771 1350; x_wconf 86' lang='lat' dir='ltr'>et</span> <span class='ocrx_word' id='word_1_155' title='bbox 793 1317 942 1351; x_wconf 90' lang='lat' dir='ltr'>aliarum</span> <span class='ocrx_word' id='word_1_156' title='bbox 968 1317 1152 1351; x_wconf 90' lang='lat' dir='ltr'>nationum</span> <span class='ocrx_word' id='word_1_157' title='bbox 1175 1317 1250 1351; x_wconf 88' lang='lat' dir='ltr'>sine</span> <span class='ocrx_word' id='word_1_158' title='bbox 1277 1317 1444 1352; x_wconf 85' lang='lat' dir='ltr'>dilatione</span> <span class='ocrx_word' id='word_1_159' title='bbox 1467 1318 1623 1352; x_wconf 67' lang='lat' dir='ltr'>obedivit</span> <span class='ocrx_word' id='word_1_160' title='bbox 1647 1327 1679 1353; x_wconf 89' lang='lat' dir='ltr'>ct</span> 
     </span>
     <span class='ocr_line' id='line_1_17' title="bbox 153 1374 1679 1423; baseline 0.001 -13"><span class='ocrx_word' id='word_1_161' title='bbox 153 1375 304 1423; x_wconf 77' lang='lat' dir='ltr'>¹provisis</span> <span class='ocrx_word' id='word_1_162' title='bbox 319 1374 521 1409; x_wconf 85' lang='lat' dir='ltr'>necessariis</span> <span class='ocrx_word' id='word_1_163' title='bbox 536 1375 602 1408; x_wconf 89' lang='lat' dir='ltr'>iter</span> <span class='ocrx_word' id='word_1_164' title='bbox 615 1375 764 1421; x_wconf 89' lang='lat' dir='ltr'>arripuit</span> <span class='ocrx_word' id='word_1_165' title='bbox 774 1402 782 1418; x_wconf 46' lang='grc' dir='ltr'>,Ι</span> <span class='ocrx_word' id='word_1_166' title='bbox 804 1381 839 1409; x_wconf 88' lang='lat' dir='ltr'>et</span> <span class='ocrx_word' id='word_1_167' title='bbox 857 1382 1000 1409; x_wconf 88' lang='lat' dir='ltr'>secutus</span> <span class='ocrx_word' id='word_1_168' title='bbox 1015 1382 1068 1409; x_wconf 84' lang='lat' dir='ltr'>est</span> <span class='ocrx_word' id='word_1_169' title='bbox 1086 1388 1168 1409; x_wconf 86' lang='lat' dir='ltr'>eum</span> <span class='ocrx_word' id='word_1_170' title='bbox 1185 1375 1338 1421; x_wconf 91' lang='lat' dir='ltr'>populus</span> <span class='ocrx_word' id='word_1_171' title='bbox 1351 1376 1561 1410; x_wconf 87' lang='lat' dir='ltr'>innumerus</span> <span class='ocrx_word' id='word_1_172' title='bbox 1576 1390 1679 1423; x_wconf 88' lang='lat' dir='ltr'>prop—</span> 
     </span>
     <span class='ocr_line' id='line_1_18' title="bbox 156 1432 1679 1482; baseline 0.001 -14"><span class='ocrx_word' id='word_1_173' title='bbox 156 1440 211 1468; x_wconf 88' lang='lat' dir='ltr'>ter</span> <span class='ocrx_word' id='word_1_174' title='bbox 235 1432 473 1482; x_wconf 77' lang='lat' dir='ltr'>indulgentias</span> <span class='ocrx_word' id='word_1_175' title='bbox 500 1434 688 1473; x_wconf 79' lang='lat' dir='ltr'>maximas,</span> <span class='ocrx_word' id='word_1_176' title='bbox 711 1446 799 1481; x_wconf 88' lang='lat' dir='ltr'>quas</span> <span class='ocrx_word' id='word_1_177' title='bbox 820 1433 988 1468; x_wconf 90' lang='lat' dir='ltr'>dominus</span> <span class='ocrx_word' id='word_1_178' title='bbox 1011 1446 1102 1481; x_wconf 89' lang='lat' dir='ltr'>papa</span> <span class='ocrx_word' id='word_1_179' title='bbox 1126 1441 1357 1469; x_wconf 77' lang='lat' dir='ltr'>concesserat.</span> <span class='ocrx_word' id='word_1_180' title='bbox 1384 1435 1535 1469; x_wconf 65' lang='lat' dir='ltr'>Veniens</span> <span class='ocrx_word' id='word_1_181' title='bbox 1561 1443 1679 1470; x_wconf 84' lang='lat' dir='ltr'>autem</span> 
     </span>
     <span class='ocr_line' id='line_1_19' title="bbox 158 1492 1678 1541; baseline 0.001 -14"><span class='ocrx_word' id='word_1_182' title='bbox 158 1505 219 1527; x_wconf 81' lang='lat' dir='ltr'>rex</span> <span class='ocrx_word' id='word_1_183' title='bbox 237 1499 272 1527; x_wconf 87' lang='lat' dir='ltr'>et</span> <span class='ocrx_word' id='word_1_184' title='bbox 289 1493 380 1527; x_wconf 85' lang='lat' dir='ltr'>acies</span> <span class='ocrx_word' id='word_1_185' title='bbox 403 1505 465 1527; x_wconf 88' lang='lat' dir='ltr'>sua</span> <span class='ocrx_word' id='word_1_186' title='bbox 483 1492 519 1526; x_wconf 87' lang='lat' dir='ltr'>in</span> <span class='ocrx_word' id='word_1_187' title='bbox 540 1493 770 1541; x_wconf 75' lang='lat' dir='ltr'>Arragoniam</span> <span class='ocrx_word' id='word_1_188' title='bbox 784 1520 792 1533; x_wconf 72' lang='grc'>,</span> <span class='ocrx_word' id='word_1_189' title='bbox 815 1500 962 1540; x_wconf 87' lang='lat' dir='ltr'>propter</span> <span class='ocrx_word' id='word_1_190' title='bbox 980 1493 1226 1539; x_wconf 82' lang='lat' dir='ltr'>intemperiem</span> <span class='ocrx_word' id='word_1_191' title='bbox 1248 1494 1357 1538; x_wconf 81' lang='lat' dir='ltr'>aeris,</span> <span class='ocrx_word' id='word_1_192' title='bbox 1380 1494 1462 1540; x_wconf 85' lang='lat' dir='ltr'>quia</span> <span class='ocrx_word' id='word_1_193' title='bbox 1478 1500 1589 1528; x_wconf 83' lang='lat' dir='ltr'>aestas</span> <span class='ocrx_word' id='word_1_194' title='bbox 1607 1501 1678 1528; x_wconf 85' lang='lat' dir='ltr'>erat</span> 
     </span>
     <span class='ocr_line' id='line_1_20' title="bbox 158 1541 1676 1598; baseline -0.001 -12"><span class='ocrx_word' id='word_1_195' title='bbox 158 1551 369 1587; x_wconf 86' lang='lat' dir='ltr'>calidissima</span> <span class='ocrx_word' id='word_1_196' title='bbox 388 1558 423 1586; x_wconf 88' lang='lat' dir='ltr'>et</span> <span class='ocrx_word' id='word_1_197' title='bbox 437 1558 627 1598; x_wconf 84' lang='lat' dir='ltr'>tempestas</span> <span class='ocrx_word' id='word_1_198' title='bbox 640 1564 845 1586; x_wconf 87' lang='lat' dir='ltr'>muscarum</span> <span class='ocrx_word' id='word_1_199' title='bbox 865 1558 900 1586; x_wconf 85' lang='lat' dir='ltr'>et</span> <span class='ocrx_word' id='word_1_200' title='bbox 920 1552 1071 1586; x_wconf 84' lang='lat' dir='ltr'>aliorum</span> <span class='ocrx_word' id='word_1_201' title='bbox 1090 1552 1327 1598; x_wconf 88' lang='lat' dir='ltr'>plurimorum</span> <span class='ocrx_word' id='word_1_202' title='bbox 1349 1541 1676 1587; x_wconf 86' lang='lat' dir='ltr'>incommodorum.</span> 
     </span>
     <span class='ocr_line' id='line_1_21' title="bbox 158 1610 1678 1659; baseline -0.001 -14"><span class='ocrx_word' id='word_1_203' title='bbox 158 1611 290 1645; x_wconf 79' lang='lat' dir='ltr'>infecto</span> <span class='ocrx_word' id='word_1_204' title='bbox 312 1610 476 1659; x_wconf 68' lang='lat' dir='ltr'>negotio,</span> <span class='ocrx_word' id='word_1_205' title='bbox 505 1616 637 1644; x_wconf 68' lang='lat' dir='ltr'>vastata</span> <span class='ocrx_word' id='word_1_206' title='bbox 662 1617 781 1644; x_wconf 87' lang='lat' dir='ltr'>tamen</span> <span class='ocrx_word' id='word_1_207' title='bbox 805 1622 870 1657; x_wconf 93' lang='lat' dir='ltr'>pro</span> <span class='ocrx_word' id='word_1_208' title='bbox 895 1623 1023 1659; x_wconf 79' lang='lat' dir='ltr'>magna</span> <span class='ocrx_word' id='word_1_209' title='bbox 1048 1617 1148 1657; x_wconf 85' lang='lat' dir='ltr'>parte</span> <span class='ocrx_word' id='word_1_210' title='bbox 1173 1611 1301 1656; x_wconf 52' lang='lat' dir='ltr'>patria7</span> <span class='ocrx_word' id='word_1_211' title='bbox 1328 1617 1363 1645; x_wconf 86' lang='lat' dir='ltr'>et</span> <span class='ocrx_word' id='word_1_212' title='bbox 1383 1618 1528 1657; x_wconf 85' lang='lat' dir='ltr'>propter</span> <span class='ocrx_word' id='word_1_213' title='bbox 1550 1611 1678 1645; x_wconf 88' lang='lat' dir='ltr'>famem</span> 
     </span>
     <span class='ocr_line' id='line_1_22' title="bbox 158 1668 1676 1717; baseline -0.001 -13"><span class='ocrx_word' id='word_1_214' title='bbox 158 1668 310 1704; x_wconf 79' lang='lat' dir='ltr'>validam</span> <span class='ocrx_word' id='word_1_215' title='bbox 328 1668 529 1709; x_wconf 67' lang='lat' dir='ltr'>redierunt‚</span> <span class='ocrx_word' id='word_1_216' title='bbox 547 1669 698 1702; x_wconf 81' lang='lat' dir='ltr'>maxime</span> <span class='ocrx_word' id='word_1_217' title='bbox 711 1669 795 1715; x_wconf 87' lang='lat' dir='ltr'>quia</span> <span class='ocrx_word' id='word_1_218' title='bbox 815 1681 874 1702; x_wconf 75' lang='lat' dir='ltr'>rex</span> <span class='ocrx_word' id='word_1_219' title='bbox 893 1668 1079 1715; x_wconf 86' lang='lat' dir='ltr'>Philippus</span> <span class='ocrx_word' id='word_1_220' title='bbox 1098 1668 1230 1703; x_wconf 83' lang='lat' dir='ltr'>ibidem</span> <span class='ocrx_word' id='word_1_221' title='bbox 1247 1669 1410 1717; x_wconf 76' lang='lat' dir='ltr'>migravit</span> <span class='ocrx_word' id='word_1_222' title='bbox 1425 1669 1470 1703; x_wconf 87' lang='lat' dir='ltr'>ab</span> <span class='ocrx_word' id='word_1_223' title='bbox 1487 1669 1553 1703; x_wconf 87' lang='lat' dir='ltr'>hac</span> <span class='ocrx_word' id='word_1_224' title='bbox 1566 1669 1634 1702; x_wconf 61' lang='lat' dir='ltr'>rita</span> <span class='ocrx_word' id='word_1_225' title='bbox 1651 1669 1676 1712; x_wconf 49' lang='lat'>¹7</span> 
     </span>
     <span class='ocr_line' id='line_1_23' title="bbox 157 1727 1417 1775; baseline -0.002 -12"><span class='ocrx_word' id='word_1_226' title='bbox 157 1735 193 1763; x_wconf 89' lang='lat' dir='ltr'>et</span> <span class='ocrx_word' id='word_1_227' title='bbox 211 1728 279 1763; x_wconf 85' lang='lat' dir='ltr'>fuit</span> <span class='ocrx_word' id='word_1_228' title='bbox 297 1728 334 1762; x_wconf 92' lang='lat' dir='ltr'>in</span> <span class='ocrx_word' id='word_1_229' title='bbox 352 1727 497 1761; x_wconf 86' lang='lat' dir='ltr'>Francia</span> <span class='ocrx_word' id='word_1_230' title='bbox 516 1733 716 1773; x_wconf 80' lang='lat' dir='ltr'>reportatus</span> <span class='ocrx_word' id='word_1_231' title='bbox 737 1734 772 1761; x_wconf 86' lang='lat' dir='ltr'>et</span> <span class='ocrx_word' id='word_1_232' title='bbox 789 1727 948 1774; x_wconf 87' lang='lat' dir='ltr'>sepultus</span> <span class='ocrx_word' id='word_1_233' title='bbox 970 1728 1006 1761; x_wconf 89' lang='lat' dir='ltr'>in</span> <span class='ocrx_word' id='word_1_234' title='bbox 1023 1728 1167 1762; x_wconf 85' lang='lat' dir='ltr'>ecclesia</span> <span class='ocrx_word' id='word_1_235' title='bbox 1186 1727 1222 1762; x_wconf 90' lang='lat' dir='ltr'>S.</span> <span class='ocrx_word' id='word_1_236' title='bbox 1247 1728 1417 1775; x_wconf 66' lang='lat' dir='ltr'>Dionysii.</span> 
     </span>
    </p>

    <p class='ocr_par' dir='ltr' id='par_1_4' title="bbox 159 1785 1680 1880">
     <span class='ocr_line' id='line_1_24' title="bbox 209 1785 1680 1835; baseline -0.001 -14"><span class='ocrx_word' id='word_1_237' title='bbox 209 1788 310 1821; x_wconf 85' lang='lat' dir='ltr'>Anno</span> <span class='ocrx_word' id='word_1_238' title='bbox 324 1785 588 1821; x_wconf 74' lang='lat' dir='ltr'>MCCLXXXVI</span> <span class='ocrx_word' id='word_1_239' title='bbox 599 1813 608 1829; x_wconf 84' lang='grc'>.,</span> <span class='ocrx_word' id='word_1_240' title='bbox 625 1793 788 1821; x_wconf 89' lang='lat' dir='ltr'>mortuus</span> <span class='ocrx_word' id='word_1_241' title='bbox 801 1793 854 1821; x_wconf 90' lang='lat' dir='ltr'>est</span> <span class='ocrx_word' id='word_1_242' title='bbox 872 1787 997 1821; x_wconf 86' lang='lat' dir='ltr'>Petrus</span> <span class='ocrx_word' id='word_1_243' title='bbox 1011 1786 1056 1821; x_wconf 91' lang='lat' dir='ltr'>de</span> <span class='ocrx_word' id='word_1_244' title='bbox 1071 1787 1281 1835; x_wconf 72' lang='lat' dir='ltr'>Arragonia,</span> <span class='ocrx_word' id='word_1_245' title='bbox 1299 1794 1489 1834; x_wconf 85' lang='lat' dir='ltr'>postquam</span> <span class='ocrx_word' id='word_1_246' title='bbox 1504 1799 1561 1821; x_wconf 78' lang='lat' dir='ltr'>rex</span> <span class='ocrx_word' id='word_1_247' title='bbox 1579 1788 1680 1821; x_wconf 76' lang='lat' dir='ltr'>fran-</span> 
     </span>
     <span class='ocr_line' id='line_1_25' title="bbox 159 1844 784 1880; baseline -0.002 0"><span class='ocrx_word' id='word_1_248' title='bbox 159 1847 232 1880; x_wconf 90' lang='lat' dir='ltr'>ciae</span> <span class='ocrx_word' id='word_1_249' title='bbox 251 1851 286 1879; x_wconf 88' lang='lat' dir='ltr'>et</span> <span class='ocrx_word' id='word_1_250' title='bbox 303 1857 387 1878; x_wconf 89' lang='lat' dir='ltr'>suae</span> <span class='ocrx_word' id='word_1_251' title='bbox 409 1844 499 1878; x_wconf 89' lang='lat' dir='ltr'>acies</span> <span class='ocrx_word' id='word_1_252' title='bbox 514 1851 598 1879; x_wconf 91' lang='lat' dir='ltr'>sunt</span> <span class='ocrx_word' id='word_1_253' title='bbox 615 1857 784 1879; x_wconf 78' lang='lat' dir='ltr'>reversae.</span> 
     </span>
    </p>

    <p class='ocr_par' dir='ltr' id='par_1_5' title="bbox 157 1902 1681 2419">
     <span class='ocr_line' id='line_1_26' title="bbox 208 1902 1680 1952; baseline 0 -14"><span class='ocrx_word' id='word_1_254' title='bbox 208 1905 307 1939; x_wconf 72' lang='lat' dir='ltr'>Anno</span> <span class='ocrx_word' id='word_1_255' title='bbox 324 1902 611 1947; x_wconf 72' lang='lat' dir='ltr'>MCCLXXXIX,</span> <span class='ocrx_word' id='word_1_256' title='bbox 631 1902 705 1938; x_wconf 78' lang='lat' dir='ltr'>dux</span> <span class='ocrx_word' id='word_1_257' title='bbox 724 1904 932 1938; x_wconf 85' lang='lat' dir='ltr'>Brabantiae</span> <span class='ocrx_word' id='word_1_258' title='bbox 946 1903 1175 1951; x_wconf 70' lang='lat' dir='ltr'>congregavit</span> <span class='ocrx_word' id='word_1_259' title='bbox 1190 1915 1359 1952; x_wconf 70' lang='lat' dir='ltr'>magnum</span> <span class='ocrx_word' id='word_1_260' title='bbox 1379 1904 1571 1938; x_wconf 68' lang='lat' dir='ltr'>exercitum</span> <span class='ocrx_word' id='word_1_261' title='bbox 1589 1916 1680 1938; x_wconf 92' lang='lat' dir='ltr'>con—</span> 
     </span>
     <span class='ocr_line' id='line_1_27' title="bbox 159 1961 1679 2008; baseline -0.003 -10"><span class='ocrx_word' id='word_1_262' title='bbox 159 1970 212 1998; x_wconf 85' lang='lat' dir='ltr'>tra</span> <span class='ocrx_word' id='word_1_263' title='bbox 249 1962 555 2008; x_wconf 85' lang='lat' dir='ltr'>archiepiscopum</span> <span class='ocrx_word' id='word_1_264' title='bbox 587 1961 831 1996; x_wconf 87' lang='lat' dir='ltr'>Coloniensem</span> <span class='ocrx_word' id='word_1_265' title='bbox 845 1989 853 2005; x_wconf 67' lang='grc'><em>,</em></span> <span class='ocrx_word' id='word_1_266' title='bbox 888 1968 923 1996; x_wconf 88' lang='lat' dir='ltr'>et</span> <span class='ocrx_word' id='word_1_267' title='bbox 953 1968 1054 1995; x_wconf 85' lang='lat' dir='ltr'>erant</span> <span class='ocrx_word' id='word_1_268' title='bbox 1078 1973 1160 1995; x_wconf 90' lang='lat' dir='ltr'>cum</span> <span class='ocrx_word' id='word_1_269' title='bbox 1188 1961 1456 2008; x_wconf 85' lang='lat' dir='ltr'>archiepiscopo</span> <span class='ocrx_word' id='word_1_270' title='bbox 1490 1974 1608 1996; x_wconf 88' lang='lat' dir='ltr'>comcs</span> <span class='ocrx_word' id='word_1_271' title='bbox 1635 1961 1679 1995; x_wconf 73' lang='lat' dir='ltr'>de</span> 
     </span>
     <span class='ocr_line' id='line_1_28' title="bbox 157 2019 1679 2066; baseline -0.002 -10"><span class='ocrx_word' id='word_1_272' title='bbox 157 2021 416 2056; x_wconf 71' lang='lat' dir='ltr'>Lussembourc</span> <span class='ocrx_word' id='word_1_273' title='bbox 436 2019 583 2066; x_wconf 81' lang='lat' dir='ltr'>ejusque</span> <span class='ocrx_word' id='word_1_274' title='bbox 601 2020 729 2063; x_wconf 48' lang='lat' dir='ltr'>fratem„</span> <span class='ocrx_word' id='word_1_275' title='bbox 750 2032 868 2054; x_wconf 89' lang='lat' dir='ltr'>comes</span> <span class='ocrx_word' id='word_1_276' title='bbox 886 2019 931 2054; x_wconf 90' lang='lat' dir='ltr'>de</span> <span class='ocrx_word' id='word_1_277' title='bbox 950 2019 1077 2063; x_wconf 68' lang='lat' dir='ltr'>Gelris7</span> <span class='ocrx_word' id='word_1_278' title='bbox 1103 2032 1221 2054; x_wconf 84' lang='lat' dir='ltr'>comes</span> <span class='ocrx_word' id='word_1_279' title='bbox 1237 2019 1282 2054; x_wconf 89' lang='lat' dir='ltr'>dc</span> <span class='ocrx_word' id='word_1_280' title='bbox 1301 2020 1427 2063; x_wconf 47' lang='lat' dir='ltr'>Barroff</span> <span class='ocrx_word' id='word_1_281' title='bbox 1451 2026 1485 2053; x_wconf 89' lang='lat' dir='ltr'>et</span> <span class='ocrx_word' id='word_1_282' title='bbox 1503 2020 1559 2053; x_wconf 86' lang='lat' dir='ltr'>alii</span> <span class='ocrx_word' id='word_1_283' title='bbox 1577 2020 1679 2066; x_wconf 88' lang='lat' dir='ltr'>prin-</span> 
     </span>
     <span class='ocr_line' id='line_1_29' title="bbox 160 2077 1680 2126; baseline -0.002 -12"><span class='ocrx_word' id='word_1_284' title='bbox 160 2081 273 2126; x_wconf 68' lang='lat' dir='ltr'>cipes,</span> <span class='ocrx_word' id='word_1_285' title='bbox 295 2078 404 2113; x_wconf 86' lang='lat' dir='ltr'>duces</span> <span class='ocrx_word' id='word_1_286' title='bbox 421 2084 455 2111; x_wconf 88' lang='lat' dir='ltr'>et</span> <span class='ocrx_word' id='word_1_287' title='bbox 471 2077 620 2112; x_wconf 88' lang='lat' dir='ltr'>barones</span> <span class='ocrx_word' id='word_1_288' title='bbox 638 2077 682 2112; x_wconf 94' lang='lat' dir='ltr'>de</span> <span class='ocrx_word' id='word_1_289' title='bbox 701 2078 924 2122; x_wconf 78' lang='lat' dir='ltr'>Alemannia,</span> <span class='ocrx_word' id='word_1_290' title='bbox 946 2090 1028 2112; x_wconf 88' lang='lat' dir='ltr'>cum</span> <span class='ocrx_word' id='word_1_291' title='bbox 1049 2077 1183 2125; x_wconf 77' lang='lat' dir='ltr'>ingenti</span> <span class='ocrx_word' id='word_1_292' title='bbox 1203 2079 1376 2121; x_wconf 61' lang='lat' dir='ltr'>exercitu„</span> <span class='ocrx_word' id='word_1_293' title='bbox 1401 2084 1435 2111; x_wconf 87' lang='lat' dir='ltr'>et</span> <span class='ocrx_word' id='word_1_294' title='bbox 1455 2084 1627 2111; x_wconf 76' lang='lat' dir='ltr'>venerunt</span> <span class='ocrx_word' id='word_1_295' title='bbox 1645 2078 1680 2111; x_wconf 89' lang='lat' dir='ltr'>in</span> 
     </span>
     <span class='ocr_line' id='line_1_30' title="bbox 160 2135 1681 2184; baseline -0.002 -11"><span class='ocrx_word' id='word_1_296' title='bbox 160 2150 288 2184; x_wconf 86' lang='lat' dir='ltr'>campo</span> <span class='ocrx_word' id='word_1_297' title='bbox 312 2135 475 2177; x_wconf 55' lang='lat' dir='ltr'>{Vm-0722,</span> <span class='ocrx_word' id='word_1_298' title='bbox 492 2142 525 2170; x_wconf 86' lang='lat' dir='ltr'>et</span> <span class='ocrx_word' id='word_1_299' title='bbox 545 2136 698 2171; x_wconf 85' lang='lat' dir='ltr'>fixerunt</span> <span class='ocrx_word' id='word_1_300' title='bbox 715 2143 866 2184; x_wconf 91' lang='lat' dir='ltr'>utraque</span> <span class='ocrx_word' id='word_1_301' title='bbox 881 2136 972 2170; x_wconf 90' lang='lat' dir='ltr'>acies</span> <span class='ocrx_word' id='word_1_302' title='bbox 990 2148 1051 2170; x_wconf 86' lang='lat' dir='ltr'>sua</span> <span class='ocrx_word' id='word_1_303' title='bbox 1066 2136 1235 2179; x_wconf 67' lang='lat' dir='ltr'>tentoria,</span> <span class='ocrx_word' id='word_1_304' title='bbox 1252 2143 1286 2170; x_wconf 87' lang='lat' dir='ltr'>et</span> <span class='ocrx_word' id='word_1_305' title='bbox 1301 2143 1375 2170; x_wconf 86' lang='lat' dir='ltr'>erat</span> <span class='ocrx_word' id='word_1_306' title='bbox 1393 2136 1566 2170; x_wconf 78' lang='lat' dir='ltr'>exercitus</span> <span class='ocrx_word' id='word_1_307' title='bbox 1580 2135 1681 2170; x_wconf 88' lang='lat' dir='ltr'>ducis</span> 
     </span>
     <span class='ocr_line' id='line_1_31' title="bbox 162 2194 1681 2242; baseline -0.002 -11"><span class='ocrx_word' id='word_1_308' title='bbox 162 2196 370 2231; x_wconf 85' lang='lat' dir='ltr'>Brabantiae</span> <span class='ocrx_word' id='word_1_309' title='bbox 389 2207 517 2242; x_wconf 71' lang='lat' dir='ltr'>parvus</span> <span class='ocrx_word' id='word_1_310' title='bbox 535 2201 697 2241; x_wconf 87' lang='lat' dir='ltr'>respectu</span> <span class='ocrx_word' id='word_1_311' title='bbox 715 2195 866 2230; x_wconf 89' lang='lat' dir='ltr'>aliorum</span> <span class='ocrx_word' id='word_1_312' title='bbox 879 2222 888 2239; x_wconf 75' lang='lat'>,</span> <span class='ocrx_word' id='word_1_313' title='bbox 910 2195 1067 2242; x_wconf 65' lang='lat' dir='ltr'>fuitque,</span> <span class='ocrx_word' id='word_1_314' title='bbox 1089 2201 1129 2228; x_wconf 90' lang='lat' dir='ltr'>ut</span> <span class='ocrx_word' id='word_1_315' title='bbox 1147 2194 1296 2239; x_wconf 81' lang='lat' dir='ltr'>dieitur7</span> <span class='ocrx_word' id='word_1_316' title='bbox 1313 2194 1388 2229; x_wconf 86' lang='lat' dir='ltr'>dies</span> <span class='ocrx_word' id='word_1_317' title='bbox 1407 2201 1501 2229; x_wconf 85' lang='lat' dir='ltr'>certa</span> <span class='ocrx_word' id='word_1_318' title='bbox 1519 2195 1563 2228; x_wconf 90' lang='lat' dir='ltr'>ab</span> <span class='ocrx_word' id='word_1_319' title='bbox 1581 2201 1681 2229; x_wconf 89' lang='lat' dir='ltr'>utra-</span> 
     </span>
     <span class='ocr_line' id='line_1_32' title="bbox 159 2253 1680 2303; baseline -0.002 -13"><span class='ocrx_word' id='word_1_320' title='bbox 159 2268 230 2303; x_wconf 86' lang='lat' dir='ltr'>que</span> <span class='ocrx_word' id='word_1_321' title='bbox 254 2261 353 2302; x_wconf 86' lang='lat' dir='ltr'>parte</span> <span class='ocrx_word' id='word_1_322' title='bbox 379 2253 603 2289; x_wconf 87' lang='lat' dir='ltr'>concorditer</span> <span class='ocrx_word' id='word_1_323' title='bbox 626 2254 812 2302; x_wconf 80' lang='lat' dir='ltr'>assignata.</span> <span class='ocrx_word' id='word_1_324' title='bbox 836 2255 878 2288; x_wconf 88' lang='lat' dir='ltr'>Et</span> <span class='ocrx_word' id='word_1_325' title='bbox 898 2260 1072 2288; x_wconf 77' lang='lat' dir='ltr'>venerunt</span> <span class='ocrx_word' id='word_1_326' title='bbox 1095 2253 1382 2300; x_wconf 86' lang='lat' dir='ltr'>archiepiscopus</span> <span class='ocrx_word' id='word_1_327' title='bbox 1405 2260 1439 2287; x_wconf 88' lang='lat' dir='ltr'>ct</span> <span class='ocrx_word' id='word_1_328' title='bbox 1461 2253 1515 2287; x_wconf 89' lang='lat' dir='ltr'>sui</span> <span class='ocrx_word' id='word_1_329' title='bbox 1538 2266 1610 2287; x_wconf 89' lang='lat' dir='ltr'>non</span> <span class='ocrx_word' id='word_1_330' title='bbox 1635 2253 1680 2287; x_wconf 87' lang='lat' dir='ltr'>ad</span> 
     </span>
     <span class='ocr_line' id='line_1_33' title="bbox 160 2311 1679 2362; baseline -0.002 -13"><span class='ocrx_word' id='word_1_331' title='bbox 160 2314 256 2349; x_wconf 89' lang='lat' dir='ltr'>diem</span> <span class='ocrx_word' id='word_1_332' title='bbox 271 2314 500 2362; x_wconf 66' lang='lat' dir='ltr'>assignatam,</span> <span class='ocrx_word' id='word_1_333' title='bbox 521 2311 582 2346; x_wconf 87' lang='lat' dir='ltr'>sed</span> <span class='ocrx_word' id='word_1_334' title='bbox 596 2311 729 2358; x_wconf 77' lang='lat' dir='ltr'>pridie,</span> <span class='ocrx_word' id='word_1_335' title='bbox 745 2319 780 2346; x_wconf 88' lang='lat' dir='ltr'>et</span> <span class='ocrx_word' id='word_1_336' title='bbox 795 2313 1028 2347; x_wconf 84' lang='lat' dir='ltr'>Brabantinos</span> <span class='ocrx_word' id='word_1_337' title='bbox 1047 2313 1266 2347; x_wconf 72' lang='lat' dir='ltr'>invaserunt.</span> <span class='ocrx_word' id='word_1_338' title='bbox 1288 2313 1365 2346; x_wconf 83' lang='lat' dir='ltr'>Dux</span> <span class='ocrx_word' id='word_1_339' title='bbox 1379 2319 1497 2345; x_wconf 86' lang='lat' dir='ltr'>autem</span> <span class='ocrx_word' id='word_1_340' title='bbox 1513 2319 1547 2346; x_wconf 84' lang='lat' dir='ltr'>et</span> <span class='ocrx_word' id='word_1_341' title='bbox 1561 2312 1614 2346; x_wconf 91' lang='lat' dir='ltr'>sui</span> <span class='ocrx_word' id='word_1_342' title='bbox 1635 2311 1679 2346; x_wconf 91' lang='lat' dir='ltr'>ad</span> 
     </span>
     <span class='ocr_line' id='line_1_34' title="bbox 161 2369 1678 2419; baseline -0.002 -12"><span class='ocrx_word' id='word_1_343' title='bbox 161 2385 259 2407; x_wconf 89' lang='lat' dir='ltr'>arma</span> <span class='ocrx_word' id='word_1_344' title='bbox 280 2377 538 2406; x_wconf 88' lang='lat' dir='ltr'>concurrerunt</span> <span class='ocrx_word' id='word_1_345' title='bbox 556 2377 590 2404; x_wconf 85' lang='lat' dir='ltr'>et</span> <span class='ocrx_word' id='word_1_346' title='bbox 608 2370 753 2404; x_wconf 69' lang='lat' dir='ltr'>viriliter</span> <span class='ocrx_word' id='word_1_347' title='bbox 774 2371 996 2414; x_wconf 70' lang='lat' dir='ltr'>restiterunt,</span> <span class='ocrx_word' id='word_1_348' title='bbox 1018 2377 1054 2404; x_wconf 88' lang='lat' dir='ltr'>et</span> <span class='ocrx_word' id='word_1_349' title='bbox 1071 2370 1139 2405; x_wconf 84' lang='lat' dir='ltr'>fuit</span> <span class='ocrx_word' id='word_1_350' title='bbox 1157 2369 1343 2405; x_wconf 86' lang='lat' dir='ltr'>conflictus</span> <span class='ocrx_word' id='word_1_351' title='bbox 1363 2370 1487 2418; x_wconf 75' lang='lat' dir='ltr'>ingens</span> <span class='ocrx_word' id='word_1_352' title='bbox 1504 2377 1540 2404; x_wconf 91' lang='lat' dir='ltr'>et</span> <span class='ocrx_word' id='word_1_353' title='bbox 1559 2382 1678 2419; x_wconf 79' lang='lat' dir='ltr'>pugna</span> 
     </span>
    </p>
   </div>
   <div class='ocr_carea' id='block_1_3' title="bbox 201 2490 1674 2539">
    <p class='ocr_par' dir='ltr' id='par_1_6' title="bbox 201 2490 1674 2539">
     <span class='ocr_line' id='line_1_35' title="bbox 201 2490 1674 2539; baseline -0.001 -10"><span class='ocrx_word' id='word_1_354' title='bbox 201 2503 209 2521; x_wconf 89' lang='lat'><strong>¹</strong></span> <span class='ocrx_word' id='word_1_355' title='bbox 231 2503 262 2529; x_wconf 87' lang='lat' dir='ltr'>ln</span> <span class='ocrx_word' id='word_1_356' title='bbox 271 2503 393 2539; x_wconf 81' lang='lat' dir='ltr'>margine</span> <span class='ocrx_word' id='word_1_357' title='bbox 403 2502 520 2537; x_wconf 71' lang='lat' dir='ltr'>legitur,</span> <span class='ocrx_word' id='word_1_358' title='bbox 535 2502 638 2528; x_wconf 83' lang='lat' dir='ltr'>recenti</span> <span class='ocrx_word' id='word_1_359' title='bbox 649 2510 729 2527; x_wconf 84' lang='lat' dir='ltr'>manu</span> <span class='ocrx_word' id='word_1_360' title='bbox 739 2501 887 2537; x_wconf 84' lang='lat' dir='ltr'>scriptum:</span> <span class='ocrx_word' id='word_1_361' title='bbox 902 2501 925 2526; x_wconf 79' lang='lat' dir='ltr'><em>A</em></span> <span class='ocrx_word' id='word_1_362' title='bbox 935 2501 1105 2537; x_wconf 67' lang='lat' dir='ltr'>Perpiqnszn,</span> <span class='ocrx_word' id='word_1_363' title='bbox 1117 2502 1204 2537; x_wconf 76' lang='lat' dir='ltr'>primo</span> <span class='ocrx_word' id='word_1_364' title='bbox 1216 2500 1333 2528; x_wconf 77' lang='lat' dir='ltr'>Octobris</span> <span class='ocrx_word' id='word_1_365' title='bbox 1347 2500 1432 2528; x_wconf 68' lang='lat'>1283.</span> <span class='ocrx_word' id='word_1_366' title='bbox 1474 2501 1486 2519; x_wconf 77' lang='lat'><strong>²</strong></span> <span class='ocrx_word' id='word_1_367' title='bbox 1504 2490 1674 2538; x_wconf 68' lang='lat' dir='ltr'>lf&#39;oerinyen.</span> 
     </span>
    </p>
   </div>
  </div>
 </body>
</html>
