2118 3184
547 414 771 448 clinnum
803 415 968 449 *xtiiztnll
998 415 1038 448 LI
1069 415 1231 451 Mt'tSIS.
1576 419 1646 451 -219

138 522 393 568 temporalibus
415 523 519 556 etiam
544 523 732 557 virtutibus
754 524 921 557 omnibus
946 524 1172 558 fulcirentur!
1204 524 1273 558 Sed
1300 523 1387 558 heu!
1419 525 1585 559 miracula
1613 527 1644 559 in

136 581 356 614 mirabilibus
376 580 555 614 modernis
575 581 794 627 temporibus
813 589 893 615 sunt
916 589 1062 616 mutata.

184 640 311 673 Recolo
334 647 451 673 autem
471 639 516 673 de
532 640 715 685 scripturis
732 647 763 673 et
786 642 1005 687 temporibus
1024 642 1069 675 ab
1088 642 1224 689 origine
1243 641 1387 684 mundi,
1409 641 1591 688 quomodo
1611 643 1646 676 in

134 697 279 731 diversis
294 698 514 744 temporibus
528 698 666 732 diversa
684 707 896 734 evenerunt.
920 701 1141 746 punitionem
1163 701 1334 734 malorum
1346 727 1353 734 .
1377 701 1646 735 retributionem

134 755 326 789 bonorum.
349 756 437 790 Nam
461 756 600 790 Lucifer
619 764 652 790 et
674 758 748 802 ejus
774 770 940 804 sequaces
962 771 1023 804 per
1047 759 1248 804 superbiam
1273 759 1345 792 filio
1368 759 1428 792 Dei
1451 758 1646 794 invidentes

134 820 357 847 corruerunt.
395 813 503 847 Adam
536 815 640 848 etiam
674 822 705 848 et
740 816 827 857 Ιῖνῑι,
856 823 1037 863 gustantes
1063 816 1107 850 de
1134 817 1251 850 fructu
1280 817 1364 865 ligni
1390 818 1498 851 vetito
1525 824 1647 851 contra

134 871 392 905 obedientiam.
423 879 532 905 totam
560 874 798 919 posteritatem
826 887 924 908 snam
948 875 1148 909 infecerunt
1170 881 1205 908 et
1230 874 1274 908 de
1302 875 1467 909 Paradiso
1493 876 1646 909 terrestri

134 930 268 976 expulsi
287 937 381 965 sunt.
408 932 500 964 Deus
523 932 646 965 etiam.
673 939 819 978 propter
839 933 1006 967 malitiam
1030 934 1216 967 hominum
1241 940 1274 966 et
1299 934 1449 979 peccatis
1472 934 1646 982 exigenti-

132 989 216 1031 bus7
238 1001 351 1035 usque
369 989 413 1023 ad
433 997 591 1035 tempora
613 990 685 1023 Noe
702 1003 764 1036 per
782 990 956 1024 diluvium
976 998 1091 1025 totum
1110 991 1284 1025 interfecit
1304 998 1339 1025 et
1356 993 1470 1025 omnis
1485 999 1645 1027 creatura

132 1047 249 1094 periit.
268 1047 443 1081 Abraham
455 1075 463 1081 .
482 1055 626 1094 propter
643 1048 881 1082 obedientiam
899 1056 933 1082 et
951 1050 1031 1095 quia
1049 1050 1192 1095 proprio
1208 1050 1278 1082 filio
1297 1062 1367 1083 non
1385 1051 1560 1096 pepercit7
1584 1051 1644 1084 Dei

133 1105 268 1139 amicus
289 1112 339 1139 est
365 1106 510 1140 effectus
522 1134 529 1139 .
550 1107 585 1139 in
602 1113 740 1140 tantuin
759 1107 857 1153 quod
877 1106 921 1140 ad
936 1108 1052 1153 ipsum
1069 1107 1160 1141 etad
1178 1107 1271 1141 Isaac
1294 1109 1369 1153 ejus
1383 1108 1494 1142 filium
1508 1136 1516 1151 ἦ
1538 1115 1644 1155 atque

133 1163 260 1198 Jacob.
277 1164 389 1198 filium
407 1165 517 1200 Isaac.
536 1166 626 1199 Deus
642 1166 889 1211 promissiones
904 1178 983 1199 suas
1001 1166 1095 1199 fecit.
1119 1166 1157 1199 Et
1176 1166 1308 1200 abistis
1324 1167 1531 1211 patriarchis
1548 1168 1642 1201 venit

134 1228 205 1256 tota
222 1223 404 1268 posteritas
419 1222 636 1257 Judaeorum
655 1224 716 1269 qui
735 1236 874 1269 semper
893 1224 1035 1257 fuerunt
1055 1223 1227 1257 increduli
1246 1230 1280 1257 et
1298 1225 1442 1258 rebelles
1455 1253 1462 1267 -.
1485 1232 1519 1258 et
1537 1225 1644 1259 duces

133 1293 256 1314 eorum
274 1281 418 1314 fuerunt
435 1281 572 1327 Moyses
591 1288 625 1314 et
643 1282 779 1322 Aaron:v
807 1281 916 1314 David
939 1282 1044 1315 etiam
1067 1281 1149 1314 fecit
1171 1282 1262 1315 Deus
1283 1294 1400 1329 regem
1423 1296 1546 1316 eorum
1567 1290 1645 1329 post

133 1338 272 1373 Saulem
286 1366 294 1382 τ
311 1340 371 1385 qui
387 1340 518 1385 pluries
532 1340 685 1385 peccavit
697 1367 705 1374 .
723 1347 757 1373 et
771 1352 909 1385 semper
928 1340 1018 1373 Deus
1032 1340 1149 1374 omnia
1164 1339 1377 1374 condonavit
1391 1342 1598 1386 poenitenti.
1619 1342 1641 1375 A

133 1397 242 1432 David
257 1404 375 1431 autem
395 1410 507 1444 usque
528 1397 572 1431 ad
590 1397 782 1431 adventum
798 1398 879 1431 Jesu
899 1397 1027 1431 Christi
1045 1397 1307 1443 quamplurima
1327 1398 1537 1432 evenerunt!
1560 1400 1642 1446 quia

132 1456 323 1502 prophetas
336 1455 562 1498 oeeiderunt7
580 1455 672 1489 etad
687 1456 870 1498 ultimum7
890 1456 1010 1489 Jesum
1025 1468 1148 1489 verum
1167 1456 1378 1502 prophetam
1394 1458 1644 1491 crucifixerunt

133 1521 167 1548 et
190 1514 414 1557 occiderunt7
437 1515 498 1561 qui
522 1515 623 1548 tertia
649 1514 705 1548 die
729 1514 934 1557 resurrexit„
963 1527 1026 1560 per
1049 1514 1150 1559 cujus
1178 1515 1469 1549 resurrectionem
1491 1516 1644 1550 nascitur

133 1574 275 1608 ecclesia
294 1580 328 1607 et
347 1574 469 1607 finitur
486 1585 677 1621 synagoga.
701 1573 829 1607 Recolo
847 1573 952 1607 etiam
974 1580 1131 1619 tempora
1150 1572 1296 1616 Christi,
1316 1581 1474 1620 tempora
1500 1581 1642 1620 aposto-

134 1632 268 1675 lorum7
290 1639 485 1678 martyrum
498 1659 506 1675 7
531 1632 772 1665 confessorum
786 1658 794 1673 ‚
816 1632 993 1679 virginum
1007 1658 1016 1675 ,Ι
1038 1638 1072 1664 et
1090 1630 1278 1665 doctorum
1291 1659 1299 1675 a
1322 1638 1356 1665 et
1377 1633 1538 1666 omnium
1557 1633 1643 1667 elec-

131 1697 271 1731 torum.3
300 1689 393 1724 (licta
418 1690 523 1724 etiam
547 1696 749 1724 sanctorum
777 1696 931 1736 quatuor
956 1690 1269 1738 evangelistarum,¹
1299 1690 1360 1736 qui
1390 1690 1642 1725 ordinaverunt

129 1757 289 1796 tempora
305 1749 434 1783 Christi
454 1750 549 1783 bono
568 1748 678 1783 odore
698 1761 810 1795 usque
828 1748 873 1782 ad
893 1748 1234 1782 consummationem
1249 1749 1356 1790 vitaeg
1377 1756 1411 1782 et
1429 1749 1516 1783 haec
1535 1751 1641 1795 scrip—

131 1815 211 1842 tura
225 1821 305 1842 cum
321 1808 475 1854 epistolis
489 1808 581 1842 beati
597 1808 695 1842 Pauli
709 1815 744 1842 et
757 1808 906 1841 aliorum
919 1808 1159 1854 apostolorum
1175 1814 1281 1853 atque
1295 1807 1482 1842 doctorum
1497 1820 1641 1854 sequen—

131 1868 221 1901 tium
244 1873 279 1900 et
305 1867 544 1912 expositorum
567 1873 649 1900 sunt
669 1866 900 1900 fundamenta
928 1865 1008 1899 fidei
1032 1866 1244 1899 christianae
1271 1872 1305 1899 et
1328 1866 1435 1899 totius
1462 1866 1637 1900 ecclesiae.

132 1926 173 1960 Et
196 1938 267 1959 non
293 1932 344 1959 est
370 1925 520 1959 dubium
541 1925 638 1972 quod
657 1938 676 1959 a
696 1932 855 1971 tempore
873 1925 1001 1958 Christi
1024 1936 1136 1971 usque
1155 1923 1199 1958 ad
1219 1924 1390 1958 moderna
1407 1931 1583 1971 tempora5
1605 1926 1640 1959 in

134 1983 276 2018 diversis
295 1982 419 2017 mundi
439 1984 598 2029 partibus
616 1990 651 2017 et
669 1983 813 2017 diversis
832 1983 1052 2028 temporibus
1067 1995 1139 2016 non
1157 1983 1337 2016 evenerint
1355 1983 1506 2028 plurima
1518 2010 1527 2026 —,
1548 1984 1642 2018 scili—

131 2049 186 2078 cet
200 2043 477 2089 persecutionesqv
499 2042 677 2086 haereses,
698 2042 945 2084 dissensiones³
963 2053 1111 2089 guerrae
1124 2068 1132 2084 7
1150 2053 1269 2075 rerum
1286 2042 1513 2084 mutationes!
1529 2048 1563 2075 et
1577 2042 1640 2076 alia

129 2108 225 2136 tanta
243 2100 342 2148 quod
358 2101 461 2148 longa
476 2101 580 2134 nimis
597 2107 711 2134 essent
729 2113 909 2141 enarrareg
932 2099 992 2133 sed
1015 2099 1163 2147 diligens
1182 2100 1292 2133 lector
1309 2106 1343 2133 et
1360 2099 1502 2133 studere
1521 2100 1639 2133 volens

131 2160 261 2206 poterit
286 2159 367 2193 talia
398 2160 433 2192 in
463 2159 608 2193 diversis
639 2160 722 2193 locis
748 2166 783 2193 et
810 2159 992 2205 scripturis
1019 2158 1195 2201 invenirQ
1226 2159 1309 2204 quia
1335 2158 1486 2204 plurima
1513 2165 1595 2192 sunt
1620 2171 1639 2192 a

131 2217 458 2265 praedecessoribus
471 2217 726 2265 elegantissime
744 2217 906 2251 ordinata
921 2224 955 2251 et
970 2217 1151 2264 registrata
1163 2243 1171 2259 ,
1192 2223 1263 2250 tam
1278 2216 1322 2250 de
1340 2216 1517 2263 theologia
1531 2229 1639 2262 quam

131 2276 175 2310 de
202 2275 356 2309 historiis
386 2281 420 2308 et
449 2275 523 2308 aliis
550 2276 715 2309 scientiis.
746 2275 815 2309 sed
841 2275 933 2321 proh
956 2273 1077 2308 dolor!
1107 2273 1152 2308 ad
1174 2286 1337 2320 praesens
1364 2274 1498 2320 ubique
1522 2274 1639 2309 studia

131 2335 364 2374 minuuntur„
391 2334 474 2379 quia
501 2340 611 2367 status
633 2340 668 2367 et
691 2333 844 2368 honores
866 2333 1093 2376 affectantur,
1123 2339 1157 2366 et
1179 2332 1224 2366 de
1253 2331 1310 2366 die
1339 2333 1374 2366 in
1401 2332 1496 2366 diem
1521 2334 1638 2367 omnia

130 2399 315 2427 mutantur
334 2392 368 2425 in
383 2392 513 2425 seculo.
536 2391 604 2425 Sed
623 2392 714 2425 sicut
732 2399 890 2437 tempore
910 2391 1001 2425 beati
1020 2391 1105 2433 Job‚
1133 2391 1194 2437 qui
1214 2390 1302 2424 dixit
1324 2404 1330 2423 ε
1366 2404 1383 2420 (ι
1402 2390 1436 2424 Si
1456 2391 1549 2424 bona
1567 2404 1639 2425 sus-

130 2452 328 2498 ceperimus
347 2451 390 2485 de
409 2462 516 2484 manu
538 2451 697 2493 Domini7
724 2451 814 2484 mala
835 2462 945 2496 quare
964 2462 1035 2484 non
1054 2449 1308 2495 suscipiamus?
1327 2449 1496 2483 Dominus
1517 2448 1636 2493 dedit,

131 2510 301 2544 Dominus
325 2509 488 2543 abstulit:
512 2509 602 2542 sicut
624 2510 774 2543 Domino
798 2509 945 2555 placuit„
968 2509 1014 2542 ita
1036 2508 1168 2542 factum
1191 2513 1260 2548 est3
1284 2507 1329 2540 sit
1349 2519 1477 2541 nomen
1499 2507 1638 2541 Domini
