2137 3131
445 377 512 412 '534
784 371 959 408 CORPUS
986 369 1316 405 CHRONICORUM
1344 369 1607 403 FLANDRIAE.

493 486 531 518 ln
555 483 675 517 eadem
698 482 706 502 ¹
733 481 836 514 etiam
863 480 950 513 urbe
976 477 1188 511 Tornacensi
1208 476 1281 510 duo
1304 476 1430 510 milites
1449 477 1660 519 manebant7
1685 488 1839 522 quorum
1864 490 1955 511 unus

445 543 641 581 Gualterus.
660 540 752 573 filius
769 538 914 572 Huberti
934 536 978 571 de
993 536 1252 582 potentioribus
1271 536 1472 582 provinciae
1494 535 1724 581 optimatibus
1744 535 1952 569 habebatur.

446 602 539 636 Alter
558 612 660 641 vei-0„
687 597 830 631 nomine
849 595 1058 642 Radulphus
1073 594 1117 629 de
1140 594 1325 628 Osmunt2.
1354 594 1424 628 Hos
1446 607 1530 643 ergo
1552 594 1642 628 duos
1662 594 1788 628 milites
1812 593 1956 640 quidam

440 659 578 705 juvenis
596 656 684 691 vidit
707 657 742 689 in
761 655 893 689 somnis
914 655 950 687 in
968 654 1111 688 ecclesia
1129 660 1259 687 stantes
1282 659 1316 686 et
1336 653 1498 699 antiquas
1521 653 1595 698 ejus
1618 653 1736 686 ruinas
1762 659 1958 686 restaurare

446 718 641 752 molientes.
665 714 771 756 Quod
785 727 867 748 cum
887 713 1054 761 evigilans
1077 713 1179 746 matri
1199 724 1282 746 suae
1298 712 1492 754 retulisset.
1515 711 1571 744 illa
1595 712 1756 757 protinus
1778 709 1960 757 respondit

445 776 566 810 dicens
584 788 590 807 :
608 789 625 804 «
642 773 766 815 Crede.
783 773 845 815 fili,
864 771 1026 806 eamdem
1040 770 1220 805 ecclesiam
1232 770 1370 803 Domini
1387 769 1627 803 misericordia
1640 770 1743 803 citius
1757 776 1960 803 restauran-

444 835 525 869 dam
541 861 548 875 ·.
569 834 706 879 hosque
725 831 814 865 duos
834 831 960 864 milites
977 829 1091 864 eidem
1112 829 1188 863 loco
1208 829 1360 862 multum
1383 828 1611 874 profuturos:
1635 844 1653 860 n
1676 828 1783 868 Quod
1805 828 1853 862 sic
1871 840 1959 862 con-

445 894 521 941 tigit
535 920 541 935 .
561 893 643 938 quia
660 889 888 937 postmodum
902 889 1008 923 ambo
1023 889 1058 922 in
1073 888 1197 922 eadem
1212 888 1355 922 ecclesia
1370 887 1405 921 S.
1423 887 1564 921 Martini
1584 887 1749 921 monachi
1764 893 1847 920 sunt
1860 887 1955 920 facti.

493 952 581 986 Cum
598 951 611 972 ⁵
625 963 710 999 ergo
729 951 765 983 in
785 948 997 983 Tornacensi
1016 948 1159 996 regione
1179 945 1385 992 hujusmodi
1401 958 1580 980 sermones
1599 959 1619 980 a
1637 945 1782 980 diversis
1801 957 1959 992 pronun-

447 1009 670 1045 tiarenturde
679 1007 837 1054 ejusdem
847 1007 1010 1041 ecclesiae
1021 1006 1287 1048 restauratione.
1304 1004 1460 1038 videntes
1474 1005 1565 1038 cives
1575 1004 1782 1052 magistrum
1797 1002 1960 1038 Odonem

445 1082 526 1103 cum
542 1068 613 1101 suis
628 1067 673 1101 IV
684 1066 696 1087 4
714 1066 848 1100 clericis
862 1065 1055 1099 secularem
1075 1064 1181 1098 vitam
1201 1064 1287 1097 velle
1303 1063 1503 1109 relinquere
1516 1089 1524 1105 a
1541 1062 1767 1108 necdumque
1785 1074 1858 1108 quo
1877 1062 1958 1096 ituri

445 1134 560 1161 essent
589 1126 816 1168 deliberasse7
846 1123 1033 1158 dominum
1052 1122 1264 1157 Rabbodum
1293 1123 1500 1168 episcopum
1527 1121 1659 1156 adeunt
1678 1149 1688 1165 a
1716 1128 1750 1155 et
1775 1127 1815 1155 ut
1837 1133 1896 1155 eos
1924 1121 1960 1154 in

446 1186 568 1220 eadem
596 1185 739 1219 ecclesia
765 1195 946 1217 remanere
973 1182 1220 1216 exhortaretur
1237 1209 1245 1225 2
1274 1181 1473 1227 deposcunt
1498 1180 1724 1214 unanimiter.
1755 1178 1962 1228 Congaudet

446 1247 644 1292 episcopus7
666 1244 785 1289 eisque
804 1249 938 1276 secreto
957 1241 1157 1275 convocatis
1176 1241 1382 1286 petitionem
1402 1241 1531 1274 civium
1550 1240 1758 1281 innotescit.
1780 1238 1962 1285 multaque

446 1304 599 1339 suasoria
625 1300 842 1348 superaddit.
869 1298 1060 1341 Quatuor5
1083 1299 1198 1333 clerici
1221 1298 1437 1345 respondent
1453 1325 1462 1341 Ἴ
1494 1297 1672 1345 quidquid
1700 1297 1801 1331 vellet
1831 1297 1961 1345 magis-

446 1371 499 1397 ter
518 1362 597 1397 Odo
616 1374 651 1395 se
671 1372 897 1395 concessuros
915 1372 921 1391 z
941 1365 1012 1392 tota
1027 1370 1165 1392 summa
1180 1357 1414 1392 concessionis
1432 1358 1466 1390 in
1483 1357 1640 1405 magistri
1655 1356 1786 1403 pendet
1799 1356 1958 1390 arbitrio.

448 1422 639 1468 Episcopus
655 1417 803 1465 proinde
822 1429 941 1463 preces
960 1417 1123 1463 replicat.
1145 1422 1256 1462 utque
1272 1416 1360 1449 tanti
1380 1415 1463 1449 boni
1479 1414 1676 1460 intrepidus
1695 1415 1854 1461 inceptor
1871 1415 1962 1448 exis-

448 1487 515 1523 tat.
535 1477 672 1513 assidue
687 1483 819 1510 exorat.
842 1475 910 1509 Sed
928 1475 983 1509 ille
997 1474 1119 1509 videns
1134 1474 1181 1508 ibi
1195 1487 1266 1508 non
1281 1474 1345 1507 nisi
1360 1486 1467 1507 unam
1482 1474 1666 1520 ipsamque
1684 1480 1838 1507 veterem
1854 1480 1889 1506 et
1906 1485 1962 1507 se-

448 1537 653 1572 midirutam
668 1535 856 1569 consistere
873 1534 1088 1568 ecclesiolam
1099 1560 1107 1576 .
1129 1534 1217 1567 tanti
1232 1532 1398 1579 ponderis
1416 1533 1588 1566 sarcinam
1605 1531 1751 1580 aggredi
1767 1532 1958 1578 pavitabat.

448 1596 636 1645 Egreditur
649 1594 693 1628 de
712 1594 820 1628 domo
839 1593 1012 1639 episcopi7
1034 1592 1131 1626 nullo
1151 1599 1247 1626 certo
1267 1603 1434 1638 responso
1453 1590 1606 1624 reddito.
1631 1591 1702 1624 Nec
1721 1597 1840 1624 tamen
1854 1597 1965 1624 cessat

448 1656 633 1702 episcopus
647 1653 776 1686 iterum
794 1652 996 1698 iterumque
1015 1651 1173 1685 animum
1190 1651 1264 1697 ejus
1278 1650 1323 1684 ad
1342 1650 1410 1684 hoc
1424 1662 1513 1696 opus
1532 1648 1813 1697 aggrediendum
1835 1661 1963 1683 accen-

447 1714 549 1754 dere„
568 1712 763 1757 vidensque
781 1723 817 1744 se
839 1722 964 1756 parum
988 1710 1171 1756 proficere.
1193 1708 1385 1756 quemdam
1407 1708 1609 1756 religiosum
1632 1708 1879 1754 presbyterum
1897 1720 1964 1742 no—

447 1774 541 1807 mine
553 1772 788 1806 Gislebertum
803 1769 964 1813 accersit.
982 1769 1043 1815 qui
1059 1769 1095 1802 in
1112 1768 1234 1802 eadem
1250 1768 1393 1816 regione
1408 1774 1493 1801 tunc
1504 1767 1673 1813 temporis
1691 1778 1731 1800 ac
1746 1767 1773 1800 si
1789 1766 1963 1813 propheta

449 1831 598 1878 quilibet
623 1829 890 1871 honorabatur.
917 1827 1051 1874 quique
1073 1839 1169 1861 nunc
1192 1827 1227 1860 in
1252 1826 1396 1860 ecclesia
1414 1824 1449 1859 S.
1478 1825 1571 1859 Petri
1594 1825 1823 1859 Helnonensis
1844 1836 1964 1859 coram

449 1890 547 1924 altari
567 1888 723 1934 sepultus
745 1886 904 1933 quiescit.
928 1885 1001 1919 Hoc
1023 1897 1107 1933 ergo
1131 1885 1196 1919 sibi
1211 1885 1336 1930 juncto
1350 1911 1358 1927 7
1389 1884 1518 1917 iterum
1540 1883 1623 1917 totis
1647 1883 1782 1917 viribus
1804 1883 1963 1917 animum

450 1948 608 1997 magistri
624 1947 750 1980 nititur
768 1945 988 1979 inflammare
1000 1971 1008 1986 5
1026 1956 1228 1991 proponens
1245 1943 1393 1990 apostoli
1407 1942 1616 1976 sententian]
1640 1955 1646 1975 2
1681 1941 1782 1988 Quod
1800 1944 1864 1988 qui
1881 1942 1966 1989 plus

449 2008 661 2041 laboraverit
665 2033 675 2049 ,
691 2005 775 2052 plus
790 2004 957 2038 mercedis
971 2006 1135 2051 accipiet,
1152 2009 1185 2037 et
1195 2005 1365 2049 quoniam
1378 2014 1447 2049 per
1463 2001 1594 2035 multas
1607 2000 1849 2034 tribulationes
1861 2012 1965 2047 opor-

451 2073 497 2100 tet
516 2078 579 2099 nos
599 2067 737 2099 intrare
759 2066 798 2097 in
816 2075 968 2110 regnum
990 2062 1069 2097 Dei.
1096 2062 1163 2096 Tot
1185 2062 1362 2108 tantisque
1383 2060 1638 2095 sententiarum
1660 2059 1802 2105 spiculis
1821 2058 1964 2093 tandem

451 2125 616 2173 magister
631 2122 790 2156 devictus
808 2120 854 2155 ad
871 2121 1039 2155 ultimum
1058 2119 1266 2167 responden!
1285 2132 1321 2154 se
1335 2118 1468 2153 ibidem
1484 2130 1710 2160 mansurum,
1728 2118 1759 2151 *si
1778 2118 1967 2164 episcopali

451 2183 634 2231 privilegio
653 2182 697 2215 ab
724 2181 822 2215 omni
845 2181 1025 2214 exactione
1044 2180 1153 2214 libera
1178 2179 1244 2213 sibi
1268 2177 1468 2212 traderetur
1490 2176 1613 2211 eadem
1633 2176 1825 2210 ecclesiola.
1853 2175 1967 2223 Supra

452 2241 600 2276 modum
626 2240 785 2286 pontifex
815 2239 1028 2273 exhilaratus
1058 2238 1310 2272 canonicorum
1340 2242 1554 2271 conventum
1582 2241 1704 2269 evocat
1716 2262 1725 2278 7
1758 2241 1869 2282 utque
1898 2235 1967 2269 hoc

452 2301 605 2348 benigne
633 2297 843 2333 concederet
868 2304 1000 2332 exorat.
1030 2296 1099 2331 Sed
1125 2296 1173 2330 illi
1196 2296 1269 2342 jam
1297 2293 1565 2342 quodammodo
1592 2293 1796 2328 futurorum
1822 2293 1966 2339 praescii

492 2387 499 2404 ¹
522 2386 736 2421 Herimannus‚§
751 2385 796 2411 10.
1270 2383 1283 2403 ⁴
1304 2383 1385 2419 Apud
1404 2382 1557 2418 D'Achery‚
1572 2381 1607 2408 V.

492 2431 504 2449 2
523 2431 606 2457 Pater
616 2432 731 2457 auctoris
743 2431 823 2466 hujus
834 2431 966 2464 historiae,
980 2431 1019 2457 ait
1028 2430 1182 2466 D'Achery.
1272 2429 1283 2448 5
1306 2429 1386 2465 Apud
1398 2428 1537 2460 eumdem,
1550 2428 1676 2463 quinque.

490 2477 502 2495 3
524 2477 714 2509 Herimannus³
729 2477 741 2512 ξ)
756 2478 800 2503 11.
