2118 3184
479 427 741 463 CHRONICON
771 429 984 463 BALDUlNI
1014 429 1317 464 NINOVIENSIS.
1585 430 1654 464 609

139 536 159 568 A
168 536 272 569 masia
292 536 431 569 civitate
454 535 663 569 Theodorus
679 543 812 582 martyr
826 543 905 582 post
922 537 1067 571 verbera
1088 538 1159 585 igni
1179 536 1330 570 traditus
1348 543 1410 570 cst.
1430 537 1469 571 In
1487 536 1651 583 Scythia,

140 593 282 627 Mvnnas
307 600 440 639 martyr
462 600 539 639 post
559 594 651 627 varia
672 594 814 627 verbera
833 594 1025 628 decollatus
1050 596 1120 643 igni
1141 595 1291 640 injectus
1309 602 1373 629 est.
1397 596 1435 629 ln
1456 596 1647 641 llispaniiS.

137 652 276 685 civitate
297 652 601 699 Cacsar-Augusta
620 652 672 685 vel
695 652 872 695 Valentia,
900 653 1104 686 Vincentius
1128 654 1228 687 levita
1249 666 1369 699 passus
1393 660 1454 687 cst.
1487 654 1525 687 ln
1547 654 1652 687 Nico-

135 710 248 744 media
270 710 443 744 Adrianus
465 717 598 756 martyr
620 717 696 756 post
716 712 809 744 varia
828 712 998 757 supplicia
1022 712 1274 759 cruciffflgium
1292 725 1372 745 cum
1393 713 1512 745 multis
1532 725 1652 758 passus

136 775 198 801 est.
223 768 367 802 Civitate
393 769 564 815 Augenno
583 781 681 814 passa
701 775 752 801 est
772 768 869 802 Fides
897 770 1008 817 virgo,
1039 770 1170 803 Romae
1197 770 1398 816 Simplicius
1417 777 1447 803 et
1471 771 1652 804 Faustinus

137 834 215 872 post
233 827 403 872 supplicia
423 826 644 860 decollantur
657 855 665 869 ,
689 828 823 861 lleatrix
847 840 929 861 vero
946 840 1046 861 soror
1062 841 1184 861 eorum
1202 829 1235 861 in
1256 840 1395 862 carcere
1415 829 1649 874 praefocatur.

137 885 174 918 ln
200 884 404 919 Nicomedia
423 886 624 932 Gorgonius
643 892 677 919 et
701 886 899 920 Dorotheus
921 893 1000 932 post
1019 887 1162 920 verbera
1185 887 1349 920 excoriati
1372 887 1498 933 laqueo
1521 887 1652 921 finiun—

135 950 206 977 tur.
228 943 463 977 Diocletianus
476 971 484 987 ,
506 944 607 989 cujus
627 957 714 978 uxor
735 945 860 979 Severa
880 945 1168 979 christianissima
1188 946 1276 987 fuit,
1299 946 1450 979 multum
1467 946 1654 979 honoravit

135 1001 320 1047 Cyriacum
339 1001 528 1035 diaconum
543 1029 551 1039 ,
572 1003 655 1049 quia
674 1015 773 1036 suam
796 1003 901 1036 filiani
924 1004 1140 1037 Artliemiam
1160 1016 1177 1037 a
1193 1003 1382 1037 daemonio
1401 1004 1503 1037 sin‘iul
1520 1011 1553 1037 et.
1572 1004 1653 1037 infi-

135 1059 277 1094 delitate
287 1060 480 1106 (redemit),
494 1061 584 1094 sicut
598 1068 632 1095 et
647 1062 752 1095 filiani
770 1061 910 1107 Saporis
922 1062 1012 1109 regis
1028 1062 1227 1104 Persarum,
1245 1075 1351 1108 quem
1367 1063 1470 1095 etiam
1483 1074 1563 1095 cum
1579 1069 1652 1095 toto

137 1131 246 1166 regno
257 1131 322 1152 suo
333 1119 507 1152 convertit
521 1119 564 1152 ad
579 1119 699 1153 fidem.
719 1120 785 1153 Iste
800 1126 918 1165 postca
934 1132 1015 1153 cum
1030 1120 1142 1167 Largo
1157 1127 1190 1153 et
1205 1119 1399 1167 Smaragdo
1416 1120 1650 1165 Romaejussu

140 1177 337 1211 Maximiani
364 1184 443 1223 post
465 1178 557 1211 *aria
577 1178 748 1224 supplicia
772 1178 987 1221 decollatur,
1009 1178 1075 1223 xvij
1098 1178 1163 1211 kal.
1190 1178 1333 1223 Aprilis„
1357 1190 1509 1223 quorum
1536 1184 1652 1211 tamen

138 1236 265 1269 festum
291 1236 410 1283 agitur
434 1236 465 1281 vj
494 1235 573 1269 idus
602 1237 770 1283 Augusti,
800 1248 872 1282 quo
898 1236 956 1269 dic
982 1248 1104 1269 eorum
1130 1248 1279 1281 corpora
1303 1248 1322 1269 a
1346 1242 1467 1269 sancto
1490 1236 1652 1269 Marcello

138 1306 226 1340 papa
247 1294 355 1327 levata
372 1300 467 1327 sunt.
491 1294 597 1327 Lucia
610 1294 736 1327 nobilis
756 1301 915 1327 matrona
929 1301 964 1328 et
984 1294 1212 1327 Geminianus
1228 1300 1306 1339 post
1324 1300 1501 1327 tormenta
1519 1295 1653 1341 gravis-

136 1353 221 1386 sima
238 1351 399 1385 decollati
415 1358 510 1394 sunt,
526 1352 579 1396 xvj
596 1352 663 1385 kal.
682 1351 858 1385 Octobris.
880 1352 918 1384 ln
935 1352 1073 1385 civitate
1089 1352 1193 1398 Egea,
1210 1351 1350 1384 Cosmas
1366 1358 1400 1384 et
1418 1352 1604 1385 Damianus
1620 1359 1653 1385 ct

136 1417 205 1444 tres
220 1422 343 1444 eorum
359 1410 503 1453 fratres,
522 1417 601 1456 post
614 1411 707 1444 varia
723 1417 757 1443 et
772 1410 939 1444 immania
954 1410 1124 1456 supplicia
1137 1436 1145 1452 ,
1162 1409 1396 1443 decollantur.
1412 1410 1536 1443 Sancta
1551 1411 1653 1443 Anas-

137 1469 220 1503 tasia
238 1468 282 1503 ad
302 1469 405 1503 Aulas
422 1469 608 1515 palmarias
623 1482 703 1503 cum
726 1482 761 1503 cc
780 1469 860 1502 viris
883 1476 917 1502 et
933 1481 989 1503 nce
1008 1468 1148 1502 feminis
1165 1467 1279 1502 delata
1294 1475 1328 1502 et
1348 1469 1428 1516 igne
1444 1475 1651 1514 consumpta

137 1534 204 1570 est,
226 1527 282 1573 viij
301 1527 368 1561 kal.
386 1528 464 1561 Jan.
485 1527 573 1561 Cum
589 1529 662 1562 istis
676 1535 855 1574 praeterea
872 1528 973 1561 multi
987 1540 1141 1574 quorum
1158 1533 1254 1575 gesta
1270 1527 1460 1569 habentur,
1478 1527 1546 1560 hoc
1562 1534 1653 1560 tem-

137 1598 223 1632 pore
240 1586 408 1632 martyrio
424 1587 582 1620 coronati
596 1593 690 1620 sunt.
709 1586 857 1620 Sanctus
874 1586 1063 1620 Pantaleon
1079 1598 1098 1619 v
1119 1585 1184 1619 kal.
1210 1585 1358 1633 Augusti
1378 1584 1473 1631 apud
1489 1585 1653 1619 Nicome-

138 1643 250 1688 diam,
281 1643 455 1678 Christina
480 1645 579 1692 virgo
606 1651 641 1678 et
663 1651 810 1690 martyr,
834 1645 867 1678 ix
890 1643 956 1678 kal.
985 1644 1154 1691 Augusti,
1178 1643 1214 1676 in
1238 1643 1332 1689 Tyro
1353 1643 1491 1676 civitate
1514 1643 1651 1678 Italiac:

137 1702 335 1737 Theodosia
354 1703 453 1750 virgo
469 1709 503 1736 et
518 1710 664 1749 martyr,
682 1703 730 1749 iiij
751 1715 861 1736 nonas
883 1703 1030 1749 Aprilis,
1052 1702 1146 1748 apud
1167 1701 1368 1735 Caesaream
1388 1700 1650 1747 Cappadociae:

139 1761 290 1795 Barbara
303 1761 402 1809 virgo
420 1767 455 1794 et
468 1768 615 1808 martyr,
632 1762 654 1807 ij
671 1774 780 1795 nonas
799 1761 1021 1802 Decembrisg
1038 1760 1197 1794 Julianus
1216 1766 1250 1793 et
1265 1759 1382 1793 Celsus
1397 1771 1485 1805 puer
1504 1765 1651 1805 martyr,

138 1819 182 1865 vij
199 1818 278 1853 idus
298 1819 473 1861 Januarii3
500 1820 652 1854 Albanus
666 1826 813 1866 martyr,
835 1833 854 1853 x
873 1820 939 1853 kal.
961 1819 1043 1853 Julii
1057 1847 1065 1862 ,
1088 1820 1123 1852 in
1140 1818 1283 1866 Anglia,
1304 1818 1395 1851 Affra
1416 1824 1563 1863 martyr,
1588 1830 1654 1851 no-

138 1878 191 1911 nis
209 1878 378 1925 Augusti,
396 1878 432 1911 in
451 1878 590 1912 civitate
607 1881 824 1927 Augustana.
843 1878 941 1919 Quae
961 1890 1043 1911 cum
1065 1877 1228 1910 meretrix
1246 1883 1353 1919 esset,
1374 1888 1437 1922 per
1452 1875 1652 1909 Narcissum

138 1937 343 1982 episcopum
364 1948 529 1970 conversa
550 1944 613 1970 est.
637 1937 748 1971 Nemo
769 1937 853 1970 istos
875 1936 1067 1970 arbitretur
1092 1947 1210 1981 passos
1229 1947 1270 1968 eo
1294 1934 1418 1968 ordine
1442 1934 1650 1967 successive.

138 2006 211 2040 quo
233 1995 438 2041 praescripti
457 2002 559 2038 sunt,
581 2007 662 2029 cum
688 1995 811 2041 plane,
836 2001 877 2028 ut
889 1995 964 2040 jam
986 1995 1021 2027 in
1038 1993 1330 2039 praecedentibus
1351 1991 1444 2035 dixi,
1470 2005 1582 2026 annus
1606 1993 1655 2025 in-

138 2052 349 2086 carnationis
362 2079 370 2095 ,
393 2065 465 2098 quo
486 2053 635 2099 quilibet
651 2053 876 2101 singulariter
890 2052 942 2086 vel
957 2064 1038 2086 cum
1059 2051 1133 2085 aliis
1152 2051 1195 2084 sit
1217 2062 1338 2096 passus
1351 2077 1359 2089 ,
1385 2062 1560 2095 nusquam
1582 2050 1655 2083 dis-

139 2110 247 2144 tincte
266 2109 475 2155 reperiatur.

188 2167 373 2201 Carausius
400 2168 546 2213 quidam
575 2182 703 2217 genere
735 2169 878 2202 infimus
903 2169 939 2201 in
970 2168 1166 2211 Britannia,
1200 2167 1375 2201 Achilleus
1403 2167 1437 2199 in
1473 2166 1655 2213 Aegypto,

140 2225 333 2260 Gentianus
349 2227 383 2259 in
400 2226 534 2269 Africa,
552 2227 702 2261 Narseus
716 2228 751 2260 in
767 2228 912 2261 Oriente
926 2254 933 2270 ,
952 2227 1143 2260 rebellavit.
1162 2226 1235 2259 Hoc
1250 2225 1407 2271 periculo
1423 2225 1658 2258 Diocletianus

138 2290 320 2330 permotus
336 2283 584 2318 Maximianum
601 2297 641 2318 ex
651 2284 795 2319 Caesare
812 2286 1011 2332 Augustum
1028 2285 1130 2326 fecit,
1148 2283 1393 2317 Constantium
1407 2294 1502 2321 vem,
1520 2289 1655 2328 patrem

139 2349 259 2390 postea
288 2343 405 2390 magni
434 2342 674 2387 Constantini,
700 2350 735 2377 et
755 2343 932 2377 Galerium
960 2355 1131 2390 generum
1154 2354 1259 2375 suum
1284 2341 1445 2375 Caesares
1467 2340 1654 2375 ordinavit.

138 2401 363 2436 Constantius
382 2401 579 2449 privignam
601 2401 759 2435 Herculei
780 2400 1005 2435 Theodoram
1025 2401 1161 2446 accepit
1180 2411 1326 2433 uxorem
1340 2426 1348 2442 ,
1370 2411 1410 2432 ex
1429 2411 1499 2445 qua
1518 2399 1548 2444 vj
1570 2399 1658 2432 libe-

140 2472 197 2494 ros
221 2460 365 2507 genuit,
388 2459 545 2493 Galerius
565 2472 644 2493 vero
669 2460 775 2494 filiam
802 2460 1005 2493 Diocletiani
1025 2459 1126 2493 duxit
1146 2458 1333 2492 Valeriam.

187 2517 352 2552 Secundo
370 2530 464 2552 anno
489 2519 760 2564 persecutionis,
783 2531 856 2552 uno
874 2517 932 2552 die
951 2530 1146 2564 purpuram
1162 2517 1405 2563 deposuerunt
1424 2516 1659 2551 Diocletianus

246 2575 333 2609 Toni.
364 2576 409 2610 ll.
1514 2573 1559 2608 77
