2118 3184
747 383 1032 418 APPENDICES.
1579 385 1650 420 815

806 500 945 534 LXXXI
953 501 981 534 11
990 528 996 533 .

135 588 268 631 Hem-i,
288 589 358 622 duc
371 588 412 621 dc
427 587 610 629 Brabantl,
629 586 796 632 confit-me
814 587 846 620 la
860 587 1028 620 (ίοιιιιίιόηΥ
1039 588 1126 632 finito
1142 585 1165 620 (ὶ
1182 587 1339 632 l’abbaye
1352 599 1426 633 pm·
1446 587 1646 632 Godef'roid.

160 646 331 681 elnitelain
346 646 386 679 de
397 645 582 679 Bruoeelles
595 673 603 686 ‚
618 645 659 678 (lc
673 645 835 691 quelques
850 645 1013 679 bonniers
1026 645 1066 679 dc
1080 651 1171 678 terre
1185 650 1217 678 ot
1229 645 1270 678 cle
1285 645 1623 679 hois-—Rfflix‘msfflr

663 810 734 833 Entrc
745 810 785 833 Nix
791 810 846 833 elles
855 814 878 832 ct
888 809 1049 841 numquit-res
1058 828 1064 839 ⁷
1079 810 1148 833 1198.

175 882 205 909 ln
221 883 329 908 nominc
346 882 431 908 l‘atris
445 887 472 908 ct
489 882 548 908 Filii
564 887 590 908 et
603 882 724 917 Spiritus
735 881 838 908 Sancti.
855 882 911 917 Ego
926 882 1060 908 Hem-icus
1072 901 1079 913 ‚
1095 881 1150 907 dux
1164 881 1358 917 Lolharingiae
1376 887 1403 907 et
1417 881 1537 908 marchio
1550 883 1653 907 romani

136 929 255 965 imperii.
268 929 366 955 Notum
380 938 439 955 esse
451 929 577 955 volumus
589 929 782 964 praesentibus
792 933 819 954 et
835 928 934 954 suturis
948 928 1022 964 quod
1036 927 1124 954 fidelis
1138 933 1232 954 noster
1244 927 1409 954 Godesridus
1420 949 1427 960 ,
1444 927 1608 954 castellanus
1621 929 1654 955 dr

138 976 287 1007 Brussella,
301 977 394 1003 decem
405 982 431 1002 vt
444 982 505 1003 octo
520 977 632 1002 bonaria
643 975 721 1002 fundi
732 975 806 1011 plani
819 981 846 1002 et
857 976 974 1002 nemoris
988 975 1030 1001 vel
1042 984 1074 1001 co
1086 975 1206 1009 circiter,
1220 984 1290 1010 quae
1304 984 1319 1000 a
1331 984 1441 1001 nemore
1453 974 1486 1000 dc
1499 975 1550 1001 (ἰοί
1562 981 1656 1002 exten-

138 1024 243 1050 duntur
255 1033 350 1050 versus
365 1024 572 1055 1lcinirsartum,
586 1028 613 1049 et
624 1032 735 1049 censum
748 1028 775 1049 et.
782 1023 829 1056 jus
841 1031 920 1048 omne
934 1031 1013 1048 suum
1027 1021 1100 1057 quod
1114 1021 1232 1047 habebat
1244 1022 1269 1047 in
1282 1021 1436 1057 quindecim
1449 1022 1570 1048 bunariis
1582 1022 1654 1057 plani

137 1075 165 1096 et
177 1071 296 1097 nemoris
306 1091 312 1101 ,
327 1080 398 1106 quae
409 1071 555 1097 mansuarii
568 1071 602 1096 ab
616 1071 675 1105 ipso
689 1070 818 1096 tenebant
831 1075 858 1096 et
868 1070 942 1103 jacet
957 1078 1035 1095 secus
1046 1078 1142 1095 nemus
1155 1068 1228 1104 quod
1242 1069 1343 1094 dicitur
1356 1068 1445 1095 Forest
1458 1090 1464 1100 ,
1481 1069 1591 1095 domino
1605 1079 1655 1095 suo

139 1117 278 1144 Everardo
290 1117 324 1144 de
340 1117 413 1151 lim,
429 1127 444 1143 a
459 1127 514 1152 quo
526 1116 666 1152 praefatus
677 1116 841 1143 castellanus
855 1116 921 1142 haec
934 1116 1074 1152 praedicta
1091 1116 1202 1141 tenebat
1216 1116 1243 1141 in
1257 1115 1367 1141 feodum
1377 1136 1384 1147 ,
1404 1116 1551 1151 resignavit
1563 1127 1569 1150 3
1587 1116 1656 1142 Eve-

139 1165 238 1192 tardus
253 1175 318 1192 vero
334 1165 399 1191 mihi
410 1165 562 1200 reportavit
575 1170 603 1191 et
615 1170 766 1199 utrumque
785 1164 969 1195 eII'estucavit‚
986 1162 1091 1189 nullum
1104 1162 1151 1197 jus
1169 1163 1195 1188 in
1209 1162 1356 1198 praedictis
1370 1163 1587 1197 possessionibus
1605 1163 1656 1188 sibi

140 1213 291 1239 retinentes
301 1234 308 1245 ‚
326 1213 446 1248 exceptis
463 1212 552 1238 tribus
567 1212 686 1238 denariis
697 1211 880 1238 Bruxeliensis
892 1215 1016 1236 monetae
1027 1231 1033 1243 ‚
1049 1211 1096 1245 qui
1113 1210 1146 1236 de
1155 1215 1259 1245 septem
1274 1210 1395 1236 bunariis
1413 1210 1439 1235 in
1453 1210 1592 1245 praedicto
1610 1220 1657 1236 ne-

141 1269 216 1286 more
228 1260 386 1294 jacentibus
402 1260 542 1285 annuatim
557 1259 583 1285 in
603 1258 672 1285 sesto
687 1258 774 1285 sancti
793 1258 926 1284 Iohannis
947 1258 1083 1292 Baptistae
1100 1256 1250 1283 castellano
1268 1256 1421 1283 solventur.
1437 1257 1513 1283 Tunc
1533 1256 1656 1283 homines

140 1308 227 1333 nostri
239 1307 396 1342 judicantes
409 1306 482 1342 quod
494 1305 580 1332 libere
597 1306 648 1332 ista
664 1306 790 1332 conferre
804 1314 945 1340 possemus
956 1325 962 1336 ‚
981 1305 1024 1330 cui
1037 1303 1170 1331 vellemus
1182 1324 1189 1335 ‚
1205 1303 1238 1329 ad
1253 1312 1332 1329 usum
1346 1302 1461 1329 fratrum
1476 1303 1501 1328 in
1520 1304 1657 1329 Ninivensi

139 1353 253 1381 ecclesia
263 1353 374 1380 domino
388 1353 565 1379 servientium
577 1352 732 1387 praedictas
750 1353 936 1387 possessiones
947 1351 974 1377 in
989 1359 1084 1376 manus
1097 1350 1204 1376 abbatis
1218 1350 1251 1376 de
1266 1350 1351 1376 Pareo
1369 1349 1530 1376 tradidimus
1544 1351 1570 1376 in
1585 1351 1661 1376 elee-

140 1410 289 1437 mosynam,
300 1406 330 1427 ut
339 1400 572 1435 elecmosynarum
583 1405 610 1426 et
620 1400 776 1426 orationum
788 1399 873 1435 ipsius
883 1398 1012 1425 ecclesiae
1021 1407 1176 1424 mereamur
1184 1397 1286 1423 habere
1295 1397 1468 1433 participium
1479 1407 1485 1431 ς
1498 1399 1658 1424 mansuariis

140 1453 231 1474 autem
247 1447 394 1483 praedictis
410 1447 545 1473 concessit
557 1447 721 1473 castellanus
737 1455 908 1473 communem
922 1455 1001 1471 usum
1015 1445 1153 1481 lignorum
1163 1445 1190 1470 in
1205 1453 1316 1470 nemore
1331 1453 1380 1470 suo
1395 1444 1429 1470 de
1446 1444 1618 1479 Carbonires,
1635 1447 1657 1471 si

139 1504 224 1531 supra
235 1494 385 1531 praefatam
401 1494 597 1521 haereditatem
609 1495 766 1530 quindecim
781 1494 958 1520 bonariorum
975 1493 1140 1524 manserint,
1155 1492 1201 1518 sed
1215 1493 1236 1518 si
1249 1492 1381 1527 praedicti
1392 1492 1544 1526 fratresjus
1561 1492 1658 1519 haere—

139 1542 302 1568 ditariorum
317 1542 494 1577 acquisierint
515 1543 541 1567 in
557 1551 668 1567 nemore
684 1541 719 1567 de
734 1541 878 1567 Carbonire
890 1549 1061 1566 communem
1076 1548 1155 1565 usum
1174 1544 1263 1565 tamen
1278 1548 1332 1565 nou
1348 1538 1490 1565 habebunt
1507 1539 1654 1575 lignorum.

143 1590 178 1617 Ut
190 1589 258 1616 haec
270 1594 361 1616 autem
372 1590 450 1615 firma
461 1595 489 1616 et
499 1589 607 1615 stabilia
618 1593 753 1624 perpetuo
764 1592 890 1614 maneant
901 1608 908 1620 2
919 1587 1021 1622 scripto
1037 1591 1130 1613 nostro
1144 1586 1262 1622 sigillato
1273 1586 1467 1612 confirmamus
1479 1591 1506 1612 et
1516 1586 1656 1613 hominum

140 1642 296 1664 nostrorum
311 1638 465 1664 testimonio
481 1637 655 1663 roboramus.
668 1637 765 1662 Actum
779 1645 850 1662 anno
861 1635 969 1661 Domini
984 1634 1157 1666 MCXCVIII,
1174 1643 1266 1660 mense
1281 1633 1426 1660 Novembri
1441 1634 1512 1660 inter
1527 1633 1656 1660 Nivellam

141 1690 168 1711 et
184 1684 276 1711 villam
292 1693 363 1720 quae
372 1684 473 1711 dicitur
486 1683 612 1710 Runln'rs.
630 1683 744 1719 Signum
755 1682 884 1709 willelmi
898 1682 991 1709 fratris
1005 1682 1070 1716 mei;
1084 1681 1112 1708 S.
1126 1680 1240 1707 Gerardi
1254 1680 1288 1707 de
1301 1680 1469 1717 Grimbergis
1481 1692 1486 1715 ς
1502 1680 1530 1707 S.
1545 1681 1657 1707 Arnoldi

140 1732 174 1758 de
192 1731 336 1761 Wesemah·
348 1731 376 1757 S.
390 1731 518 1757 Willetrni
534 1730 568 1757 de
585 1730 715 1756 Walhem.

1069 1775 1176 1807 Original
1188 1794 1193 1798 .
1207 1783 1275 1799 sceau
1291 1783 1319 1799 en
1333 1775 1381 1799 circ
1397 1775 1481 1799 bruno.

879 1867 938 1879 ΙΙ

809 2076 995 2111 LXXXIV.

149 2166 250 2201 Bulla
271 2166 321 2201 du
337 2178 430 2213 pape
445 2165 617 2199 Innocent
635 2164 723 2208 III,
741 2167 806 2211 qui
820 2164 986 2210 confirme
1003 2163 1159 2208 l’abhaye
1172 2162 1263 2196 dans
1283 2162 1318 2195 la
1337 2165 1531 2208 possession
1548 2163 1589 2196 de
1607 2175 1658 2197 ses

611 2224 719 2258 hiens.
737 2244 785 2249 —-
804 2224 957 2257 Ammcs
983 2234 1142 2256 mvnsrs.

870 2388 942 2412 ¹198.

185 2462 362 2489 Innocentius
373 2462 518 2497 episcopus
528 2482 534 2494 ,
547 2470 642 2488 servus
653 2470 795 2488 servorum
808 2460 875 2494 Dei,
890 2460 996 2487 dilectis
1007 2459 1071 2486 filiis
1081 2460 1173 2486 abbati
1184 2465 1212 2487 et
1222 2460 1355 2486 iratribus
1364 2459 1494 2486 ecclesiae
1508 2460 1659 2487 Niniveusis

147 2510 262 2537 satutem
274 2515 302 2537 et
315 2509 491 2546 apostolicam
504 2509 732 2536 benedictionem.
746 2509 833 2536 Iustis
845 2508 996 2545 petentium
1010 2507 1153 2535 desideriis
1166 2507 1278 2544 dignum
1292 2512 1333 2534 est
1347 2516 1396 2534 nos
1408 2507 1512 2534 facilem
1527 2507 1660 2543 praebere
