2118 3184
742 392 1031 428 APPEN'DICES.
1578 394 1647 428 769

818 539 947 574 xxm.

129 639 223 675 Base
239 641 281 676 de
297 641 416 676 Gavre
427 646 461 675 et
473 639 645 674 Mathilde
654 666 664 681 ‚
680 652 742 674 son
760 640 884 687 e'ponse
894 668 903 682 ,
922 641 1080 675 ‹lonnent
1091 640 1114 674 ἀ
1127 641 1286 687 l’ablmye
1301 654 1372 675 une
1388 639 1484 688 pz'ece
1497 640 1539 674 de
1555 646 1647 674 terre

605 696 711 732 situe'e
725 696 749 731 ἁ,
766 697 958 733 Holleheke.
976 720 1024 725 —-
1034 700 1172 734 Romu.

858 893 926 917 1166.

165 963 196 990 ln
211 963 320 990 nomine
334 962 422 989 Patris
431 967 458 989 et
470 962 529 989 Filii
542 968 570 989 et
578 962 698 999 Spiritus
708 962 812 990 Sancti.
826 963 899 989 Razo
913 963 947 990 de
959 963 1064 990 Gavera
1073 984 1081 996 ,
1096 963 1188 990 divina
1200 963 1376 1000 dispensante
1389 963 1533 990 clementia
1545 984 1552 995 ,
1567 962 1649 989 Flan-

127 1010 235 1038 :irensis
249 1010 356 1037 comitis
370 1011 501 1046 pincerna
511 1031 519 1043 ‚
536 1019 591 1036 una
607 1019 669 1037 cum
685 1020 770 1037 uxore
785 1020 835 1037 sua
848 1011 976 1046 Magiilde
987 1032 993 1038 .
1009 1016 1063 1037 tam
1083 1010 1184 1038 suturis
1198 1021 1280 1047 quam
1297 1011 1490 1047 praesentibus
1503 1011 1529 1037 in
1549 1020 1650 1046 perpe-

126 1063 217 1084 tuum.
229 1057 364 1094 Quoniam
378 1056 521 1083 salutifero
532 1057 656 1083 veritatis
665 1057 846 1083 admonemur
859 1057 980 1093 alloquio
992 1057 1082 1084 facere
1096 1059 1197 1084 amicos
1207 1058 1241 1084 de
1251 1059 1346 1093 iniquo
1359 1067 1510 1084 mammona
1520 1079 1526 1090 ,
1543 1058 1649 1093 quinos

126 1106 154 1131 in
167 1109 280 1131 aeterna
294 1104 428 1140 recipiant
442 1103 618 1130 tabernacula
628 1125 635 1137 ,
656 1103 747 1130 divina
764 1104 915 1139 inspirante
933 1105 1021 1140 gratia
1034 1104 1137 1140 placuit
1151 1104 1268 1131 fratrum
1283 1105 1469 1131 Ninivensium
1486 1105 1538 1131 sub
1553 1104 1650 1141 regula

126 1151 200 1178 beati
213 1151 360 1187 Augustini
379 1149 435 1177 Deo
452 1151 630 1177 servientium
647 1150 764 1186 inopiam
781 1151 825 1186 pia
842 1151 965 1177 relevare
979 1151 1175 1178 munificentia.
1191 1152 1233 1178 Ob
1245 1157 1366 1178 nostram
1380 1153 1474 1187 itaque
1488 1157 1515 1178 et
1527 1153 1648 1178 omnium

126 1197 368 1234 praedecessorum
376 1202 403 1224 et
410 1206 600 1224 successorum
608 1202 767 1224 nostrorum
775 1197 891 1224 salutem
900 1219 907 1229 ,
917 1198 1064 1234 praedictis
1073 1198 1206 1225 fratribus
1213 1199 1375 1226 tradidimus
1389 1204 1491 1226 terram
1502 1199 1647 1236 quamdam

126 1245 200 1281 apud
211 1244 374 1271 Holebecam
383 1264 391 1275 ‚
403 1253 485 1280 quam
498 1244 622 1270 homines
632 1245 719 1270 nostri
731 1244 894 1271 Lambertus
904 1250 932 1271 et
945 1245 1057 1281 Sigerus
1068 1245 1102 1271 de
1115 1245 1252 1272 uolebeca
1263 1246 1290 1272 in
1303 1245 1412 1272 feodum
1421 1246 1455 1272 de
1466 1246 1545 1272 nobis
1558 1252 1651 1273 tenue-

128 1297 191 1319 rant
208 1297 236 1319 et
248 1291 323 1318 unde
336 1291 404 1318 alios
417 1291 611 1323 semmei-ant,
627 1291 752 1318 videlicet
770 1292 843 1318 illam
859 1297 942 1318 totam
958 1302 1041 1328 quam
1056 1292 1221 1319 Aschericus
1239 1293 1274 1319 de
1290 1293 1374 1320 Bosca
1390 1293 1424 1320 de
1442 1294 1599 1325 Rothardo⁷
1621 1300 1650 1320 et

128 1344 223 1376 postea
236 1339 373 1366 Giselinus
385 1339 419 1365 de
433 1339 532 1365 Eilmm
541 1360 548 1371 ‚
560 1348 646 1375 gener
655 1338 795 1365 Ascheriei
805 1360 812 1372 ‚
825 1345 852 1365 et
863 1349 932 1365 uxor
943 1339 1055 1366 Giselini
1065 1361 1071 1372 ‚
1082 1339 1138 1366 filia
1152 1340 1291 1366 Ascherici
1304 1339 1472 1376 Heilexcifde
1488 1341 1630 1367 Rothardo
1641 1362 1648 1373 ‚

127 1393 154 1415 et
167 1386 253 1414 fratre
267 1387 327 1422 ejus
347 1387 487 1419 Roueido,
505 1386 664 1413 Rothardus
682 1396 748 1413 vero
765 1391 793 1413 et
810 1387 950 1413 Roneidus
967 1387 1002 1414 de
1019 1386 1150 1422 praefatis
1169 1387 1327 1414 hominibus
1343 1388 1444 1414 nostris
1461 1388 1608 1414 Lamberto
1623 1393 1651 1414 et

126 1434 224 1472 Sigei-o
234 1435 262 1461 in
274 1434 384 1461 feodum
399 1439 561 1466 tenuerant,
577 1434 738 1460 nominatim
749 1434 901 1461 Godezouis
912 1435 1048 1461 culturam
1060 1439 1088 1461 et
1096 1434 1236 1461 Jlidelhosc
1246 1444 1308 1461 cum
1317 1436 1373 1461 suis
1382 1435 1541 1470 adjacentiis
1550 1437 1647 1470 terris;

128 1481 258 1509 videlicet
267 1481 369 1517 pratis,
384 1481 468 1516 s5lvis
479 1486 506 1507 et
513 1481 662 1517 paludibus
671 1482 743 1507 cirea
753 1480 846 1508 decem
859 1486 887 1507 et
899 1491 997 1508 novem
1010 1481 1152 1508 bunarios.
1168 1481 1330 1508 Addidimus
1343 1483 1424 1508 etiam
1438 1482 1587 1509 bunarium
1598 1482 1651 1518 syl-

128 1538 193 1564 vae,
206 1534 234 1556 et
242 1528 324 1565 paulo
337 1528 400 1565 plus
413 1529 439 1554 in
452 1528 528 1564 sylva
540 1538 612 1564 quae
624 1528 703 1555 Porci
713 1528 801 1564 Caput
812 1529 980 1561 nominatur„
989 1530 1088 1565 partim
1097 1529 1132 1556 de
1142 1528 1223 1556 feodo
1232 1529 1366 1556 Johanuis
1373 1530 1407 1556 de
1421 1531 1536 1566 Asplar‚
1550 1532 1649 1566 partim

127 1579 163 1606 de
174 1577 255 1604 feodo
267 1576 355 1613 Sigeri
363 1576 398 1603 de
409 1575 546 1603 Holebeca
554 1581 582 1603 et
591 1576 715 1602 Roneidi.
728 1576 804 1603 nanc
816 1578 913 1612 utique
923 1577 994 1603 sicut
1004 1577 1187 1613 expressimus
1196 1581 1297 1604 terram
1308 1588 1370 1604 cum
1379 1578 1454 1613 sylva
1467 1588 1516 1614 per
1527 1578 1650 1614 singulos

127 1624 262 1653 haeredes
270 1624 393 1661 legitime
407 1624 568 1659 acquisitam
582 1629 609 1650 et
620 1633 744 1660 congruo
755 1625 910 1651 testimonio
924 1634 974 1660 per
987 1625 1110 1651 ordinem
1121 1625 1155 1651 ab
1168 1630 1290 1652 extremo
1303 1635 1460 1661 possessore
1467 1626 1602 1662 gradatim
1615 1626 1649 1652 ad

129 1677 238 1700 nostras
250 1680 340 1707 usque
353 1679 449 1696 manus
460 1675 660 1704 revertentem⁷
670 1676 697 1697 et
710 1671 790 1697 nobis
804 1671 969 1707 resignatam
980 1673 1150 1707 suscepimus
1159 1693 1165 1704 ‚
1179 1677 1206 1698 et
1219 1673 1350 1707 praefatis
1364 1672 1497 1699 fratribus
1507 1673 1541 1699 de
1554 1673 1649 1699 Ninive

127 1724 265 1756 perpetuo
275 1718 429 1744 habendam
448 1719 560 1744 omnino
578 1718 614 1744 ab
625 1719 699 1745 omni
714 1719 855 1745 exactione
872 1724 899 1745 et
910 1719 976 1753 jure
990 1724 1085 1745 nostro
1104 1724 1131 1746 et
1147 1725 1305 1746 nostrorum
1320 1720 1433 1746 liberam
1450 1726 1477 1746 et
1495 1720 1648 1747 absolutam

129 1767 324 1798 concessimu8‚
339 1771 367 1792 et
384 1766 437 1793 hoc
453 1765 557 1792 donum
575 1771 699 1792 nostrum
714 1766 855 1793 hominum
872 1771 1030 1793 nostrorum
1041 1772 1068 1793 et
1081 1767 1197 1793 aliorum
1215 1767 1338 1794 fidelium
1355 1769 1511 1795 testimonio
1524 1775 1552 1796 et
1569 1769 1651 1806 sigilli

129 1815 217 1843 nostri
230 1814 410 1850 impressione
423 1814 656 1841 confirmavimus.
670 1814 776 1840 Placuit
797 1814 879 1840 etiam
897 1820 1070 1841 caeterorum
1089 1814 1239 1841 haeredum
1252 1815 1354 1842 donum
1367 1816 1462 1842 eodem
1475 1817 1588 1853 alligare
1601 1817 1650 1843 fir-

131 1867 281 1895 mamento,
293 1861 369 1898 quod
382 1861 533 1897 legitimum
545 1861 629 1888 fuisse
641 1866 839 1895 contestamur,
853 1867 952 1897 utpote
965 1862 1039 1897 quod
1051 1867 1144 1888 nostro
1156 1867 1280 1898 tempore
1293 1868 1321 1889 et
1334 1863 1386 1889 sub
1398 1868 1491 1890 nostra
1505 1865 1649 1900 experien-

129 1911 168 1938 tia
181 1909 284 1936 sactum
305 1909 455 1935 certissime
472 1909 667 1945 cognovimus,
686 1914 713 1935 et
733 1908 817 1944 hujus
835 1909 899 1935 doni
913 1915 941 1935 et
957 1910 1029 1944 pacti
1047 1919 1097 1936 nos
1110 1914 1137 1936 et
1149 1919 1322 1936 successores
1339 1915 1448 1937 nostros
1462 1916 1608 1938 testatores
1621 1918 1649 1939 et

132 1963 240 1986 tutores
251 1967 284 1985 ac
297 1956 456 1983 defensores
473 1957 498 1982 in
514 1961 680 1992 perpetuum
693 1957 752 1983 sore
768 1956 870 1983 debere
882 1957 1028 1983 statuimus
1041 1962 1069 1983 et
1084 1957 1257 1983 confitemur.
1273 1957 1301 1983 S.
1320 1957 1445 1984 Balduini
1459 1959 1493 1984 de
1506 1959 1646 1990 Wentim,

130 2005 161 2033 S.
177 2005 294 2032 Walteri
308 2004 343 2031 de
356 2003 506 2040 Solteitqem
519 2009 546 2030 et
559 2003 653 2030 fratris
664 2003 725 2038 ejus
738 2003 852 2030 Gerardi
863 2024 870 2035 ,
886 2002 915 2029 S.
929 2003 1017 2039 Sigeri
1031 2003 1065 2029 de
1080 2003 1261 2040 Ericelenqem
1274 2009 1302 2030 et
1312 2005 1361 2030 filii
1375 2005 1434 2039 ejus
1445 2005 1552 2042 Soigeri
1561 2012 1588 2033 et
1603 2007 1651 2032 Al-

130 2053 202 2080 berti
212 2052 247 2079 de
258 2051 390 2088 Badeqem
398 2071 406 2084 ‚
415 2051 503 2088 Sigeri
512 2051 546 2077 de
556 2051 753 2087 Rodqershoven
762 2072 769 2084 ‚
780 2051 894 2077 Roberti
903 2072 910 2083 ‚
920 2051 1014 2077 clerici
1022 2051 1056 2077 de
1067 2051 1186 2078 Felseca.
1197 2052 1294 2078 Actum
1304 2062 1376 2078 anno
1385 2052 1491 2079 Domini
1501 2053 1633 2080 MCLXVI
1640 2074 1646 2080 .

832 2127 951 2159 Original7
962 2127 1028 2151 muni
1037 2127 1069 2151 du
1077 2135 1147 2151 sceau
1155 2128 1184 2151 de
1194 2128 1254 2152 Rase
1264 2128 1293 2152 de
1302 2129 1391 2156 Gavi-e,
1402 2137 1431 2152 en
1441 2129 1489 2153 cire
1501 2130 1576 2154 brune
1584 2149 1590 2155 .
1601 2138 1648 2155 aux

864 2169 969 2193 archis-es
979 2169 1007 2192 de
1019 2169 1041 2193 la
1052 2169 1153 2194 Flandre
1165 2169 1289 2194 orientale.

232 2554 320 2590 Tou.
350 2555 394 2590 11.
1207 2530 1210 2531 ⁷
1504 2555 1550 2590 97
