<?xml version="1.0" encoding="UTF-8"?>
<!DOCTYPE html PUBLIC "-//W3C//DTD XHTML 1.0 Transitional//EN"
    "http://www.w3.org/TR/xhtml1/DTD/xhtml1-transitional.dtd">
<html xmlns="http://www.w3.org/1999/xhtml" xml:lang="en" lang="en">
 <head>
  <title>
</title>
<meta http-equiv="Content-Type" content="text/html;charset=utf-8" />
  <meta name='ocr-system' content='tesseract 3.04.00' />
  <meta name='ocr-capabilities' content='ocr_page ocr_carea ocr_par ocr_line ocrx_word'/>
</head>
<body>
  <div class='ocr_page' id='page_1' title='image "./corpuschronicoru02smetuoft_0639.png"; bbox 0 0 2118 3184; ppageno 0'>
   <div class='ocr_carea' id='block_1_1' title="bbox 441 408 1613 444">
    <p class='ocr_par' dir='ltr' id='par_1_1' title="bbox 441 408 1613 444">
     <span class='ocr_line' id='line_1_1' title="bbox 441 408 1613 444; baseline 0.001 -3"><span class='ocrx_word' id='word_1_1' title='bbox 441 408 699 444; x_wconf 68' lang='lat' dir='ltr'>CHROMCON</span> <span class='ocrx_word' id='word_1_2' title='bbox 733 408 942 443; x_wconf 68' lang='lat' dir='ltr'>BALDUlNl</span> <span class='ocrx_word' id='word_1_3' title='bbox 972 408 1274 443; x_wconf 67' lang='lat' dir='ltr'>MNOVIENSIS.</span> <span class='ocrx_word' id='word_1_4' title='bbox 1546 409 1613 442; x_wconf 78' lang='lat'>607</span> 
     </span>
    </p>
   </div>
   <div class='ocr_carea' id='block_1_2' title="bbox 103 514 1629 2549">
    <p class='ocr_par' dir='ltr' id='par_1_2' title="bbox 103 514 1618 1145">
     <span class='ocr_line' id='line_1_2' title="bbox 155 514 1615 562; baseline 0.001 -15"><span class='ocrx_word' id='word_1_5' title='bbox 155 514 331 548; x_wconf 77' lang='lat' dir='ltr'>Florianus</span> <span class='ocrx_word' id='word_1_6' title='bbox 358 515 513 549; x_wconf 83' lang='lat' dir='ltr'>succedit</span> <span class='ocrx_word' id='word_1_7' title='bbox 544 516 686 553; x_wconf 76' lang='lat' dir='ltr'>Tacito,</span> <span class='ocrx_word' id='word_1_8' title='bbox 717 517 892 562; x_wconf 80' lang='lat' dir='ltr'>imperans</span> <span class='ocrx_word' id='word_1_9' title='bbox 919 515 1061 549; x_wconf 87' lang='lat' dir='ltr'>duobus</span> <span class='ocrx_word' id='word_1_10' title='bbox 1091 516 1271 550; x_wconf 86' lang='lat' dir='ltr'>mensibus</span> <span class='ocrx_word' id='word_1_11' title='bbox 1295 522 1329 549; x_wconf 92' lang='lat' dir='ltr'>et</span> <span class='ocrx_word' id='word_1_12' title='bbox 1352 515 1512 549; x_wconf 87' lang='lat' dir='ltr'>dimidio.</span> <span class='ocrx_word' id='word_1_13' title='bbox 1547 516 1615 556; x_wconf 85' lang='lat' dir='ltr'>Qui</span> 
     </span>
     <span class='ocr_line' id='line_1_3' title="bbox 103 573 1617 621; baseline 0.001 -15"><span class='ocrx_word' id='word_1_14' title='bbox 103 585 184 607; x_wconf 91' lang='lat' dir='ltr'>cum</span> <span class='ocrx_word' id='word_1_15' title='bbox 215 574 393 620; x_wconf 79' lang='lat' dir='ltr'>Equitium</span> <span class='ocrx_word' id='word_1_16' title='bbox 419 575 575 608; x_wconf 83' lang='lat' dir='ltr'>Probum</span> <span class='ocrx_word' id='word_1_17' title='bbox 597 586 616 607; x_wconf 89' lang='lat' dir='ltr'>a</span> <span class='ocrx_word' id='word_1_18' title='bbox 640 586 765 621; x_wconf 83' lang='lat' dir='ltr'>inagna</span> <span class='ocrx_word' id='word_1_19' title='bbox 790 581 887 620; x_wconf 82' lang='lat' dir='ltr'>parte</span> <span class='ocrx_word' id='word_1_20' title='bbox 909 575 1081 608; x_wconf 79' lang='lat' dir='ltr'>exercitus</span> <span class='ocrx_word' id='word_1_21' title='bbox 1105 573 1243 608; x_wconf 74' lang='lat' dir='ltr'>vidisset</span> <span class='ocrx_word' id='word_1_22' title='bbox 1269 574 1439 615; x_wconf 45' lang='lat' dir='ltr'>electum2</span> <span class='ocrx_word' id='word_1_23' title='bbox 1463 574 1578 608; x_wconf 90' lang='lat' dir='ltr'>incisis</span> <span class='ocrx_word' id='word_1_24' title='bbox 1599 586 1617 607; x_wconf 85' lang='lat' dir='ltr'>a</span> 
     </span>
     <span class='ocr_line' id='line_1_4' title="bbox 103 631 1617 679; baseline 0 -14"><span class='ocrx_word' id='word_1_25' title='bbox 103 633 291 678; x_wconf 77' lang='lat' dir='ltr'>semetipso</span> <span class='ocrx_word' id='word_1_26' title='bbox 314 633 429 675; x_wconf 65' lang='lat' dir='ltr'>venis,</span> <span class='ocrx_word' id='word_1_27' title='bbox 455 631 568 666; x_wconf 76' lang='lat' dir='ltr'>effuso</span> <span class='ocrx_word' id='word_1_28' title='bbox 589 633 778 679; x_wconf 78' lang='lat' dir='ltr'>sanguine,</span> <span class='ocrx_word' id='word_1_29' title='bbox 801 639 1032 677; x_wconf 85' lang='lat' dir='ltr'>consumptus</span> <span class='ocrx_word' id='word_1_30' title='bbox 1054 639 1117 665; x_wconf 83' lang='lat' dir='ltr'>est.</span> <span class='ocrx_word' id='word_1_31' title='bbox 1149 631 1303 672; x_wconf 81' lang='lat' dir='ltr'>Quidam</span> <span class='ocrx_word' id='word_1_32' title='bbox 1329 632 1430 666; x_wconf 88' lang='lat' dir='ltr'>Persa</span> <span class='ocrx_word' id='word_1_33' title='bbox 1444 659 1452 675; x_wconf 44' lang='lat'>2</span> <span class='ocrx_word' id='word_1_34' title='bbox 1474 634 1617 666; x_wconf 85' lang='lat' dir='ltr'>nomine</span> 
     </span>
     <span class='ocr_line' id='line_1_5' title="bbox 106 690 1618 737; baseline 0.001 -14"><span class='ocrx_word' id='word_1_35' title='bbox 106 690 243 724; x_wconf 78' lang='lat' dir='ltr'>Manes.</span> <span class='ocrx_word' id='word_1_36' title='bbox 265 704 284 724; x_wconf 89' lang='lat' dir='ltr'>a</span> <span class='ocrx_word' id='word_1_37' title='bbox 309 703 381 737; x_wconf 87' lang='lat' dir='ltr'>quo</span> <span class='ocrx_word' id='word_1_38' title='bbox 405 690 595 728; x_wconf 68' lang='lat' dir='ltr'>Manichci,</span> <span class='ocrx_word' id='word_1_39' title='bbox 617 690 706 724; x_wconf 84' lang='lat' dir='ltr'>(luas</span> <span class='ocrx_word' id='word_1_40' title='bbox 729 691 763 723; x_wconf 93' lang='lat' dir='ltr'>in</span> <span class='ocrx_word' id='word_1_41' title='bbox 786 690 925 724; x_wconf 67' lang='lat' dir='ltr'>Christo</span> <span class='ocrx_word' id='word_1_42' title='bbox 945 697 1086 724; x_wconf 76' lang='lat' dir='ltr'>naturas</span> <span class='ocrx_word' id='word_1_43' title='bbox 1105 697 1137 723; x_wconf 82' lang='lat' dir='ltr'>et</span> <span class='ocrx_word' id='word_1_44' title='bbox 1158 690 1246 724; x_wconf 86' lang='lat' dir='ltr'>duas</span> <span class='ocrx_word' id='word_1_45' title='bbox 1271 691 1482 724; x_wconf 86' lang='lat' dir='ltr'>substantias</span> <span class='ocrx_word' id='word_1_46' title='bbox 1505 691 1618 724; x_wconf 91' lang='lat' dir='ltr'>intro-</span> 
     </span>
     <span class='ocr_line' id='line_1_6' title="bbox 104 747 1618 796; baseline 0.001 -14"><span class='ocrx_word' id='word_1_47' title='bbox 104 747 222 782; x_wconf 81' lang='lat' dir='ltr'>duxit.</span> <span class='ocrx_word' id='word_1_48' title='bbox 244 749 280 783; x_wconf 92' lang='lat' dir='ltr'>id</span> <span class='ocrx_word' id='word_1_49' title='bbox 295 756 346 782; x_wconf 88' lang='lat' dir='ltr'>est</span> <span class='ocrx_word' id='word_1_50' title='bbox 367 750 495 783; x_wconf 89' lang='lat' dir='ltr'>bonam</span> <span class='ocrx_word' id='word_1_51' title='bbox 511 756 544 782; x_wconf 85' lang='lat' dir='ltr'>et</span> <span class='ocrx_word' id='word_1_52' title='bbox 562 749 687 782; x_wconf 83' lang='lat' dir='ltr'>malain</span> <span class='ocrx_word' id='word_1_53' title='bbox 699 776 707 784; x_wconf 76' lang='grc'>,</span> <span class='ocrx_word' id='word_1_54' title='bbox 724 755 757 782; x_wconf 86' lang='lat' dir='ltr'>et</span> <span class='ocrx_word' id='word_1_55' title='bbox 772 749 906 782; x_wconf 84' lang='lat' dir='ltr'>animas</span> <span class='ocrx_word' id='word_1_56' title='bbox 919 762 959 782; x_wconf 77' lang='lat' dir='ltr'>ex</span> <span class='ocrx_word' id='word_1_57' title='bbox 976 750 1046 782; x_wconf 87' lang='lat' dir='ltr'>Deo</span> <span class='ocrx_word' id='word_1_58' title='bbox 1061 750 1160 795; x_wconf 81' lang='lat' dir='ltr'>quasi</span> <span class='ocrx_word' id='word_1_59' title='bbox 1176 762 1215 782; x_wconf 77' lang='lat' dir='ltr'>ex</span> <span class='ocrx_word' id='word_1_60' title='bbox 1230 749 1348 796; x_wconf 87' lang='lat' dir='ltr'>aliquo</span> <span class='ocrx_word' id='word_1_61' title='bbox 1364 750 1461 783; x_wconf 81' lang='lat' dir='ltr'>fonte</span> <span class='ocrx_word' id='word_1_62' title='bbox 1477 762 1618 783; x_wconf 82' lang='lat' dir='ltr'>manare</span> 
     </span>
     <span class='ocr_line' id='line_1_7' title="bbox 104 806 1618 854; baseline 0.002 -15"><span class='ocrx_word' id='word_1_63' title='bbox 104 807 264 840; x_wconf 85' lang='lat' dir='ltr'>asseruit.</span> <span class='ocrx_word' id='word_1_64' title='bbox 294 807 497 841; x_wconf 70' lang='lat' dir='ltr'>Notandum</span> <span class='ocrx_word' id='word_1_65' title='bbox 527 806 624 853; x_wconf 82' lang='lat' dir='ltr'>quod</span> <span class='ocrx_word' id='word_1_66' title='bbox 652 808 685 840; x_wconf 92' lang='lat' dir='ltr'>in</span> <span class='ocrx_word' id='word_1_67' title='bbox 713 807 889 841; x_wconf 75' lang='lat' dir='ltr'>chronicis</span> <span class='ocrx_word' id='word_1_68' title='bbox 917 807 1125 852; x_wconf 66' lang='lat' dir='ltr'>Jheronymi</span> <span class='ocrx_word' id='word_1_69' title='bbox 1150 814 1228 852; x_wconf 85' lang='lat' dir='ltr'>post</span> <span class='ocrx_word' id='word_1_70' title='bbox 1256 808 1460 854; x_wconf 62' lang='lat' dir='ltr'>Dionysium</span> <span class='ocrx_word' id='word_1_71' title='bbox 1490 820 1618 854; x_wconf 82' lang='lat' dir='ltr'>papam</span> 
     </span>
     <span class='ocr_line' id='line_1_8' title="bbox 104 864 1618 911; baseline 0.002 -14"><span class='ocrx_word' id='word_1_72' title='bbox 104 864 221 898; x_wconf 74' lang='lat' dir='ltr'>Sixtus</span> <span class='ocrx_word' id='word_1_73' title='bbox 240 865 271 909; x_wconf 77' lang='lat' dir='ltr'>vj</span> <span class='ocrx_word' id='word_1_74' title='bbox 291 866 391 898; x_wconf 87' lang='lat' dir='ltr'>annis</span> <span class='ocrx_word' id='word_1_75' title='bbox 410 866 577 899; x_wconf 87' lang='lat' dir='ltr'>scribitur</span> <span class='ocrx_word' id='word_1_76' title='bbox 596 866 799 911; x_wconf 74' lang='lat' dir='ltr'>praefuisse.</span> <span class='ocrx_word' id='word_1_77' title='bbox 822 865 860 898; x_wconf 92' lang='lat' dir='ltr'>ln</span> <span class='ocrx_word' id='word_1_78' title='bbox 881 864 1095 911; x_wconf 85' lang='lat' dir='ltr'>quibusdam</span> <span class='ocrx_word' id='word_1_79' title='bbox 1111 878 1255 911; x_wconf 87' lang='lat' dir='ltr'>quoque</span> <span class='ocrx_word' id='word_1_80' title='bbox 1273 866 1448 900; x_wconf 78' lang='lat' dir='ltr'>chronicis</span> <span class='ocrx_word' id='word_1_81' title='bbox 1464 867 1618 901; x_wconf 84' lang='lat' dir='ltr'>Euticia—</span> 
     </span>
     <span class='ocr_line' id='line_1_9' title="bbox 104 923 1618 972; baseline 0.002 -17"><span class='ocrx_word' id='word_1_82' title='bbox 104 934 170 956; x_wconf 91' lang='lat' dir='ltr'>nus</span> <span class='ocrx_word' id='word_1_83' title='bbox 187 923 288 956; x_wconf 86' lang='lat' dir='ltr'>aunis</span> <span class='ocrx_word' id='word_1_84' title='bbox 303 923 347 969; x_wconf 79' lang='lat' dir='ltr'>vij</span> <span class='ocrx_word' id='word_1_85' title='bbox 362 950 369 965; x_wconf 32' lang='grc'>,-</span> <span class='ocrx_word' id='word_1_86' title='bbox 392 924 426 956; x_wconf 91' lang='lat' dir='ltr'>in</span> <span class='ocrx_word' id='word_1_87' title='bbox 440 924 514 957; x_wconf 86' lang='lat' dir='ltr'>aliis</span> <span class='ocrx_word' id='word_1_88' title='bbox 535 924 590 969; x_wconf 73' lang='lat' dir='ltr'>viij</span> <span class='ocrx_word' id='word_1_89' title='bbox 612 924 792 957; x_wconf 87' lang='lat' dir='ltr'>mensibus</span> <span class='ocrx_word' id='word_1_90' title='bbox 806 923 984 956; x_wconf 72' lang='lat' dir='ltr'>invenitur</span> <span class='ocrx_word' id='word_1_91' title='bbox 1000 923 1203 969; x_wconf 84' lang='lat' dir='ltr'>praefuisse.</span> <span class='ocrx_word' id='word_1_92' title='bbox 1223 924 1334 958; x_wconf 72' lang='lat' dir='ltr'>Nemo</span> <span class='ocrx_word' id='word_1_93' title='bbox 1348 924 1456 972; x_wconf 85' lang='lat' dir='ltr'>igitur</span> <span class='ocrx_word' id='word_1_94' title='bbox 1470 925 1618 959; x_wconf 87' lang='lat' dir='ltr'>miretur</span> 
     </span>
     <span class='ocr_line' id='line_1_10' title="bbox 105 980 1617 1029; baseline 0.002 -15"><span class='ocrx_word' id='word_1_95' title='bbox 105 987 264 1014; x_wconf 87' lang='lat' dir='ltr'>nostrum</span> <span class='ocrx_word' id='word_1_96' title='bbox 284 982 319 1014; x_wconf 88' lang='lat' dir='ltr'>in</span> <span class='ocrx_word' id='word_1_97' title='bbox 340 988 435 1015; x_wconf 84' lang='lat' dir='ltr'>tanta</span> <span class='ocrx_word' id='word_1_98' title='bbox 449 982 596 1029; x_wconf 83' lang='lat' dir='ltr'>caligine</span> <span class='ocrx_word' id='word_1_99' title='bbox 615 980 972 1026; x_wconf 82' lang='lat' dir='ltr'>Huctuarejudicium</span> <span class='ocrx_word' id='word_1_100' title='bbox 985 1008 994 1024; x_wconf 57' lang='lat'>7</span> <span class='ocrx_word' id='word_1_101' title='bbox 1015 980 1076 1015; x_wconf 86' lang='lat' dir='ltr'>sed</span> <span class='ocrx_word' id='word_1_102' title='bbox 1095 980 1139 1015; x_wconf 83' lang='lat' dir='ltr'>de</span> <span class='ocrx_word' id='word_1_103' title='bbox 1158 981 1304 1015; x_wconf 73' lang='lat' dir='ltr'>diversis</span> <span class='ocrx_word' id='word_1_104' title='bbox 1317 981 1453 1016; x_wconf 85' lang='lat' dir='ltr'>diversa</span> <span class='ocrx_word' id='word_1_105' title='bbox 1473 983 1617 1017; x_wconf 85' lang='lat' dir='ltr'>collecta</span> 
     </span>
     <span class='ocr_line' id='line_1_11' title="bbox 104 1039 1617 1088; baseline 0.001 -15"><span class='ocrx_word' id='word_1_106' title='bbox 104 1039 212 1073; x_wconf 90' lang='lat' dir='ltr'>solers</span> <span class='ocrx_word' id='word_1_107' title='bbox 228 1040 336 1074; x_wconf 87' lang='lat' dir='ltr'>lector</span> <span class='ocrx_word' id='word_1_108' title='bbox 354 1047 541 1088; x_wconf 55' lang='lat' dir='ltr'>agnoscat7</span> <span class='ocrx_word' id='word_1_109' title='bbox 565 1047 599 1074; x_wconf 85' lang='lat' dir='ltr'>ct</span> <span class='ocrx_word' id='word_1_110' title='bbox 619 1046 738 1074; x_wconf 85' lang='lat' dir='ltr'>nostro</span> <span class='ocrx_word' id='word_1_111' title='bbox 757 1039 875 1073; x_wconf 86' lang='lat' dir='ltr'>studio</span> <span class='ocrx_word' id='word_1_112' title='bbox 894 1052 998 1073; x_wconf 89' lang='lat' dir='ltr'>suum</span> <span class='ocrx_word' id='word_1_113' title='bbox 1017 1040 1172 1073; x_wconf 86' lang='lat' dir='ltr'>laborem</span> <span class='ocrx_word' id='word_1_114' title='bbox 1195 1039 1387 1088; x_wconf 73' lang='lat' dir='ltr'>adjungat,</span> <span class='ocrx_word' id='word_1_115' title='bbox 1410 1048 1449 1074; x_wconf 93' lang='lat' dir='ltr'>ut</span> <span class='ocrx_word' id='word_1_116' title='bbox 1467 1041 1554 1087; x_wconf 81' lang='lat' dir='ltr'>quid</span> <span class='ocrx_word' id='word_1_117' title='bbox 1574 1042 1617 1075; x_wconf 87' lang='lat' dir='ltr'>sit</span> 
     </span>
     <span class='ocr_line' id='line_1_12' title="bbox 106 1098 936 1145; baseline 0 -14"><span class='ocrx_word' id='word_1_118' title='bbox 106 1099 221 1132; x_wconf 72' lang='lat' dir='ltr'>verius</span> <span class='ocrx_word' id='word_1_119' title='bbox 239 1106 385 1145; x_wconf 87' lang='lat' dir='ltr'>quaerat</span> <span class='ocrx_word' id='word_1_120' title='bbox 403 1106 437 1133; x_wconf 94' lang='lat' dir='ltr'>et</span> <span class='ocrx_word' id='word_1_121' title='bbox 456 1099 630 1145; x_wconf 88' lang='lat' dir='ltr'>praeferat</span> <span class='ocrx_word' id='word_1_122' title='bbox 648 1111 728 1132; x_wconf 88' lang='lat' dir='ltr'>cuin</span> <span class='ocrx_word' id='word_1_123' title='bbox 750 1098 936 1131; x_wconf 78' lang='lat' dir='ltr'>invenerit.</span> 
     </span>
    </p>

    <p class='ocr_par' dir='ltr' id='par_1_3' title="bbox 104 1156 1620 1552">
     <span class='ocr_line' id='line_1_13' title="bbox 154 1156 1593 1204; baseline 0.001 -14"><span class='ocrx_word' id='word_1_124' title='bbox 154 1156 318 1191; x_wconf 81' lang='lat' dir='ltr'>Succedit</span> <span class='ocrx_word' id='word_1_125' title='bbox 334 1157 492 1191; x_wconf 90' lang='lat' dir='ltr'>Floriano</span> <span class='ocrx_word' id='word_1_126' title='bbox 507 1164 578 1190; x_wconf 88' lang='lat' dir='ltr'>tam</span> <span class='ocrx_word' id='word_1_127' title='bbox 593 1169 629 1190; x_wconf 89' lang='lat' dir='ltr'>re</span> <span class='ocrx_word' id='word_1_128' title='bbox 643 1169 751 1203; x_wconf 85' lang='lat' dir='ltr'>quam</span> <span class='ocrx_word' id='word_1_129' title='bbox 767 1157 910 1190; x_wconf 89' lang='lat' dir='ltr'>nomine</span> <span class='ocrx_word' id='word_1_130' title='bbox 926 1156 1081 1198; x_wconf 54' lang='lat' dir='ltr'>Probus7</span> <span class='ocrx_word' id='word_1_131' title='bbox 1099 1162 1266 1190; x_wconf 88' lang='lat' dir='ltr'>strenuus</span> <span class='ocrx_word' id='word_1_132' title='bbox 1281 1164 1313 1190; x_wconf 84' lang='lat' dir='ltr'>et</span> <span class='ocrx_word' id='word_1_133' title='bbox 1329 1157 1446 1202; x_wconf 89' lang='lat' dir='ltr'>justus</span> <span class='ocrx_word' id='word_1_134' title='bbox 1457 1185 1465 1201; x_wconf 62' lang='lat' dir='ltr'>a</span> <span class='ocrx_word' id='word_1_135' title='bbox 1487 1160 1593 1204; x_wconf 86' lang='lat' dir='ltr'>etqui</span> 
     </span>
     <span class='ocr_line' id='line_1_14' title="bbox 108 1215 1618 1263; baseline 0.001 -14"><span class='ocrx_word' id='word_1_136' title='bbox 108 1215 333 1249; x_wconf 70' lang='lat' dir='ltr'>Aurelianum</span> <span class='ocrx_word' id='word_1_137' title='bbox 352 1222 519 1262; x_wconf 82' lang='lat' dir='ltr'>aequaret</span> <span class='ocrx_word' id='word_1_138' title='bbox 537 1216 647 1263; x_wconf 86' lang='lat' dir='ltr'>gloria</span> <span class='ocrx_word' id='word_1_139' title='bbox 667 1215 826 1255; x_wconf 27' lang='lat' dir='ltr'>militarit</span> <span class='ocrx_word' id='word_1_140' title='bbox 852 1227 991 1247; x_wconf 88' lang='lat' dir='ltr'>morum</span> <span class='ocrx_word' id='word_1_141' title='bbox 1012 1221 1129 1247; x_wconf 88' lang='lat' dir='ltr'>autem</span> <span class='ocrx_word' id='word_1_142' title='bbox 1153 1215 1317 1248; x_wconf 79' lang='lat' dir='ltr'>civilitate</span> <span class='ocrx_word' id='word_1_143' title='bbox 1336 1223 1528 1261; x_wconf 85' lang='lat' dir='ltr'>superaret.</span> <span class='ocrx_word' id='word_1_144' title='bbox 1548 1217 1618 1257; x_wconf 88' lang='lat' dir='ltr'>Qui</span> 
     </span>
     <span class='ocr_line' id='line_1_15' title="bbox 105 1272 1618 1319; baseline 0.001 -12"><span class='ocrx_word' id='word_1_145' title='bbox 105 1286 187 1307; x_wconf 90' lang='lat' dir='ltr'>cum</span> <span class='ocrx_word' id='word_1_146' title='bbox 212 1273 338 1307; x_wconf 87' lang='lat' dir='ltr'>Gallias</span> <span class='ocrx_word' id='word_1_147' title='bbox 361 1287 380 1307; x_wconf 87' lang='lat' dir='ltr'>a</span> <span class='ocrx_word' id='word_1_148' title='bbox 405 1274 564 1307; x_wconf 87' lang='lat' dir='ltr'>barbaris</span> <span class='ocrx_word' id='word_1_149' title='bbox 590 1280 778 1319; x_wconf 86' lang='lat' dir='ltr'>occupatas</span> <span class='ocrx_word' id='word_1_150' title='bbox 803 1272 926 1306; x_wconf 89' lang='lat' dir='ltr'>deletis</span> <span class='ocrx_word' id='word_1_151' title='bbox 958 1272 1119 1306; x_wconf 82' lang='lat' dir='ltr'>hostibus</span> <span class='ocrx_word' id='word_1_152' title='bbox 1144 1273 1341 1316; x_wconf 74' lang='lat' dir='ltr'>liberasset,</span> <span class='ocrx_word' id='word_1_153' title='bbox 1368 1274 1558 1309; x_wconf 84' lang='lat' dir='ltr'>Proculum</span> <span class='ocrx_word' id='word_1_154' title='bbox 1583 1283 1618 1309; x_wconf 87' lang='lat' dir='ltr'>et</span> 
     </span>
     <span class='ocr_line' id='line_1_16' title="bbox 107 1330 1618 1379; baseline 0.001 -14"><span class='ocrx_word' id='word_1_155' title='bbox 107 1332 283 1366; x_wconf 90' lang='lat' dir='ltr'>Bonosum</span> <span class='ocrx_word' id='word_1_156' title='bbox 305 1331 401 1377; x_wconf 87' lang='lat' dir='ltr'>apud</span> <span class='ocrx_word' id='word_1_157' title='bbox 420 1332 650 1379; x_wconf 70' lang='lat' dir='ltr'>Agrippinam</span> <span class='ocrx_word' id='word_1_158' title='bbox 674 1331 789 1364; x_wconf 83' lang='lat' dir='ltr'>Rheni</span> <span class='ocrx_word' id='word_1_159' title='bbox 807 1330 903 1364; x_wconf 85' lang='lat' dir='ltr'>vadis</span> <span class='ocrx_word' id='word_1_160' title='bbox 929 1330 1142 1376; x_wconf 83' lang='lat' dir='ltr'>interceptos</span> <span class='ocrx_word' id='word_1_161' title='bbox 1168 1330 1372 1374; x_wconf 58' lang='lat' dir='ltr'>devicisset,</span> <span class='ocrx_word' id='word_1_162' title='bbox 1402 1345 1421 1365; x_wconf 88' lang='lat' dir='ltr'>a</span> <span class='ocrx_word' id='word_1_163' title='bbox 1449 1333 1618 1367; x_wconf 84' lang='lat' dir='ltr'>militibus</span> 
     </span>
     <span class='ocr_line' id='line_1_17' title="bbox 104 1389 1618 1436; baseline 0.002 -13"><span class='ocrx_word' id='word_1_164' title='bbox 104 1389 201 1436; x_wconf 90' lang='lat' dir='ltr'>apud</span> <span class='ocrx_word' id='word_1_165' title='bbox 217 1389 386 1424; x_wconf 87' lang='lat' dir='ltr'>Sirmium</span> <span class='ocrx_word' id='word_1_166' title='bbox 406 1391 442 1424; x_wconf 90' lang='lat' dir='ltr'>in</span> <span class='ocrx_word' id='word_1_167' title='bbox 461 1397 554 1424; x_wconf 84' lang='lat' dir='ltr'>terra</span> <span class='ocrx_word' id='word_1_168' title='bbox 572 1402 663 1436; x_wconf 89' lang='lat' dir='ltr'>quae</span> <span class='ocrx_word' id='word_1_169' title='bbox 682 1395 828 1423; x_wconf 68' lang='lat' dir='ltr'>vocatur</span> <span class='ocrx_word' id='word_1_170' title='bbox 847 1389 959 1422; x_wconf 87' lang='lat' dir='ltr'>ferrea</span> <span class='ocrx_word' id='word_1_171' title='bbox 981 1389 1117 1422; x_wconf 90' lang='lat' dir='ltr'>occisus</span> <span class='ocrx_word' id='word_1_172' title='bbox 1136 1396 1200 1422; x_wconf 91' lang='lat' dir='ltr'>est.</span> <span class='ocrx_word' id='word_1_173' title='bbox 1223 1390 1354 1423; x_wconf 88' lang='lat' dir='ltr'>Paulus</span> <span class='ocrx_word' id='word_1_174' title='bbox 1371 1390 1618 1426; x_wconf 77' lang='lat' dir='ltr'>samosatenus</span> 
     </span>
     <span class='ocr_line' id='line_1_18' title="bbox 104 1446 1620 1495; baseline 0.001 -13"><span class='ocrx_word' id='word_1_175' title='bbox 104 1449 289 1495; x_wconf 88' lang='lat' dir='ltr'>episcopus</span> <span class='ocrx_word' id='word_1_176' title='bbox 307 1449 352 1482; x_wconf 92' lang='lat' dir='ltr'>ab</span> <span class='ocrx_word' id='word_1_177' title='bbox 371 1449 544 1494; x_wconf 89' lang='lat' dir='ltr'>episcopis</span> <span class='ocrx_word' id='word_1_178' title='bbox 562 1447 756 1494; x_wconf 84' lang='lat' dir='ltr'>deponitur</span> <span class='ocrx_word' id='word_1_179' title='bbox 768 1474 776 1490; x_wconf 68' lang='grc'><em>,</em></span> <span class='ocrx_word' id='word_1_180' title='bbox 798 1448 881 1493; x_wconf 88' lang='lat' dir='ltr'>quia</span> <span class='ocrx_word' id='word_1_181' title='bbox 902 1447 1047 1480; x_wconf 80' lang='lat' dir='ltr'>asseruit</span> <span class='ocrx_word' id='word_1_182' title='bbox 1069 1446 1249 1481; x_wconf 85' lang='lat' dir='ltr'>Christum</span> <span class='ocrx_word' id='word_1_183' title='bbox 1268 1460 1340 1482; x_wconf 88' lang='lat' dir='ltr'>non</span> <span class='ocrx_word' id='word_1_184' title='bbox 1360 1447 1404 1481; x_wconf 88' lang='lat' dir='ltr'>de</span> <span class='ocrx_word' id='word_1_185' title='bbox 1423 1450 1520 1483; x_wconf 90' lang='lat' dir='ltr'>coelo</span> <span class='ocrx_word' id='word_1_186' title='bbox 1539 1450 1620 1484; x_wconf 87' lang='lat' dir='ltr'>des-</span> 
     </span>
     <span class='ocr_line' id='line_1_19' title="bbox 105 1501 1381 1552; baseline -0.004 -11"><span class='ocrx_word' id='word_1_187' title='bbox 105 1506 263 1541; x_wconf 89' lang='lat' dir='ltr'>cendisse</span> <span class='ocrx_word' id='word_1_188' title='bbox 275 1534 283 1550; x_wconf 81' lang='grc'><em>,</em></span> <span class='ocrx_word' id='word_1_189' title='bbox 303 1506 364 1541; x_wconf 85' lang='lat' dir='ltr'>sed</span> <span class='ocrx_word' id='word_1_190' title='bbox 382 1520 402 1541; x_wconf 88' lang='lat' dir='ltr'>a</span> <span class='ocrx_word' id='word_1_191' title='bbox 416 1507 525 1540; x_wconf 83' lang='lat' dir='ltr'>Maria</span> <span class='ocrx_word' id='word_1_192' title='bbox 543 1506 732 1552; x_wconf 85' lang='lat' dir='ltr'>sumpsisse</span> <span class='ocrx_word' id='word_1_193' title='bbox 748 1506 902 1539; x_wconf 86' lang='lat' dir='ltr'>initium.</span> <span class='ocrx_word' id='word_1_194' title='bbox 1378 1501 1381 1506; x_wconf 84' lang='grc'><em>’</em></span> 
     </span>
    </p>

    <p class='ocr_par' dir='ltr' id='par_1_4' title="bbox 106 1563 1622 2068">
     <span class='ocr_line' id='line_1_20' title="bbox 155 1563 1619 1610; baseline 0.002 -11"><span class='ocrx_word' id='word_1_195' title='bbox 155 1567 257 1599; x_wconf 86' lang='lat' dir='ltr'>Anno</span> <span class='ocrx_word' id='word_1_196' title='bbox 271 1566 316 1600; x_wconf 88' lang='lat' dir='ltr'>ab</span> <span class='ocrx_word' id='word_1_197' title='bbox 335 1566 423 1599; x_wconf 90' lang='lat' dir='ltr'>urbe</span> <span class='ocrx_word' id='word_1_198' title='bbox 442 1564 584 1599; x_wconf 88' lang='lat' dir='ltr'>condita</span> <span class='ocrx_word' id='word_1_199' title='bbox 603 1565 717 1608; x_wconf 56' lang='lat' dir='ltr'>MXL„</span> <span class='ocrx_word' id='word_1_200' title='bbox 740 1565 890 1610; x_wconf 88' lang='lat' dir='ltr'>imperat</span> <span class='ocrx_word' id='word_1_201' title='bbox 909 1563 1017 1598; x_wconf 82' lang='lat' dir='ltr'>Carus</span> <span class='ocrx_word' id='word_1_202' title='bbox 1038 1564 1274 1599; x_wconf 78' lang='lat' dir='ltr'>Narbonensis</span> <span class='ocrx_word' id='word_1_203' title='bbox 1293 1578 1375 1599; x_wconf 89' lang='lat' dir='ltr'>cum</span> <span class='ocrx_word' id='word_1_204' title='bbox 1394 1567 1473 1600; x_wconf 85' lang='lat' dir='ltr'>filiis</span> <span class='ocrx_word' id='word_1_205' title='bbox 1492 1568 1619 1602; x_wconf 85' lang='lat' dir='ltr'>Carino</span> 
     </span>
     <span class='ocr_line' id='line_1_21' title="bbox 106 1621 1619 1664; baseline 0.002 -7"><span class='ocrx_word' id='word_1_206' title='bbox 106 1630 141 1657; x_wconf 86' lang='lat' dir='ltr'>et</span> <span class='ocrx_word' id='word_1_207' title='bbox 159 1624 388 1658; x_wconf 83' lang='lat' dir='ltr'>Numeriano.</span> <span class='ocrx_word' id='word_1_208' title='bbox 410 1624 473 1657; x_wconf 92' lang='lat' dir='ltr'>Hic</span> <span class='ocrx_word' id='word_1_209' title='bbox 490 1624 526 1657; x_wconf 88' lang='lat' dir='ltr'>in</span> <span class='ocrx_word' id='word_1_210' title='bbox 548 1623 640 1657; x_wconf 88' lang='lat' dir='ltr'>bello</span> <span class='ocrx_word' id='word_1_211' title='bbox 655 1629 779 1656; x_wconf 84' lang='lat' dir='ltr'>contra</span> <span class='ocrx_word' id='word_1_212' title='bbox 803 1622 971 1664; x_wconf 74' lang='lat' dir='ltr'>Parthos7</span> <span class='ocrx_word' id='word_1_213' title='bbox 997 1634 1079 1656; x_wconf 87' lang='lat' dir='ltr'>cum</span> <span class='ocrx_word' id='word_1_214' title='bbox 1098 1621 1186 1656; x_wconf 88' lang='lat' dir='ltr'>duas</span> <span class='ocrx_word' id='word_1_215' title='bbox 1203 1623 1309 1657; x_wconf 88' lang='lat' dir='ltr'>urbes</span> <span class='ocrx_word' id='word_1_216' title='bbox 1327 1636 1452 1658; x_wconf 88' lang='lat' dir='ltr'>eorum</span> <span class='ocrx_word' id='word_1_217' title='bbox 1471 1626 1619 1660; x_wconf 90' lang='lat' dir='ltr'>nobilis-</span> 
     </span>
     <span class='ocr_line' id='line_1_22' title="bbox 106 1680 1619 1730; baseline 0.001 -13"><span class='ocrx_word' id='word_1_218' title='bbox 106 1684 211 1718; x_wconf 87' lang='lat' dir='ltr'>simas</span> <span class='ocrx_word' id='word_1_219' title='bbox 232 1683 399 1729; x_wconf 72' lang='lat' dir='ltr'>cepisset7</span> <span class='ocrx_word' id='word_1_220' title='bbox 424 1683 460 1716; x_wconf 92' lang='lat' dir='ltr'>in</span> <span class='ocrx_word' id='word_1_221' title='bbox 484 1682 605 1716; x_wconf 82' lang='lat' dir='ltr'>castris</span> <span class='ocrx_word' id='word_1_222' title='bbox 627 1694 733 1727; x_wconf 87' lang='lat' dir='ltr'>supra</span> <span class='ocrx_word' id='word_1_223' title='bbox 759 1681 893 1729; x_wconf 90' lang='lat' dir='ltr'>Tigrim</span> <span class='ocrx_word' id='word_1_224' title='bbox 917 1680 1065 1714; x_wconf 85' lang='lat' dir='ltr'>flumine</span> <span class='ocrx_word' id='word_1_225' title='bbox 1084 1681 1228 1715; x_wconf 86' lang='lat' dir='ltr'>interiit.</span> <span class='ocrx_word' id='word_1_226' title='bbox 1250 1682 1380 1716; x_wconf 88' lang='lat' dir='ltr'>Romae</span> <span class='ocrx_word' id='word_1_227' title='bbox 1402 1683 1619 1730; x_wconf 73' lang='lat' dir='ltr'>Chrysantus</span> 
     </span>
     <span class='ocr_line' id='line_1_23' title="bbox 107 1739 1621 1789; baseline 0.002 -14"><span class='ocrx_word' id='word_1_228' title='bbox 107 1748 142 1775; x_wconf 84' lang='lat' dir='ltr'>et</span> <span class='ocrx_word' id='word_1_229' title='bbox 156 1742 256 1775; x_wconf 88' lang='lat' dir='ltr'>Daria</span> <span class='ocrx_word' id='word_1_230' title='bbox 273 1741 371 1789; x_wconf 82' lang='lat' dir='ltr'>virgo</span> <span class='ocrx_word' id='word_1_231' title='bbox 384 1768 392 1784; x_wconf 68' lang='lat' dir='ltr'>e</span> <span class='ocrx_word' id='word_1_232' title='bbox 412 1753 494 1775; x_wconf 90' lang='lat' dir='ltr'>cum</span> <span class='ocrx_word' id='word_1_233' title='bbox 509 1740 606 1774; x_wconf 91' lang='lat' dir='ltr'>nullo</span> <span class='ocrx_word' id='word_1_234' title='bbox 626 1752 755 1788; x_wconf 78' lang='lat' dir='ltr'>genere</span> <span class='ocrx_word' id='word_1_235' title='bbox 768 1746 1028 1774; x_wconf 84' lang='lat' dir='ltr'>tormentorum</span> <span class='ocrx_word' id='word_1_236' title='bbox 1045 1739 1134 1773; x_wconf 89' lang='lat' dir='ltr'>laedi</span> <span class='ocrx_word' id='word_1_237' title='bbox 1153 1747 1297 1786; x_wconf 87' lang='lat' dir='ltr'>possent</span> <span class='ocrx_word' id='word_1_238' title='bbox 1308 1768 1316 1785; x_wconf 71' lang='lat'><strong>⁷</strong></span> <span class='ocrx_word' id='word_1_239' title='bbox 1329 1742 1477 1787; x_wconf 86' lang='lat' dir='ltr'>jubente</span> <span class='ocrx_word' id='word_1_240' title='bbox 1492 1743 1621 1778; x_wconf 80' lang='lat' dir='ltr'>Nume-</span> 
     </span>
     <span class='ocr_line' id='line_1_24' title="bbox 108 1798 1621 1846; baseline 0.002 -13"><span class='ocrx_word' id='word_1_241' title='bbox 108 1800 206 1834; x_wconf 87' lang='lat' dir='ltr'>riano</span> <span class='ocrx_word' id='word_1_242' title='bbox 219 1826 228 1842; x_wconf 62' lang='lat'>7</span> <span class='ocrx_word' id='word_1_243' title='bbox 251 1806 342 1834; x_wconf 89' lang='lat' dir='ltr'>terra</span> <span class='ocrx_word' id='word_1_244' title='bbox 360 1799 505 1834; x_wconf 82' lang='lat' dir='ltr'>tandem</span> <span class='ocrx_word' id='word_1_245' title='bbox 524 1811 589 1846; x_wconf 94' lang='lat' dir='ltr'>pro</span> <span class='ocrx_word' id='word_1_246' title='bbox 608 1799 747 1833; x_wconf 87' lang='lat' dir='ltr'>Christo</span> <span class='ocrx_word' id='word_1_247' title='bbox 770 1805 805 1832; x_wconf 86' lang='lat' dir='ltr'>et</span> <span class='ocrx_word' id='word_1_248' title='bbox 828 1798 1004 1844; x_wconf 85' lang='lat' dir='ltr'>lapidibus</span> <span class='ocrx_word' id='word_1_249' title='bbox 1023 1799 1143 1832; x_wconf 87' lang='lat' dir='ltr'>obruti</span> <span class='ocrx_word' id='word_1_250' title='bbox 1161 1806 1254 1833; x_wconf 82' lang='lat' dir='ltr'>sunt.</span> <span class='ocrx_word' id='word_1_251' title='bbox 1282 1800 1517 1835; x_wconf 78' lang='lat' dir='ltr'>Numerianus</span> <span class='ocrx_word' id='word_1_252' title='bbox 1539 1814 1621 1836; x_wconf 91' lang='lat' dir='ltr'>cum</span> 
     </span>
     <span class='ocr_line' id='line_1_25' title="bbox 107 1856 1617 1902; baseline 0.002 -11"><span class='ocrx_word' id='word_1_253' title='bbox 107 1858 154 1892; x_wconf 88' lang='lat' dir='ltr'>ob</span> <span class='ocrx_word' id='word_1_254' title='bbox 172 1858 358 1892; x_wconf 89' lang='lat' dir='ltr'>oculorum</span> <span class='ocrx_word' id='word_1_255' title='bbox 377 1857 537 1892; x_wconf 86' lang='lat' dir='ltr'>dolorem</span> <span class='ocrx_word' id='word_1_256' title='bbox 557 1858 677 1891; x_wconf 87' lang='lat' dir='ltr'>lectica</span> <span class='ocrx_word' id='word_1_257' title='bbox 698 1857 905 1899; x_wconf 56' lang='lat' dir='ltr'>veheretur7</span> <span class='ocrx_word' id='word_1_258' title='bbox 927 1856 1060 1890; x_wconf 86' lang='lat' dir='ltr'>insidiis</span> <span class='ocrx_word' id='word_1_259' title='bbox 1083 1857 1167 1902; x_wconf 81' lang='lat' dir='ltr'>Apri</span> <span class='ocrx_word' id='word_1_260' title='bbox 1190 1859 1300 1891; x_wconf 89' lang='lat' dir='ltr'>soceri</span> <span class='ocrx_word' id='word_1_261' title='bbox 1321 1859 1375 1892; x_wconf 85' lang='lat' dir='ltr'>sui</span> <span class='ocrx_word' id='word_1_262' title='bbox 1397 1860 1532 1894; x_wconf 86' lang='lat' dir='ltr'>occisus</span> <span class='ocrx_word' id='word_1_263' title='bbox 1553 1868 1617 1894; x_wconf 89' lang='lat' dir='ltr'>est.</span> 
     </span>
     <span class='ocr_line' id='line_1_26' title="bbox 108 1915 1622 1962; baseline 0.002 -12"><span class='ocrx_word' id='word_1_264' title='bbox 108 1918 250 1951; x_wconf 79' lang='lat' dir='ltr'>Foetore</span> <span class='ocrx_word' id='word_1_265' title='bbox 264 1929 347 1950; x_wconf 86' lang='lat' dir='ltr'>vero</span> <span class='ocrx_word' id='word_1_266' title='bbox 361 1916 539 1950; x_wconf 70' lang='lat' dir='ltr'>cadaveris</span> <span class='ocrx_word' id='word_1_267' title='bbox 554 1923 633 1962; x_wconf 87' lang='lat' dir='ltr'>post</span> <span class='ocrx_word' id='word_1_268' title='bbox 646 1916 782 1962; x_wconf 85' lang='lat' dir='ltr'>aliquot</span> <span class='ocrx_word' id='word_1_269' title='bbox 796 1915 870 1949; x_wconf 89' lang='lat' dir='ltr'>dies</span> <span class='ocrx_word' id='word_1_270' title='bbox 885 1916 997 1949; x_wconf 86' lang='lat' dir='ltr'>scelus</span> <span class='ocrx_word' id='word_1_271' title='bbox 1011 1922 1234 1961; x_wconf 88' lang='lat' dir='ltr'>compertum</span> <span class='ocrx_word' id='word_1_272' title='bbox 1249 1918 1506 1952; x_wconf 84' lang='lat' dir='ltr'>manifestatur.</span> <span class='ocrx_word' id='word_1_273' title='bbox 1524 1919 1622 1953; x_wconf 89' lang='lat' dir='ltr'>Cari—</span> 
     </span>
     <span class='ocr_line' id='line_1_27' title="bbox 109 1975 1621 2022; baseline 0.001 -12"><span class='ocrx_word' id='word_1_274' title='bbox 109 1988 174 2010; x_wconf 93' lang='lat' dir='ltr'>nus</span> <span class='ocrx_word' id='word_1_275' title='bbox 189 1987 287 2019; x_wconf 63' lang='lat' dir='ltr'>vero7</span> <span class='ocrx_word' id='word_1_276' title='bbox 309 1982 498 2022; x_wconf 89' lang='lat' dir='ltr'>postquam</span> <span class='ocrx_word' id='word_1_277' title='bbox 516 1975 770 2009; x_wconf 87' lang='lat' dir='ltr'>Diocletianum</span> <span class='ocrx_word' id='word_1_278' title='bbox 790 1975 1039 2020; x_wconf 80' lang='lat' dir='ltr'>imperatorem</span> <span class='ocrx_word' id='word_1_279' title='bbox 1056 1975 1242 2017; x_wconf 40' lang='lat' dir='ltr'>creaverit5</span> <span class='ocrx_word' id='word_1_280' title='bbox 1260 1976 1295 2009; x_wconf 90' lang='lat' dir='ltr'>in</span> <span class='ocrx_word' id='word_1_281' title='bbox 1311 1976 1441 2022; x_wconf 90' lang='lat' dir='ltr'>praelio</span> <span class='ocrx_word' id='word_1_282' title='bbox 1456 1977 1621 2011; x_wconf 89' lang='lat' dir='ltr'>insidiose</span> 
     </span>
     <span class='ocr_line' id='line_1_28' title="bbox 110 2033 501 2068; baseline -0.003 0"><span class='ocrx_word' id='word_1_283' title='bbox 110 2033 305 2068; x_wconf 86' lang='lat' dir='ltr'>trucidatus</span> <span class='ocrx_word' id='word_1_284' title='bbox 322 2034 501 2067; x_wconf 85' lang='lat' dir='ltr'>occubuit.</span> 
     </span>
    </p>

    <p class='ocr_par' dir='ltr' id='par_1_5' title="bbox 109 2090 1629 2549">
     <span class='ocr_line' id='line_1_29' title="bbox 158 2090 1621 2140; baseline 0.002 -15"><span class='ocrx_word' id='word_1_285' title='bbox 158 2092 197 2125; x_wconf 91' lang='lat' dir='ltr'>ln</span> <span class='ocrx_word' id='word_1_286' title='bbox 216 2091 304 2126; x_wconf 90' lang='lat' dir='ltr'>duas</span> <span class='ocrx_word' id='word_1_287' title='bbox 319 2092 583 2137; x_wconf 86' lang='lat' dir='ltr'>procurationes</span> <span class='ocrx_word' id='word_1_288' title='bbox 602 2104 751 2140; x_wconf 88' lang='lat' dir='ltr'>regnum</span> <span class='ocrx_word' id='word_1_289' title='bbox 768 2103 954 2125; x_wconf 86' lang='lat' dir='ltr'>romanum</span> <span class='ocrx_word' id='word_1_290' title='bbox 971 2091 1028 2124; x_wconf 89' lang='lat' dir='ltr'>hic</span> <span class='ocrx_word' id='word_1_291' title='bbox 1047 2090 1230 2124; x_wconf 86' lang='lat' dir='ltr'>dividitur.</span> <span class='ocrx_word' id='word_1_292' title='bbox 1254 2092 1487 2126; x_wconf 85' lang='lat' dir='ltr'>Diocletianus</span> <span class='ocrx_word' id='word_1_293' title='bbox 1507 2095 1621 2140; x_wconf 87' lang='lat' dir='ltr'>impe.-</span> 
     </span>
     <span class='ocr_line' id='line_1_30' title="bbox 111 2141 1622 2196; baseline 0.001 -12"><span class='ocrx_word' id='word_1_294' title='bbox 111 2151 198 2184; x_wconf 84' lang='lat' dir='ltr'>ravit</span> <span class='ocrx_word' id='word_1_295' title='bbox 215 2163 257 2184; x_wconf 84' lang='lat' dir='ltr'>xx</span> <span class='ocrx_word' id='word_1_296' title='bbox 270 2151 382 2184; x_wconf 87' lang='lat' dir='ltr'>annis.</span> <span class='ocrx_word' id='word_1_297' title='bbox 400 2149 470 2191; x_wconf 87' lang='lat' dir='ltr'>Qui</span> <span class='ocrx_word' id='word_1_298' title='bbox 484 2150 601 2183; x_wconf 89' lang='lat' dir='ltr'>statim</span> <span class='ocrx_word' id='word_1_299' title='bbox 618 2141 801 2196; x_wconf 78' lang='lat' dir='ltr'>Aprumin</span> <span class='ocrx_word' id='word_1_300' title='bbox 816 2150 988 2183; x_wconf 88' lang='lat' dir='ltr'>ultionem</span> <span class='ocrx_word' id='word_1_301' title='bbox 1009 2149 1214 2183; x_wconf 77' lang='lat' dir='ltr'>Numeriani</span> <span class='ocrx_word' id='word_1_302' title='bbox 1229 2150 1264 2183; x_wconf 91' lang='lat' dir='ltr'>in</span> <span class='ocrx_word' id='word_1_303' title='bbox 1284 2151 1437 2185; x_wconf 86' lang='lat' dir='ltr'>militum</span> <span class='ocrx_word' id='word_1_304' title='bbox 1452 2153 1622 2186; x_wconf 88' lang='lat' dir='ltr'>concione</span> 
     </span>
     <span class='ocr_line' id='line_1_31' title="bbox 112 2207 1621 2256; baseline 0.001 -13"><span class='ocrx_word' id='word_1_305' title='bbox 112 2209 295 2255; x_wconf 85' lang='lat' dir='ltr'>percussit.</span> <span class='ocrx_word' id='word_1_306' title='bbox 319 2209 386 2242; x_wconf 89' lang='lat' dir='ltr'>lste</span> <span class='ocrx_word' id='word_1_307' title='bbox 407 2207 534 2241; x_wconf 76' lang='lat' dir='ltr'>divinis</span> <span class='ocrx_word' id='word_1_308' title='bbox 557 2208 653 2241; x_wconf 90' lang='lat' dir='ltr'>libris</span> <span class='ocrx_word' id='word_1_309' title='bbox 676 2208 810 2242; x_wconf 83' lang='lat' dir='ltr'>adustis</span> <span class='ocrx_word' id='word_1_310' title='bbox 833 2208 999 2253; x_wconf 64' lang='lat' dir='ltr'>martyria</span> <span class='ocrx_word' id='word_1_311' title='bbox 1022 2207 1117 2240; x_wconf 86' lang='lat' dir='ltr'>facit.</span> <span class='ocrx_word' id='word_1_312' title='bbox 1141 2207 1181 2241; x_wconf 89' lang='lat' dir='ltr'>In</span> <span class='ocrx_word' id='word_1_313' title='bbox 1204 2207 1270 2242; x_wconf 87' lang='lat' dir='ltr'>hac</span> <span class='ocrx_word' id='word_1_314' title='bbox 1292 2208 1428 2243; x_wconf 87' lang='lat' dir='ltr'>decima</span> <span class='ocrx_word' id='word_1_315' title='bbox 1444 2222 1621 2256; x_wconf 83' lang='lat' dir='ltr'>perseeu-</span> 
     </span>
     <span class='ocr_line' id='line_1_32' title="bbox 110 2265 1629 2317; baseline 0.001 -15"><span class='ocrx_word' id='word_1_316' title='bbox 110 2270 218 2310; x_wconf 69' lang='lat' dir='ltr'>tione,</span> <span class='ocrx_word' id='word_1_317' title='bbox 235 2267 396 2301; x_wconf 88' lang='lat' dir='ltr'>diabolus</span> <span class='ocrx_word' id='word_1_318' title='bbox 409 2267 575 2300; x_wconf 84' lang='lat' dir='ltr'>omnibus</span> <span class='ocrx_word' id='word_1_319' title='bbox 586 2267 718 2300; x_wconf 61' lang='lat' dir='ltr'>xiribus</span> <span class='ocrx_word' id='word_1_320' title='bbox 732 2267 898 2309; x_wconf 60' lang='lat' dir='ltr'>collectis,</span> <span class='ocrx_word' id='word_1_321' title='bbox 910 2266 997 2300; x_wconf 88' lang='lat' dir='ltr'>dum</span> <span class='ocrx_word' id='word_1_322' title='bbox 1012 2265 1245 2300; x_wconf 79' lang='lat' dir='ltr'>christianum</span> <span class='ocrx_word' id='word_1_323' title='bbox 1255 2279 1384 2301; x_wconf 90' lang='lat' dir='ltr'>nomen</span> <span class='ocrx_word' id='word_1_324' title='bbox 1401 2269 1629 2317; x_wconf 86' lang='lat' dir='ltr'>exstinguere·</span> 
     </span>
     <span class='ocr_line' id='line_1_33' title="bbox 111 2323 1622 2372; baseline 0.001 -12"><span class='ocrx_word' id='word_1_325' title='bbox 111 2327 257 2368; x_wconf 61' lang='lat' dir='ltr'>nititur7</span> <span class='ocrx_word' id='word_1_326' title='bbox 284 2325 404 2358; x_wconf 87' lang='lat' dir='ltr'>multis</span> <span class='ocrx_word' id='word_1_327' title='bbox 430 2324 598 2370; x_wconf 80' lang='lat' dir='ltr'>martyrio</span> <span class='ocrx_word' id='word_1_328' title='bbox 626 2324 819 2367; x_wconf 77' lang='lat' dir='ltr'>coronatis,</span> <span class='ocrx_word' id='word_1_329' title='bbox 845 2324 1031 2372; x_wconf 78' lang='lat' dir='ltr'>gloriosius</span> <span class='ocrx_word' id='word_1_330' title='bbox 1059 2323 1189 2357; x_wconf 86' lang='lat' dir='ltr'>reddit.</span> <span class='ocrx_word' id='word_1_331' title='bbox 1225 2325 1461 2360; x_wconf 88' lang='lat' dir='ltr'>Diocletianus</span> <span class='ocrx_word' id='word_1_332' title='bbox 1488 2328 1622 2361; x_wconf 82' lang='lat' dir='ltr'>Hercu—</span> 
     </span>
     <span class='ocr_line' id='line_1_34' title="bbox 110 2381 1622 2425; baseline 0.001 -7"><span class='ocrx_word' id='word_1_333' title='bbox 110 2385 204 2418; x_wconf 88' lang='lat' dir='ltr'>leum</span> <span class='ocrx_word' id='word_1_334' title='bbox 227 2383 477 2417; x_wconf 85' lang='lat' dir='ltr'>Maximianum</span> <span class='ocrx_word' id='word_1_335' title='bbox 498 2381 678 2415; x_wconf 89' lang='lat' dir='ltr'>Caesarem</span> <span class='ocrx_word' id='word_1_336' title='bbox 706 2382 808 2425; x_wconf 67' lang='lat' dir='ltr'>fecit,</span> <span class='ocrx_word' id='word_1_337' title='bbox 833 2388 869 2415; x_wconf 85' lang='lat' dir='ltr'>et</span> <span class='ocrx_word' id='word_1_338' title='bbox 890 2382 924 2415; x_wconf 91' lang='lat' dir='ltr'>in</span> <span class='ocrx_word' id='word_1_339' title='bbox 949 2381 1074 2415; x_wconf 77' lang='lat' dir='ltr'>Gallias</span> <span class='ocrx_word' id='word_1_340' title='bbox 1100 2382 1213 2425; x_wconf 58' lang='lat' dir='ltr'>misit7</span> <span class='ocrx_word' id='word_1_341' title='bbox 1241 2382 1488 2418; x_wconf 88' lang='lat' dir='ltr'>Thebaeorum</span> <span class='ocrx_word' id='word_1_342' title='bbox 1510 2386 1540 2419; x_wconf 87' lang='lat' dir='ltr'>ei</span> <span class='ocrx_word' id='word_1_343' title='bbox 1564 2398 1622 2420; x_wconf 89' lang='lat' dir='ltr'>so-</span> 
     </span>
     <span class='ocr_line' id='line_1_35' title="bbox 111 2440 1618 2490; baseline 0.001 -14"><span class='ocrx_word' id='word_1_344' title='bbox 111 2443 206 2477; x_wconf 90' lang='lat' dir='ltr'>cians</span> <span class='ocrx_word' id='word_1_345' title='bbox 236 2442 408 2490; x_wconf 77' lang='lat' dir='ltr'>legionem</span> <span class='ocrx_word' id='word_1_346' title='bbox 441 2440 486 2475; x_wconf 85' lang='lat' dir='ltr'>ad</span> <span class='ocrx_word' id='word_1_347' title='bbox 513 2441 820 2487; x_wconf 56' lang='lat' dir='ltr'>supplementum„</span> <span class='ocrx_word' id='word_1_348' title='bbox 858 2441 1097 2474; x_wconf 83' lang='lat' dir='ltr'>continentem</span> <span class='ocrx_word' id='word_1_349' title='bbox 1130 2441 1220 2474; x_wconf 78' lang='lat' dir='ltr'>viros</span> <span class='ocrx_word' id='word_1_350' title='bbox 1253 2443 1310 2488; x_wconf 71' lang='lat' dir='ltr'>vjffl</span> <span class='ocrx_word' id='word_1_351' title='bbox 1341 2443 1593 2478; x_wconf 68' lang='lat' dir='ltr'>DCCCLXVIII</span> <span class='ocrx_word' id='word_1_352' title='bbox 1612 2473 1618 2488; x_wconf 81' lang='lat'>·.</span> 
     </span>
     <span class='ocr_line' id='line_1_36' title="bbox 109 2499 1620 2549; baseline 0.001 -13"><span class='ocrx_word' id='word_1_353' title='bbox 109 2514 149 2535; x_wconf 87' lang='lat' dir='ltr'>ex</span> <span class='ocrx_word' id='word_1_354' title='bbox 168 2501 299 2548; x_wconf 90' lang='lat' dir='ltr'>quibus</span> <span class='ocrx_word' id='word_1_355' title='bbox 318 2500 542 2543; x_wconf 70' lang='lat' dir='ltr'>Mauritium,</span> <span class='ocrx_word' id='word_1_356' title='bbox 565 2500 796 2546; x_wconf 58' lang='lat' dir='ltr'>Exnperium„</span> <span class='ocrx_word' id='word_1_357' title='bbox 824 2499 1022 2534; x_wconf 86' lang='lat' dir='ltr'>Candidum</span> <span class='ocrx_word' id='word_1_358' title='bbox 1040 2526 1048 2542; x_wconf 51' lang='lat' dir='ltr'>a,</span> <span class='ocrx_word' id='word_1_359' title='bbox 1078 2500 1324 2534; x_wconf 84' lang='lat' dir='ltr'>Innocentium</span> <span class='ocrx_word' id='word_1_360' title='bbox 1348 2509 1454 2549; x_wconf 87' lang='lat' dir='ltr'>atque</span> <span class='ocrx_word' id='word_1_361' title='bbox 1473 2503 1620 2537; x_wconf 70' lang='lat' dir='ltr'>Vitalem</span> 
     </span>
    </p>
   </div>
  </div>
 </body>
</html>
