2137 3131
422 395 491 429 848
1029 386 1316 422 APPENDICES.

1091 515 1246 549 CXXXV
1253 542 1260 548 .

421 620 465 652 Le
478 617 648 652 elisitelam
661 616 702 649 de
720 613 904 649 Bruoeelles
921 610 1107 647 recomzait
1117 623 1182 657 que
1201 611 1247 644 les
1261 611 1442 652 domaz'nes
1454 611 1496 644 de
1513 610 1670 657 l‘ahbaye
1687 609 1710 644 ἀ
1728 610 1933 645 Reinirsart

657 679 734 707 sont
746 677 900 719 emempts
919 671 959 705 (le
974 676 1049 704 tout
1061 670 1156 704 droit
1170 670 1211 703 (le
1226 668 1424 704 cheitelem'e.
1435 669 1693 704 —Rmmnsur

1014 873 1030 893 Α
1044 868 1224 893 Braine-l'Alleu
1237 887 1243 897 3
1255 868 1327 892 1225.

451 948 505 982 Ego
519 945 646 975 Leonum,
661 943 825 970 castellanus
839 942 873 968 de
887 941 1041 968 Bruccellen
1051 961 1059 975 ,
1075 945 1170 967 notum
1186 940 1255 966 facio
1269 945 1324 966 tam
1340 940 1532 975 praesentibus
1546 950 1628 976 quam
1642 940 1743 967 suturis
1754 961 1761 973 ‚
1778 940 1851 976 quod
1866 950 1927 967 cum

416 995 545 1020 adversus
557 992 682 1018 abbatem
696 995 723 1016 et
736 994 900 1017 conventum
915 989 1045 1015 ecclesiae
1054 988 1207 1015 Ninivensis
1220 987 1383 1014 calumniam
1397 988 1539 1014 movissem
1550 993 1577 1014 et
1585 988 1725 1024 querelam
1734 1009 1741 1020 ‚
1756 993 1787 1014 ut
1800 988 1833 1014 de
1849 989 1929 1014 terris

416 1042 470 1067 suis
484 1040 555 1075 apud
570 1044 675 1065 curtem
689 1047 765 1064 suam
777 1037 930 1062 Rez'nirsart
946 1035 1017 1062 insra
1031 1035 1203 1071 parrochiam
1218 1035 1251 1061 de
1268 1034 1382 1061 seneffia
1393 1035 1561 1069 jacentibus,
1576 1035 1642 1061 mihi
1653 1035 1792 1062 solverent
1805 1034 1931 1061 castella-

415 1090 499 1118 niam,
519 1085 696 1113 consideratis
706 1084 857 1110 rationibus
868 1092 882 1109 e
895 1087 991 1109 contra
1004 1092 1018 1108 a
1033 1082 1106 1108 dicta
1117 1081 1231 1108 ccclesia
1244 1081 1368 1118 allegatis
1378 1103 1384 1114 ,
1400 1086 1427 1108 et
1440 1082 1480 1108 rei
1490 1082 1606 1108 veritate
1619 1082 1766 1118 diligenter
1779 1091 1864 1117 super
1877 1081 1928 1108 hoc

416 1141 441 1160 et
458 1134 563 1170 plenius
578 1132 705 1168 inquisita
715 1152 722 1164 ,
737 1130 842 1166 liquido
854 1130 969 1166 cognovi
981 1134 1009 1155 et
1020 1129 1140 1155 intellexi
1154 1129 1229 1164 quod
1243 1128 1310 1154 nihil
1320 1129 1394 1163 juris
1407 1129 1434 1155 in
1449 1128 1571 1164 praefata
1585 1129 1718 1155 habebam
1738 1128 1865 1164 querela,
1879 1129 1928 1155 sed

415 1191 429 1207 a
439 1182 525 1207 dictae
537 1179 709 1206 castellaniae
718 1177 854 1204 solutione
861 1177 1068 1213 praenominata
1078 1175 1192 1202 ecclesia
1204 1176 1280 1211 quita
1289 1176 1316 1201 in
1328 1180 1491 1211 perpetuum
1504 1175 1603 1202 debeat
1614 1184 1790 1211 permanere,
1804 1181 1831 1201 et
1839 1175 1927 1202 libera

416 1238 449 1255 ne
462 1229 545 1264 igitur
558 1227 649 1262 aliqua
663 1227 689 1252 in
701 1230 841 1261 posterum
854 1233 939 1260 super
951 1224 1003 1250 hoc
1017 1223 1143 1250 dubietas
1155 1223 1275 1249 suboriri
1289 1223 1374 1259 possit
1384 1244 1391 1256 ‚
1403 1222 1446 1250 vel
1458 1222 1608 1256 calumnia⁷
1624 1222 1775 1258 praefatam
1786 1222 1926 1249 ecclesiam

417 1276 585 1301 Ninivcnsem
604 1278 630 1299 et
645 1278 731 1299 terras
744 1272 830 1298 curtis
844 1271 878 1297 de
894 1271 1061 1304 Remo-sart,
1076 1271 1103 1297 in
1120 1270 1266 1307 parrochia
1279 1271 1313 1297 de
1327 1270 1439 1297 seneffia
1451 1271 1575 1305 jacentes
1588 1292 1595 1303 7
1616 1280 1685 1306 quas
1706 1270 1800 1297 eadem
1814 1270 1928 1297 ecclesia

414 1322 511 1349 ibidem
526 1330 596 1347 anno
609 1320 714 1346 Domini
725 1318 881 1345 MCCXXIH
897 1318 1064 1353 possidebat,
1078 1318 1112 1344 ab
1125 1318 1198 1344 omni
1210 1318 1320 1353 penitus
1333 1317 1506 1344 castellaniae
1516 1317 1651 1344 calumnia
1661 1318 1802 1343 exactione
1813 1323 1841 1344 et
1853 1317 1929 1344 solu-

414 1372 486 1396 tione
500 1369 612 1395 liberam
626 1367 819 1403 pronuntiavi,
836 1371 863 1392 et
877 1366 910 1392 de
925 1375 966 1392 me
979 1371 1007 1392 et
1021 1366 1226 1392 successoribus
1245 1366 1311 1392 meis
1324 1365 1438 1392 liberam
1455 1365 1482 1391 in
1496 1370 1661 1401 perpetuum
1680 1364 1738 1391 sore
1754 1364 1874 1391 decrevi.
1889 1365 1926 1392 Ut

415 1423 502 1442 autern
514 1416 579 1442 haec
592 1416 618 1441 in
636 1424 731 1441 aevum
743 1419 801 1440 rata
813 1418 991 1449 permaneant
999 1418 1026 1440 et
1035 1414 1195 1440 inconcussa
1205 1435 1211 1445 ,
1227 1414 1359 1449 scriptum
1369 1422 1498 1449 praesens
1512 1413 1601 1449 sigillo
1615 1422 1675 1439 meo
1688 1412 1820 1439 roborare
1833 1412 1926 1439 studui

414 1469 437 1489 et
453 1464 623 1490 consu-mare.
636 1463 732 1489 Actum
747 1461 819 1497 apud
835 1461 960 1488 Braniam
973 1461 1082 1494 allodii,
1098 1471 1170 1488 anno
1184 1461 1290 1488 Domini
1305 1460 1478 1493 MCCXXIII,
1494 1470 1585 1487 mense
1599 1460 1753 1487 Decembri.

1467 1525 1574 1557 Original
1584 1544 1590 1553 -.
1602 1533 1671 1549 sceau
1681 1525 1778 1550 deti-uit.

1131 1633 1209 1643 Η

1072 1852 1256 1886 CXXXVI.

465 1950 485 1983 I
487 1951 650 1996 nyelhert,
674 1952 836 1996 sezjqneur
855 1948 1066 1996 cl’Ayyhem,
1088 1947 1231 1982 concede
1251 1947 1273 1982 ἁ
1291 1949 1449 1995 l’abhaye
1469 1955 1542 1996 sept
1562 1950 1726 1983 bouvier-s
1742 1950 1783 1983 de
1803 1950 1874 1984 bois

509 2007 683 2053 qu⁷Aslam
695 2007 735 2041 de
754 2007 1052 2054 Boutersbruqqe,
1074 2019 1136 2041 son
1151 2006 1283 2048 vassal,
1307 2006 1362 2040 lm·
1375 2019 1398 2040 a
1415 2007 1549 2040 rendus
1569 2005 1592 2040 ἀ
1605 2013 1687 2041 cette
1706 2006 1825 2052 fin.—

1047 2198 1063 2219 Α
1074 2195 1180 2227 Ayghem
1188 2213 1195 2224 ,
1206 2196 1279 2219 1995.

449 2266 504 2300 Ego
521 2266 727 2302 Inghelbertus.
745 2268 871 2294 dominus
887 2267 921 2294 de
936 2268 1085 2303 Aienghem
1097 2290 1103 2301 ‚
1126 2273 1221 2294 notum
1241 2268 1310 2295 facio
1329 2273 1383 2294 tam
1400 2268 1591 2304 praesentibus
1610 2278 1692 2304 quam
1709 2268 1825 2300 futuris,
1848 2267 1922 2304 quod

415 2312 495 2337 ¹&dani
511 2312 544 2338 de
559 2313 786 2350 Boulersbr11991oe
800 2315 910 2340 circiter
922 2320 1025 2351 septem
1040 2315 1154 2342 bonaria
1167 2316 1286 2342 nemoris
1295 2337 1302 2348 ‚
1317 2316 1398 2351 paulo
1412 2315 1474 2351 plus
1485 2315 1528 2342 vel
1541 2317 1630 2342 minus
1639 2337 1646 2345 ,
1658 2315 1864 2349 jacentiajuxta
1877 2324 1925 2341 ne-

414 2368 470 2384 iuus
481 2360 581 2386 domini
596 2361 732 2386 Cauderon
744 2382 751 2392 ‚
770 2362 796 2387 in
810 2363 896 2388 veteri
912 2362 984 2391 Rist,
1005 2363 1030 2388 in
1045 2362 1190 2397 parrochia
1200 2363 1234 2389 de
1246 2362 1393 2395 Haucrois,
1409 2372 1480 2398 quae
1491 2363 1525 2389 de
1539 2372 1580 2389 me
1596 2362 1707 2389 tenebat
1716 2363 1744 2388 in
1756 2361 1865 2388 feodum
1875 2382 1882 2393 ‚
1896 2362 1923 2388 in

414 2415 506 2431 manus
519 2416 590 2433 meas
605 2408 638 2433 ad
654 2417 722 2443 opus
735 2408 864 2435 ecclesiae
878 2409 1029 2436 Niuivensis
1043 2410 1212 2445 reportavita
1227 2409 1382 2436 hominibus
1396 2411 1462 2436 meis
1470 2410 1660 2444 judicantibus
1671 2430 1678 2441 ‚
1691 2409 1767 2445 quod
1780 2414 1808 2436 et
1822 2409 1887 2435 mihi
1897 2414 1925 2435 et

412 2452 523 2478 cuilibet
535 2454 579 2479 alii
592 2453 676 2480 libere
691 2459 717 2480 et
729 2455 832 2490 absque
845 2457 917 2482 omni
929 2456 1085 2483 conditione
1097 2456 1215 2483 vendere
1230 2462 1257 2482 et
1269 2457 1335 2483 dare
1346 2462 1453 2492 posset,
1469 2457 1512 2484 vel
1525 2457 1552 2483 in
1567 2457 1766 2492 eleemosynam
1779 2455 1905 2483 conferre
1915 2476 1922 2487 ‚

412 2503 438 2523 et
449 2499 521 2533 quod
536 2510 584 2526 nec
595 2501 651 2535 ipse
666 2510 714 2527 nec
726 2501 823 2536 aliquis
837 2503 1055 2538 propinquorum
1071 2503 1131 2537 ejus
1144 2503 1177 2530 de
1191 2508 1301 2530 caetero
1316 2503 1465 2539 quidquam
1476 2504 1547 2538 juris
1559 2505 1586 2530 in
1600 2503 1742 2538 praedicto
1754 2503 1869 2529 haberet
1881 2511 1924 2529 ne-
