2118 3184
739 386 1026 422 APPENDICES.
1568 390 1637 424 789

123 496 268 527 patronum
281 493 422 527 profiteor.
432 497 458 518 et
468 502 579 518 uxorem
590 502 684 520 meam.
698 492 799 519 liberos
809 499 834 520 et
846 499 984 528 parentes.
994 493 1117 519 homines
1124 498 1151 519 ct
1161 493 1260 519 amicos
1269 502 1342 519 meos
1350 495 1396 529 qui
1407 493 1522 521 salutem
1532 495 1637 521 animae

124 548 198 564 meae
212 545 238 565 et
253 539 383 565 honorem
400 549 487 566 meum
502 540 618 575 diligunt
630 561 637 568 .
653 540 745 575 obligo
761 546 789 566 nt
805 551 910 567 mecum
923 547 950 567 et
965 542 1069 577 absque
1085 550 1126 567 mc
1141 550 1213 567 nunc
1225 546 1251 567 et
1267 541 1395 577 deinceps
1412 542 1480 568 hanc
1493 543 1639 578 eleemosy—

122 595 183 612 nam
199 586 328 613 eeclesiae
346 587 480 613 ,Ninivensi
491 587 555 619 jure
570 588 737 613 successorio
756 588 894 613 custodire
910 593 1066 614 teneantur.
1085 588 1140 614 lloc
1154 593 1244 614 autem
1258 588 1359 614 donum
1375 594 1401 614 et
1417 588 1468 615 hoc
1481 589 1545 615 doni
1564 590 1640 616 testi-

123 634 243 659 monium
256 639 284 659 ut
303 634 329 659 in
345 640 482 669 posterum
498 640 587 660 ratum
602 634 736 660 habeatur
748 655 754 666 ‚
769 644 828 661 meo
842 636 931 671 sigillo
949 641 976 661 et
995 636 1134 661 hominum
1155 645 1276 662 meorum
1293 637 1447 663 testimonio
1467 637 1637 664 confirmavi.

122 680 318 707 Testimonium
332 681 447 707 Goswini
460 681 494 707 de
506 681 650 717 Adenqem,
664 683 848 708 testimoninm
865 683 1013 718 lngelberti
1024 704 1030 711 ,
1046 683 1138 708 fratris
1149 683 1222 716 ejus,
1235 683 1348 709 Waltcri
1359 689 1386 709 ct
1396 683 1508 710 Gcrardi
1524 684 1637 710 fratrum

124 732 151 753 et
166 727 280 754 aliorum
294 729 341 764 qni
355 729 482 764 superius
495 728 625 764 adscripti
641 734 714 755 sunt.
731 729 826 755 Actum
844 729 952 756 Nivellis
971 729 1154 761 MCLxxxv„
1171 729 1224 755 kal.
1240 730 1312 755 Maii.

1103 795 1210 827 Original
1219 815 1225 825 ⁷
1237 803 1304 820 sceau
1314 796 1410 820 detruit.

839 889 920 900 Η

834 1086 922 1120 Lllt.

124 1186 226 1220 Bulla
239 1186 289 1220 du
302 1197 396 1232 pape
422 1185 560 1219 [srhaz'n
570 1197 667 1232 pom·
680 1185 869 1230 confirmer
883 1185 928 1219 les
942 1189 1157 1233 avemptz‘ons
1175 1192 1206 1220 et
1223 1186 1268 1221 les
1282 1185 1388 1234 restes
1401 1188 1442 1222 de
1456 1188 1584 1224 l'orclre
1598 1190 1639 1224 cle

663 1244 884 1278 Pre'montre'.
901 1265 950 1270 —
964 1245 1096 1279 Dlvrns.

770 1442 786 1463 A
798 1441 890 1465 verone
901 1459 907 1471 ,
920 1441 993 1465 1180.

164 1515 291 1543 Urbanus
305 1516 466 1551 episcopus,
486 1524 582 1542 servus
596 1525 739 1542 servorum
753 1515 816 1547 Dei,
831 1515 938 1542 dilectis
958 1516 1021 1542 filiis
1035 1516 1144 1552 Hugoni
1158 1517 1251 1543 abbati
1263 1517 1525 1545 praemonstratensi
1540 1526 1566 1546 et
1581 1529 1641 1548 caea

123 1564 190 1590 teris
203 1563 350 1590 abbatibus
364 1568 389 1589 et
404 1563 540 1589 canonicis
554 1563 831 1589 praemonstratensis
846 1563 949 1589 ordinis
960 1585 966 1595 ⁷
983 1569 1037 1589 tam
1048 1564 1241 1599 praesentibus
1254 1574 1335 1600 quam
1350 1564 1451 1591 suturis
1462 1586 1469 1598 ,
1485 1566 1639 1602 regularem

124 1611 204 1637 vitam
220 1610 366 1646 prol'essiS,
382 1611 408 1636 in
427 1615 601 1645 perpetuum.
620 1610 649 1636 In
668 1610 797 1636 eminenti
811 1610 959 1645 apostolica
972 1610 1044 1637 sedis
1057 1610 1169 1646 specula
1183 1610 1246 1637 lieet
1257 1612 1398 1644 immeriti,
1411 1612 1573 1648 disponente
1587 1614 1643 1641 Do—

125 1659 212 1689 mino,
227 1658 385 1690 constituti,
402 1667 452 1692 pro
465 1657 636 1692 singulorum
647 1662 720 1684 statu
735 1657 844 1684 solliciti
858 1667 916 1684 esse
930 1658 1137 1693 compellimur,
1153 1663 1180 1685 et
1193 1668 1224 1684 ea
1238 1659 1344 1685 sincere
1359 1664 1486 1686 tenemur
1499 1661 1639 1696 amplecti.

125 1715 196 1741 quae
207 1705 241 1731 ad
255 1706 452 1731 incrementum
467 1705 606 1740 religionis
619 1706 759 1740 pertinent
771 1710 799 1731 et
813 1705 845 1731 ad
862 1706 995 1732 virtutum
1009 1710 1133 1741 spectant
1147 1711 1275 1732 ornatum
1286 1727 1292 1738 ⁷
1305 1706 1435 1742 quatinus
1449 1707 1641 1743 religiosorum

124 1753 202 1788 quies
215 1753 250 1778 ab
262 1753 335 1778 omni
348 1753 383 1778 sit
397 1752 604 1787 perturbatione
618 1751 715 1778 secura
722 1758 748 1778 et
757 1762 773 1778 a
784 1752 853 1788 jugo
868 1753 1022 1779 mundanae
1035 1754 1222 1788 oppressionis
1233 1759 1360 1780 servetur
1372 1754 1476 1786 illaesa,
1488 1764 1549 1781 cum
1562 1765 1642 1790 apos-

126 1799 206 1826 tolica
219 1798 303 1825 suerit
319 1799 435 1825 tuitione
450 1799 563 1825 munita.
578 1798 758 1825 Attendentes
775 1799 867 1835 itaque
886 1800 1023 1835 quomodo
1044 1800 1141 1836 religio
1159 1805 1186 1826 et
1202 1800 1270 1826 ordo
1290 1805 1382 1826 vester
1401 1800 1486 1827 multa
1500 1802 1640 1838 refulgens

124 1847 211 1883 gloria
228 1847 388 1873 meritorum
408 1852 436 1872 et
452 1847 540 1882 gratia
558 1846 684 1873 redolens
699 1847 850 1873 sanctitatis
861 1868 868 1878 ,
885 1847 1009 1882 palmites
1027 1856 1091 1873 suos
1107 1856 1122 1872 a
1142 1848 1209 1873 mari
1228 1856 1315 1883 usquc
1332 1847 1365 1873 ad
1383 1857 1457 1874 mare
1472 1849 1638 1881 extenderit,

125 1895 214 1930 ipsum
227 1895 350 1921 ordinem
365 1899 392 1920 et
404 1895 546 1920 universas
559 1894 652 1920 domos
667 1893 789 1928 ejusdem
801 1895 904 1920 ordinis
917 1894 1082 1930 apostolicae
1096 1895 1274 1930 protectionis
1289 1894 1424 1930 praesidio
1438 1895 1564 1922 duximus
1577 1905 1643 1922 con-

124 1941 272 1973 fovendas,
286 1947 313 1968 et
326 1942 462 1977 praesenti
475 1941 618 1977 privilegio
632 1941 802 1968 muniendas.
818 1942 855 1968 Ea
868 1947 982 1978 propter
993 1962 1000 1974 ,
1014 1941 1106 1968 dilecti
1119 1943 1146 1968 in
1161 1942 1276 1968 Domino
1291 1942 1354 1974 filii,
1370 1943 1468 1968 vestris
1476 1943 1559 1977 justis
1579 1953 1642 1978 pos-

126 1987 306 2015 tulationibus
319 1988 463 2024 benignius
478 1994 630 2014 annuentes
640 2010 646 2019 ,
667 1989 698 2014 ad
720 1988 858 2024 exemplar
876 1988 962 2015 felicis
975 1989 1174 2015 recordationis
1191 1988 1338 2015 Alexandri
1356 1994 1383 2015 et
1398 1989 1472 2016 Lucii
1486 1999 1619 2025 paparum
1633 2012 1639 2018 ,

125 2035 366 2070 praedecessorum
380 2041 547 2065 nostrornm,
561 2036 702 2062 universas
715 2036 901 2062 institutiones
913 2042 940 2062 et
947 2036 1150 2071 dispositiones,
1165 2046 1233 2072 quas
1243 2046 1376 2063 consensu
1387 2036 1429 2063 vel
1442 2037 1551 2071 majoris
1560 2043 1587 2064 et
1598 2047 1642 2064 sa—

125 2082 211 2108 nioris
221 2082 306 2117 partis
318 2082 429 2111 fecistis,
442 2083 511 2108 sicut
522 2083 636 2109 inferius
647 2083 824 2115 denotantur7
836 2084 999 2110 auctoritate
1011 2083 1159 2118 apostolica
1167 2084 1329 2110 roboramus
1342 2089 1369 2110 et
1380 2085 1533 2119 praesentis
1544 2086 1642 2120 scripti

125 2129 277 2164 patrocinio
292 2130 490 2156 communimus
500 2150 507 2161 ‚
522 2130 649 2156 videlicet
662 2136 691 2156 ut
705 2130 773 2157 ordo
785 2131 947 2162 canonicus,
967 2130 1197 2166 quemadmodum
1210 2131 1236 2157 in
1252 2131 1515 2157 praemonstratensi
1529 2131 1641 2158 ecclesia

125 2176 276 2202 secundum
292 2176 364 2202 beati
376 2176 521 2211 Augustini
536 2177 659 2213 regulam
673 2182 700 2203 ct
713 2177 918 2212 dispositionem
934 2177 1095 2203 recolendae
1110 2177 1256 2203 memoriae
1268 2177 1394 2203 Norberti
1410 2178 1548 2213 quondam
1561 2178 1643 2205 Prae-

127 2223 333 2250 monstratcnsis
343 2223 446 2249 ordinis
460 2224 625 2250 institutoris
639 2229 665 2250 et
677 2233 867 2251 successorum
877 2234 990 2250 suorum
1001 2225 1027 2250 in
1039 2224 1155 2250 candido
1167 2224 1262 2250 babitu
1273 2245 1280 2256 ‚
1293 2225 1435 2251 institutus
1447 2234 1506 2251 esse
1519 2225 1643 2252 denosci-

126 2275 172 2297 tur
182 2291 189 2302 ‚
205 2279 254 2306 per
270 2279 363 2296 onmes
373 2270 494 2304 ejusdem
507 2270 610 2296 ordinis
629 2270 756 2297 ecclesias
771 2271 912 2306 perpetuis
926 2271 1095 2307 temporibus
1110 2270 1304 2297 inviolabiliter
1317 2271 1497 2305 observetur3
1514 2277 1541 2298 et
1555 2272 1642 2299 eidem

126 2318 235 2353 penitus
249 2317 439 2343 observantiae
453 2317 540 2343 eidem
555 2326 665 2352 quoquc
678 2317 740 2343 libri
750 2339 756 2347 ,
775 2318 822 2352 qui
835 2317 868 2343 ad
880 2317 1009 2343 diurnum
1025 2318 1139 2344 officium
1156 2317 1311 2352 pertinent,
1327 2317 1361 2343 ab
1375 2318 1502 2344 omnibus
1519 2318 1640 2353 ejusdem

125 2365 229 2392 ordinis
241 2364 361 2391 ecclesiis
374 2365 548 2390 uniformiter
561 2370 721 2397 teneantur,
737 2374 786 2391 nec
799 2365 889 2400 aliqua
901 2365 1013 2391 ecclesia
1029 2365 1068 2391 vel
1082 2374 1198 2400 persona
1209 2365 1313 2391 ordinis
1328 2365 1412 2391 vestri
1425 2365 1556 2392 adversus
1570 2376 1644 2392 com-

126 2413 218 2438 munia
231 2413 316 2448 ipsius
331 2412 434 2438 ordinis
451 2412 575 2438 instituta
594 2412 765 2448 privilegium
785 2412 888 2448 aliquid
909 2413 1067 2448 postulare,
1086 2412 1130 2439 vel
1147 2413 1290 2439 obtentum
1304 2413 1404 2439 audeat
1421 2413 1559 2449 quomodo
1576 2413 1643 2440 libet

125 2460 256 2486 retinere.
271 2459 349 2486 Nulla
363 2459 443 2485 etiam
457 2459 631 2485 ecclesiarum
642 2459 666 2486 ei
679 2469 760 2495 quam
774 2460 869 2496 genuit
880 2481 887 2492 ‚
904 2460 1054 2495 quamlibet
1068 2460 1170 2486 terreni
1180 2459 1314 2486 commodi
1327 2460 1495 2486 exactionem
1509 2461 1642 2496 imponat,

125 2506 174 2533 sed
186 2511 290 2533 tantum
307 2511 385 2542 pater
398 2505 481 2532 abbas
495 2515 587 2532 curam
602 2507 635 2532 dc
649 2507 775 2542 prosectu
787 2527 794 2540 ‚
809 2511 864 2533 tam
878 2507 926 2533 filii
942 2507 1048 2534 abbatis
1062 2516 1143 2542 quam
1156 2506 1288 2541 fratrum,
1305 2507 1402 2534 domus
1415 2507 1487 2534 illius
1501 2507 1602 2534 habeat
1617 2515 1644 2535 et
