2137 3131
461 360 532 395 1066
803 357 977 393 CORPUS
1004 354 1334 391 CHRONICORUM
1362 354 1472 389 FLAN
1480 356 1626 389 DRIAE.

464 469 599 503 ratione
617 468 678 501 visi
697 467 825 511 objecti
843 478 878 499 se
898 465 1069 507 habente7
1091 463 1152 497 sed
1171 462 1290 497 divina
1309 463 1458 496 essentia
1476 462 1679 496 immediate
1697 474 1733 495 se
1751 461 1866 505 nude7
1886 462 1977 496 clare

465 534 499 561 et
519 533 638 573 aperte
656 526 704 559 eis
722 523 942 558 ostendente.
964 522 1143 569 Quodque
1159 523 1209 556 sic
1226 522 1384 556 videntes
1403 521 1527 556 eadem
1547 521 1665 555 divina
1685 520 1834 554 essentia
1843 520 1979 566 perfru-

466 592 574 620 untur
585 611 593 619 .
615 596 678 617 nec
693 595 764 616 non
779 581 878 628 quod
892 594 933 614 ex
946 581 1006 615 tali
1020 581 1152 615 visione
1166 587 1199 614 et
1214 581 1382 614 fruitione
1396 592 1521 614 eorum
1535 580 1672 613 animae
1687 579 1749 625 qui
1764 578 1838 624 jam
1857 577 1980 612 deces-

466 649 583 677 serunt
598 669 606 685 a
635 647 718 674 sunt
744 652 825 673 vere
851 640 972 673 beatae
997 646 1032 673 et
1056 639 1190 673 habent
1211 639 1318 672 vitam
1346 645 1382 672 et
1406 638 1566 684 requiem
1591 644 1782 672 aeternam.
1810 637 1853 670 Et
1875 643 1982 670 erunt

466 702 605 735 illorum
624 700 686 746 qui
702 705 822 745 postea
840 698 1031 741 decedent,
1054 710 1136 732 eum
1156 697 1318 731 camdem
1332 696 1488 730 divinam
1504 696 1677 731 videbunt
1691 696 1877 730 essentiam
1892 696 1982 741 ipsa-

466 772 535 806 que
556 758 785 804 perfruentur
807 763 888 790 ante
903 756 1081 802 judicium
1105 756 1281 803 generale.
1308 756 1356 789 Ac
1381 754 1479 802 quod
1503 755 1589 789 visio
1614 754 1820 800 hujusmodi
1843 753 1981 788 divinae

467 817 633 852 essentiae
648 816 794 862 ejusque
809 816 945 859 fruitio7
962 822 1061 849 actus
1076 814 1157 849 fidei
1172 821 1207 849 et
1220 815 1294 860 spei
1308 815 1344 848 in
1361 814 1410 848 eis
1424 820 1612 857 evacuant,
1630 820 1738 860 prout
1751 813 1838 847 fides
1852 819 1888 846 et
1904 824 1983 858 spes

467 877 629 923 propriae
654 875 874 922 theologicae
897 881 980 908 sunt
1006 874 1173 915 virtutesg
1199 873 1370 920 quodque
1393 879 1583 919 postquam
1607 873 1772 907 inchoata
1798 872 1907 906 fuerit
1930 871 1983 905 vel

467 936 533 969 erit
551 935 627 968 talis
646 934 809 968 intuitiva
828 940 862 967 et
880 933 1012 967 facialis
1029 933 1115 967 visio
1139 939 1174 967 et
1192 933 1333 975 fruitio,
1356 932 1392 965 in
1410 931 1542 966 eisdem
1562 931 1685 965 eadem
1705 931 1826 965 fruitio
1845 937 1881 964 et
1897 930 1984 964 visio

467 995 540 1027 sine
559 993 676 1039 aliqua
694 992 920 1026 intercisione
939 1004 1002 1026 seu
1021 991 1248 1025 evacuatione
1267 990 1467 1037 praedictae
1486 990 1628 1024 visionis
1646 996 1681 1023 et
1699 989 1877 1023 fruitionis
1895 1000 1983 1023 con-

467 1054 602 1086 tinuata
621 1052 752 1085 exstitit
768 1058 803 1085 et
821 1051 1090 1085 continuabitur
1110 1063 1225 1097 usque
1243 1049 1289 1084 ad
1309 1049 1413 1083 finale
1428 1048 1605 1095 judicium
1625 1055 1660 1083 et
1677 1061 1718 1082 ex
1732 1055 1819 1082 tunc
1836 1048 1874 1082 in
1891 1059 1986 1081 sem-

467 1112 660 1158 piternum.
678 1109 876 1143 Diffinimus
890 1110 1036 1155 insuper
1049 1109 1161 1156 quod7
1179 1107 1376 1142 secundum
1391 1120 1619 1142 communem
1633 1107 1694 1141 Dei
1709 1106 1983 1149 ordinationem,

469 1170 606 1204 animae
625 1168 873 1202 decedentium
894 1168 928 1201 in
949 1168 1078 1202 actuali
1100 1167 1239 1201 mortali
1268 1174 1412 1213 peccato
1437 1179 1518 1200 mox
1541 1173 1623 1213 post
1646 1173 1798 1201 mortem
1823 1177 1923 1200 suam
1942 1163 1988 1198 ad

469 1230 606 1264 inferna
629 1227 868 1270 descendunt7
896 1227 957 1261 ubi
980 1227 1103 1273 poenis
1124 1227 1357 1260 infernalibus
1382 1226 1600 1260 cruciantur.
1623 1226 1664 1259 Et
1686 1225 1785 1272 quod
1803 1224 1986 1259 nihilomi-

471 1301 538 1323 nus
557 1289 594 1323 in
613 1288 670 1322 die
683 1286 809 1333 judicii
829 1298 952 1320 omnes
970 1286 1134 1320 homines
1155 1291 1236 1320 ante
1256 1285 1414 1318 tribunal
1431 1284 1559 1318 Christi
1578 1297 1660 1318 cum
1687 1284 1759 1318 suis
1777 1282 1986 1329 corporibus

472 1348 750 1393 comparebunt„
775 1344 949 1379 reddituri
970 1344 1015 1378 de
1033 1344 1133 1378 factis
1152 1343 1304 1389 propriis
1323 1343 1494 1376 rationem
1507 1369 1516 1386 7
1535 1349 1577 1376 ut
1595 1343 1724 1376 referat
1741 1341 1987 1388 unusquisque

471 1407 614 1456 propria
634 1404 810 1451 corporis7
831 1409 938 1449 prout
956 1403 1064 1450 gessit
1081 1402 1152 1436 sive
1171 1402 1306 1435 bonum
1325 1401 1396 1435 sive
1411 1401 1562 1442 malumg
1583 1400 1812 1435 decernentes
1825 1398 1988 1446 praedic-

473 1474 525 1501 tas
543 1472 679 1500 nostras
696 1462 921 1497 diffinitiones
940 1474 1001 1495 seu
1020 1461 1333 1495 determinationes
1351 1467 1386 1494 et
1404 1460 1561 1506 ipsarum
1582 1461 1737 1508 singulas
1755 1460 1799 1493 ab
1822 1459 1989 1493 omnibus

474 1525 638 1560 fidelibus
661 1534 734 1556 esse
760 1519 942 1554 tenendas.
973 1519 1200 1565 Quicumque
1227 1525 1346 1552 autem
1373 1518 1539 1564 deinceps
1565 1517 1828 1564 praedictarum
1850 1523 1990 1551 nostra—

473 1597 554 1619 rum
571 1581 823 1617 diffinitionum
841 1591 903 1612 seu
921 1578 1259 1612 determinationum
1277 1583 1339 1610 aut.
1356 1576 1578 1624 singularum
1594 1577 1752 1622 ipsarum
1771 1576 1990 1611 contrarium

476 1643 625 1678 scienter
645 1646 680 1674 et
701 1637 929 1685 pertinaciter
951 1643 1090 1679 tenere⁷
1118 1647 1291 1679 asserere³
1313 1634 1538 1681 praedicare7
1563 1633 1691 1668 docere
1715 1641 1778 1668 aut
1800 1633 1991 1669 defendere

473 1702 582 1737 verbo
596 1699 649 1734 vel
663 1698 794 1743 scripto
809 1696 1101 1742 praesumpserit,
1122 1701 1245 1728 contra
1260 1707 1342 1727 eum
1354 1721 1362 1737 a
1378 1694 1469 1727 sicut
1482 1700 1606 1727 contra
1623 1694 1841 1728 haereticum
1852 1720 1861 1737 ,
1881 1692 1990 1727 modo

477 1760 598 1795 debito
615 1755 841 1804 procedatur.
863 1755 957 1789 Nulli
974 1766 1059 1802 ergo
1075 1754 1222 1787 omnino
1235 1753 1424 1787 hominum
1440 1753 1541 1787 liceat
1556 1752 1650 1787 hanc
1668 1753 1835 1801 paginam
1852 1759 1992 1787 nostrae

477 1816 696 1854 diffinitionis
722 1821 784 1848 aut
814 1813 1076 1847 constitutionis
1101 1812 1294 1860 infringere
1325 1812 1379 1845 vel
1405 1823 1493 1845 ausu
1519 1811 1707 1845 temerario
1733 1811 1921 1845 contraire.
1957 1810 1993 1845 Si

477 1878 556 1925 quis
575 1882 695 1910 autem
712 1874 781 1907 hoc
800 1879 972 1906 attentare
990 1871 1284 1918 praesumpserit-¹
1305 1870 1587 1919 indignationem
1606 1870 1860 1916 omnipotentis
1878 1870 1941 1904 Dei
1958 1877 1994 1904 et

476 1937 664 1970 beatorum
683 1932 778 1966 Petri
792 1937 826 1964 et
844 1931 943 1964 Pauli
961 1930 1202 1977 apostolorum
1218 1942 1253 1963 se
1267 1929 1405 1963 noverit
1421 1929 1662 1963 incursurum.
1683 1930 1814 1963 Datum
1832 1929 1994 1963 Avinioni

478 2000 606 2041 quarto
623 1990 854 2025 kalendarum
875 1989 1052 2023 Februarii
1066 2016 1075 2033 7
1095 1989 1324 2035 pontificatus
1342 1989 1453 2022 nostri
1472 2000 1565 2022 anno
1583 1987 1753 2022 secundo.
1775 2003 1794 2021 »

522 2050 711 2087 Revocavit
737 2049 843 2082 etiam
868 2047 961 2082 idem
985 2060 1076 2094 papa
1104 2047 1259 2082 decimas
1285 2060 1305 2081 a
1331 2046 1600 2093 praedecessore
1629 2059 1694 2081 suo
1716 2046 1878 2081 Johanne
1901 2059 1993 2094 papa

479 2112 552 2159 regi
571 2110 806 2150 Francorum7
823 2107 869 2141 ob
888 2106 1132 2140 liberationem
1153 2106 1280 2140 Terrae
1299 2105 1460 2149 Sanctae⁷
1480 2117 1675 2139 concessas.

530 2168 661 2203 Eodem
681 2178 792 2209 anno7
815 2165 1047 2209 Guillermus⁷
1067 2165 1354 2211 archiepiscopus
1374 2164 1576 2208 Remensis7
1597 2163 1767 2207 moritur,
1794 2163 1872 2198 loco
1894 2163 1995 2210 cujus

480 2229 646 2263 dominus
667 2226 844 2260 Johannes
861 2224 905 2259 de
922 2224 1057 2259 Vienna
1075 2225 1304 2273 subrogatur.

531 2285 701 2320 Dominus
720 2284 824 2317 etiam
850 2282 1096 2327 Theobaldus7
1121 2283 1306 2329 episcopus
1326 2282 1577 2326 Tornaeensis‚
1598 2281 1698 2316 obiit.
1724 2279 1833 2323 Quod
1856 2286 1898 2314 ut
1914 2291 1997 2326 per-

482 2345 577 2379 venit
594 2343 639 2378 ad
658 2343 898 2391 cognitionem
917 2343 1060 2389 capituli
1082 2342 1312 2376 Tornacensis
1325 2368 1334 2386 ⁷
1358 2342 1609 2376 convocatione
1625 2341 1717 2374 facta
1729 2367 1738 2383 ,
1759 2339 1943 2387 elegerunt
1961 2338 1997 2372 in

484 2403 689 2449 episcopum
703 2414 816 2435 unum
837 2400 881 2435 de
900 2401 1076 2435 canonicis
1095 2401 1166 2435 suis
1178 2429 1186 2445 7
1207 2400 1370 2435 videlicet
1384 2401 1584 2435 Johannem
1602 2399 1646 2434 de
1664 2398 1805 2441 Portal,
1825 2396 1997 2432 archidia-

484 2473 614 2495 conum
634 2460 904 2494 Tornacensem.
936 2458 1005 2493 Sed
1026 2459 1193 2494 frustrata
1219 2460 1286 2493 fuit
1310 2459 1398 2493 haec
1423 2459 1546 2493 electio
1560 2486 1568 2498 ‚
1592 2458 1675 2505 quia
1693 2457 1767 2503 jam
1792 2468 1857 2502 per
1877 2454 1996 2490 sedem
