2137 3131
415 371 461 404 :22
756 368 931 402 CORPUS
958 365 1287 401 CHROMCORUM
1317 366 1581 400 FLANDRIAE.

417 484 447 510 et
479 476 718 510 Theodericus
730 502 737 508 .
776 475 798 508 F
802 474 956 508 landriac
983 484 1100 506 comes
1113 499 1121 514 7
1151 473 1343 506 Jerusalem
1371 473 1665 519 proficiscuntur.
1702 472 1761 506 sed
1798 485 1867 507 non
1897 476 1932 506 fit

417 548 540 568 eorum
561 535 624 567 iter
644 544 866 579 prosperum.
891 532 1089 577 Elisippona
1108 531 1227 568 civitas
1246 531 1431 577 Hispaniae
1451 528 1620 579 capitur.]

468 592 667 627 MCXLWI.
699 591 793 624 Obiit
818 591 1023 624 Anselmus.
1054 589 1240 634 episcopus
1268 589 1519 623 Tornacensis.
1551 590 1713 623 successit
1742 589 1931 623 Geraldus.

419 652 612 686 monachus
636 650 893 683 Clarae-Vallis.

468 710 568 743 MCL.
599 709 715 742 Abbas
729 708 915 742 Gualtcrus
933 708 1065 741 dimisit
1084 706 1261 740 abbatiam
1275 733 1284 739 .
1300 713 1335 740 et.
1353 707 1489 741 transiit
1505 706 1745 741 Clarae-Valli.
1764 707 1937 740 Successit

418 769 518 815 Hugo
531 794 539 800 .
561 768 668 801 abbas
688 766 975 800 Humolariensis.

466 826 584 860 MCLI.
616 825 868 859 Monasterium
888 825 924 858 S.
947 824 1079 857 Bertini
1102 822 1317 856 incenditur.

466 884 602 918 MCLII.
633 884 728 918 Obiit
760 884 938 931 Eugenius
972 893 1061 928 papa
1074 909 1082 923 ‚
1119 882 1283 915 successit
1315 882 1529 915 Anastasius.
1570 883 1715 916 Ascalon
1746 882 1885 928 capitur
1917 895 1935 915 a

417 943 632 977 Christianis.

466 1001 620 1035 MCLllI.
651 1000 747 1034 Obiit
766 999 972 1033 venerabilis
986 999 1094 1033 abbas
1114 998 1314 1033 Bernardus
1333 998 1378 1033 (le
1392 998 1612 1033 Clara-Valle.
1636 999 1855 1046 Stephanus.
1878 1011 1938 1032 rex

420 1060 578 1106 Angliae.
595 1059 695 1093 obiit.
709 1058 897 1092 Henricus.
916 1070 1024 1104 nepos
1039 1058 1132 1103 ejus‚
1149 1070 1190 1091 ex
1204 1064 1304 1104 patre
1315 1057 1556 1105 Andegavensi
1572 1064 1603 1091 et
1620 1065 1744 1092 matre.
1762 1058 1831 1092 filia
1846 1058 1938 1105 regis

418 1118 576 1151 Henrici.
600 1129 717 1151 comes
736 1116 980 1150 Normannus.
1002 1116 1040 1149 in
1066 1128 1218 1163 regnum
1244 1115 1414 1150 succedit.

466 1174 641 1225 [MCLIV.
664 1175 763 1209 Obiit
778 1175 979 1208 Anastasius
993 1187 1102 1220 papa.
1124 1175 1186 1221 qui
1206 1181 1241 1208 et
1259 1174 1455 1208 Conradus.
1473 1174 1640 1209 Succedit
1659 1175 1833 1209 Adrianus
1845 1202 1853 1211 .
1874 1176 1937 1222 qui

417 1241 448 1268 et
475 1230 697 1282 Mcholaus]

466 1292 617 1326 MCLYI.
649 1291 907 1330 Theodericus.
929 1303 1046 1325 comes
1066 1292 1088 1324 F
1092 1290 1246 1325 landriae
1260 1317 1268 1333 e
1289 1290 1483 1324 Jerusalem
1506 1291 1754 1337 proficiscitur.
1777 1290 1940 1324 Kalendis

416 1352 510 1385 Junii
524 1378 531 1384 .
557 1351 679 1398 ingens
702 1350 810 1384 turbo
828 1349 1011 1398 grandinis
1035 1349 1188 1397 glacialis
1213 1350 1394 1383 immixtus
1413 1349 1569 1383 affluenti
1589 1350 1727 1395 pluviae
1741 1349 1752 1370 ¹
1772 1349 1904 1383 decidit
1927 1363 1934 1382 :

417 1409 618 1457 grossitudo
644 1408 820 1455 siquidem
843 1408 1085 1455 quorumdam
1105 1408 1263 1454 lapidum
1290 1408 1400 1454 ipsius
1421 1407 1603 1455 grandinis
1632 1408 1810 1456 magnus*2
1835 1420 1938 1442 exce-

417 1467 521 1501 debat
544 1465 621 1516 [ovi
645 1467 793 1500 anseris.
815 1468 905 1500 sicut
924 1467 986 1513 qui
1006 1479 1064 1500 eos
1083 1466 1249 1500 viderunt
1274 1464 1515 1515 attestantur]

466 1525 602 1559 MCLX.
633 1525 731 1559 Obiit
744 1525 910 1559 Samson.
928 1526 1108 1559 Remensis
1127 1525 1412 1571 archiepiscopus
1424 1552 1432 1558 .
1454 1524 1611 1559 succedit
1625 1525 1813 1559 Henrictffi.
1832 1526 1939 1559 frater

418 1583 605 1627 Ludovici7
630 1584 722 1630 regis
747 1584 961 1617 Francorum
974 1611 981 1617 .
1005 1584 1220 1617 Belxacensis
1239 1584 1445 1629 episcopuS.
1471 1584 1667 1617 monachus
1686 1583 1936 1617 Cisterciensis.

465 1642 620 1676 MCLXI.
650 1641 777 1676 Civitas
804 1641 1072 1676 Mediolanensis
1099 1643 1143 1676 ab
1170 1643 1382 1688 imperatore
1407 1642 1590 1676 Frederico
1617 1642 1661 1676 ad
1684 1643 1799 1676 solum
1827 1655 1940 1689 usque

417 1700 583 1734 diruitur.

466 1759 656 1793 MCLXIII.
686 1759 811 1793 Comes
827 1759 1069 1793 Theodericus
1082 1760 1276 1793 Jerusalem
1290 1759 1544 1805 proficiscitur.
1566 1766 1599 1793 et
1620 1759 1806 1806 Philippus
1819 1786 1826 1792 .
1849 1759 1940 1793 filius

417 1818 492 1863 ejus
505 1845 512 1851 .
540 1824 703 1864 potenter
726 1817 931 1851 dominatur
950 1817 1106 1851 Flandris
1127 1824 1163 1851 et
1179 1817 1400 1851 Vermandis.

466 1876 634 1910 MCLXY.
666 1876 764 1910 Obiit
783 1875 977 1915 Germ-dus,
999 1876 1185 1922 episcopus
1205 1876 1435 1910 Tornacensis
1448 1903 1456 1909 .
1473 1875 1631 1910 succedit
1649 1875 1854 1915 Gualterus„
1875 1875 1940 1910 de-

417 1946 526 1968 canus
547 1933 706 1980 ejusdem
733 1934 910 1968 ecclesiae.

467 1992 669 2027 MCLXYH.
700 1993 797 2027 Obiit
822 1992 1081 2035 Theodericus2
1103 2006 1220 2027 comes
1240 1993 1432 2027 Flandriae.

466 2051 687 2085 MCLXYIII.
718 2051 814 2086 Obiit
834 2052 989 2086 domnus
1008 2052 1131 2100 Hugo„
1152 2053 1260 2086 abbas
1279 2052 1315 2086 S.
1338 2052 1487 2086 Amandi
1499 2080 1506 2086 .
1533 2054 1585 2086 vir
1602 2054 1711 2087 totius
1730 2052 1938 2099 prudentiae

418 2117 451 2143 et
470 2110 602 2158 sagacis
622 2110 776 2158 ingenii7
798 2123 1018 2158 magnaeque
1044 2111 1262 2145 auctoritatis
1281 2117 1316 2144 et
1334 2111 1548 2145 reverentiae
1566 2112 1601 2144 in
1621 2111 1748 2145 Christi
1767 2111 1912 2145 ecclesia
1928 2124 1935 2144 ε

417 2169 518 2214 cujus
546 2168 766 2215 providentia
786 2169 967 2204 fructuosa
985 2170 1188 2216 temporalis
1211 2169 1359 2204 subsidii
1381 2169 1569 2204 commoda
1594 2170 1673 2204 filiis
1695 2182 1760 2216 pro
1778 2170 1939 2216 patribus

418 2227 602 2261 nascituris
622 2228 841 2274 praeparavit
864 2241 871 2261 :
894 2229 942 2262 ita
960 2235 1000 2262 ut
1021 2240 1171 2275 operum
1190 2229 1265 2274 ejus
1284 2229 1384 2275 quasi
1406 2228 1582 2275 quaedam
1602 2229 1740 2263 trinitas
1758 2229 1868 2275 possit
1886 2228 1938 2261 in-

418 2286 540 2319 veniri.
562 2285 772 2334 Magnitudo
792 2286 944 2329 scilicet„
966 2287 1198 2333 pulchritudo
1210 2314 1219 2331 7
1240 2288 1385 2321 utilitas.
1407 2287 1535 2336 Magna
1553 2287 1750 2334 quantitate
1768 2294 1802 2321 et
1822 2287 1938 2332 ampla

418 2344 655 2389 possessione.j
677 2345 828 2390 pulchra
847 2345 1016 2391 qualitate
1038 2353 1073 2380 et
1095 2353 1197 2380 cauta
1219 2345 1448 2392 dispositione
1461 2373 1470 2389 Ἴ
1491 2346 1589 2380 utilia
1608 2345 1678 2379 fine
1703 2352 1738 2379 et
1756 2345 1939 2379 fructuosa

418 2402 642 2448 perceptione
665 2416 671 2435 2
695 2403 857 2449 interque
877 2404 1030 2449 plurima
1053 2417 1144 2451 quae
1165 2405 1249 2439 fecit
1270 2417 1419 2451 operum
1439 2405 1608 2452 insignia.
1631 2404 1704 2438 dies
1722 2416 1786 2450 per
1804 2416 1938 2438 annum

457 2489 464 2506 ¹
489 2488 638 2523 Afflueuler
655 2500 712 2516 cnm
724 2490 816 2525 plut-ia
827 2512 833 2516 .
850 2491 882 2516 D.
899 2491 1031 2518 Mai-tene.
1229 2493 1240 2510 2
1261 2492 1485 2528 Magnitudinem.
