2137 3131
403 335 472 369 896
1007 329 1297 364 APPENDICES.

399 444 484 470 libere
495 449 626 478 perpetuo
638 441 785 477 possidebit
797 461 803 471 ,
815 440 895 466 salvis
909 438 1085 465 m'hilominus
1099 438 1150 473 ipsi
1164 437 1295 463 ecclesiae
1309 442 1414 463 tantum
1425 437 1538 463 decimis
1551 437 1687 463 novalium
1702 447 1814 464 suorum
1825 460 1832 471 ,
1845 448 1915 474 quas

399 490 496 516 ibidem
512 489 593 515 habet
606 488 638 513 ad
651 496 788 522 praesens.
803 486 837 512 {ft
849 486 933 521 igitur
944 494 1014 520 quae
1025 484 1154 519 superins
1167 489 1232 510 sunt
1245 493 1373 519 expressa
1389 482 1491 510 suturis
1505 484 1676 519 temporibus
1694 484 1810 511 firmiter
1822 485 1916 512 obser-

400 542 496 562 ventur
515 535 642 569 utrinque
655 554 661 562 ,
681 532 819 569 praefatae
838 531 976 558 Ninivensi
996 530 1126 557 ecclesiae
1142 539 1271 565 praesens
1287 531 1420 566 scriptum
1439 535 1562 556 nostrum
1584 530 1735 566 sigillorum
1753 536 1910 559 nostrorum

401 583 544 609 munimine
557 581 714 607 roboratum
729 579 923 606 conserendum
938 579 1065 604 duximus
1080 579 1105 604 in
1121 578 1306 604 testimonium
1317 583 1345 604 et
1359 577 1509 604 munimen.
1526 577 1623 604 Actum
1638 578 1710 613 apud
1725 578 1754 605 S.
1770 578 1909 615 Dionysii,

398 639 467 655 anno
481 629 583 664 gratiae
598 627 763 659 MCCXLVL
781 636 871 653 mense
882 626 978 662 Aprili.

1445 662 1554 694 Original
1562 681 1569 689 ,
1581 671 1666 687 sceaux
1678 663 1788 687 ‹leti-uiis.

1107 902 1206 937 CCII.

491 991 535 1024 Le
552 1003 644 1037 pape
662 990 834 1024 Innocenl
852 989 913 1023 IV
932 990 1076 1023 necorde
1089 989 1148 1023 des
1165 989 1370 1023 immunitos
1387 987 1410 1023 ἀ
1427 989 1804 1036 l’ahbaye.—N1novss.

1049 1167 1066 1188 Δ
1083 1166 1167 1196 Lyon.
1183 1165 1255 1189 1246.

431 1240 604 1265 innocentius
618 1239 761 1274 episcopus
770 1258 778 1270 ‚
793 1247 889 1264 servus
901 1247 1045 1264 servorum
1058 1238 1108 1264 Dei
1118 1259 1125 1270 ‚
1141 1238 1247 1264 dilectis
1260 1237 1324 1264 filiis
1337 1238 1429 1264 abbati
1443 1244 1471 1264 et
1484 1239 1634 1264 conventui
1645 1239 1802 1265 monasterii
1814 1239 1849 1265 de
1861 1239 1907 1266 Ni-

393 1287 453 1312 nive
467 1285 737 1312 praemonstratensis
748 1284 862 1317 ordinis,
875 1284 1075 1311 Cameracensis
1085 1284 1230 1317 dioecesis,
1244 1284 1360 1311 salutem
1375 1289 1402 1311 et
1415 1284 1593 1320 apostolicam
1602 1285 1831 1312 benedictionem.
1843 1285 1905 1313 Paci

394 1339 421 1359 et
435 1332 623 1368 tranquillitati
633 1337 740 1358 vestrae
752 1336 866 1367 paterna
882 1331 1004 1358 volentes
1018 1332 1045 1358 in
1058 1337 1199 1367 posterum
1213 1331 1396 1358 sollicitudine
1409 1331 1555 1367 providere
1565 1332 1728 1358 auctoritate
1737 1332 1814 1359 vobis
1827 1342 1908 1368 prae-

394 1381 509 1407 sentium
519 1380 700 1415 indulgemus,
715 1384 746 1405 ut
757 1379 789 1405 ad
800 1379 987 1415 receptionem
997 1379 1039 1406 vel
1048 1379 1233 1414 provisionem
1243 1379 1360 1413 alicujus
1369 1380 1395 1405 in
1407 1379 1585 1414 pensionibus
1596 1388 1645 1405 seu
1655 1379 1846 1406 ecclesiasticis
1858 1379 1907 1406 be—

394 1428 496 1454 neficiis
513 1427 638 1463 compelli
658 1436 707 1462 per
723 1426 828 1453 litteras
848 1426 1012 1462 apostolicas
1032 1427 1066 1453 de
1084 1432 1193 1453 caetero
1216 1436 1269 1452 non
1291 1427 1400 1462 possitis
1415 1427 1507 1457 iuviti,
1528 1435 1599 1461 quae
1619 1426 1653 1452 de
1669 1426 1720 1452 hac
1736 1426 1907 1463 indulgentia

394 1475 501 1510 plenam
518 1484 571 1501 non
589 1474 703 1501 fecerint
720 1475 894 1500 mentionem.
910 1474 983 1500 Nulli
999 1483 1066 1510 ergo
1081 1475 1192 1500 omnino
1205 1474 1346 1500 hominum
1360 1474 1440 1500 liceat
1451 1474 1521 1500 hanc
1534 1474 1660 1509 paginam
1674 1479 1785 1500 nostrae
1796 1483 1908 1501 conces-

392 1523 475 1548 sionis
487 1521 636 1557 insringere
647 1543 653 1553 ‚
669 1521 711 1547 vel
721 1522 744 1547 ei
757 1530 823 1547 ausu
834 1522 979 1547 temerario
994 1522 1143 1547 contraire.
1157 1521 1185 1547 Si
1199 1521 1261 1556 quis
1274 1527 1366 1547 autem
1380 1520 1432 1547 hoc
1444 1525 1581 1547 attentare
1592 1521 1821 1556 praesumpserit,
1836 1521 1908 1547 indi-

393 1569 546 1604 gnationem
559 1568 750 1604 omnipotentis
765 1568 814 1594 Dei
824 1573 851 1594 et
863 1568 1005 1594 beatorum
1020 1568 1094 1594 Petri
1108 1573 1135 1594 et
1148 1568 1240 1601 Pauli,
1259 1568 1447 1603 apostolorum
1460 1568 1520 1602 ejus
1531 1588 1538 1599 ,
1553 1577 1582 1594 se
1594 1568 1702 1594 noverit
1716 1568 1902 1594 incursurum.

395 1616 491 1642 Datum
504 1615 644 1652 Lugduni,
657 1615 761 1642 decimo
774 1615 902 1642 kalendas
912 1615 991 1649 Maii,
1007 1616 1185 1652 pontificatus
1198 1616 1285 1642 nostri
1298 1625 1369 1642 anno
1381 1620 1491 1651 quarto.

1444 1681 1552 1713 Original
1562 1700 1568 1705 .
1579 1689 1649 1705 sceau
1658 1681 1756 1705 detruit.

1091 1923 1208 1959 CCIII.

394 2011 440 2044 Le
461 2025 553 2058 pape
568 2012 591 2046 I
591 2019 741 2047 mzocent
756 2013 780 2047 I
788 2013 817 2046 V
828 2014 971 2048 acc-orde
991 2012 1015 2047 ἀ
1034 2013 1191 2060 l’ahlmye
1207 2025 1277 2047 ame
1297 2012 1504 2059 indulqence
1521 2011 1562 2045 de
1577 2013 1676 2058 vingt
1686 2013 1797 2058 jours
1806 2023 1905 2058 pour

675 2071 708 2104 la
725 2070 792 2116 fille
810 2072 868 2106 des
890 2072 953 2106 SS.
983 2071 1151 2106 Cornez'lle
1172 2078 1206 2106 et
1219 2070 1389 2118 Cyprien.
1406 2091 1454 2096 —
1470 2070 1608 2104 Nmovz.

1044 2244 1061 2266 A
1075 2243 1153 2273 Lyon.
1174 2242 1247 2266 1247.

432 2309 603 2337 Innocentius
615 2313 768 2348 episcopus,
778 2323 874 2340 servus
885 2323 1028 2340 servorum
1037 2314 1102 2341 Dei.
1116 2314 1224 2340 dilectis
1237 2314 1299 2340 filiis
1310 2314 1402 2340 abbati
1414 2318 1442 2340 et
1451 2313 1600 2339 conventui
1609 2313 1740 2340 ecclesiae
1750 2313 1898 2345 Ninivensi,

397 2355 667 2385 Praemonstratensis
677 2360 790 2392 ordinis,
802 2360 1002 2388 Cameracensis
1013 2362 1157 2392 dioecesis,
1173 2361 1290 2387 salutem
1303 2367 1331 2388 et
1344 2361 1520 2396 apostolicam
1532 2361 1762 2387 benedictionem.
1779 2360 1811 2386 In
1825 2369 1904 2386 sanc-

396 2407 484 2428 torum
498 2403 689 2432 festivitatibus
699 2426 706 2438 ,
720 2416 790 2442 quae
799 2417 813 2433 a
824 2408 922 2435 Christi
931 2409 1059 2435 fidelibus
1072 2409 1162 2434 votiva
1172 2409 1333 2435 celebritate
1340 2408 1479 2439 coluntur,
1494 2408 1585 2444 dignis
1594 2407 1722 2434 laudibus
1731 2407 1903 2443 glorificatur

395 2448 579 2484 Omnipotens,
595 2453 693 2479 sanctis
707 2454 771 2488 ipsis
783 2454 892 2481 debitus
902 2455 990 2482 honor
1003 2456 1172 2491 impenditur
1185 2461 1213 2482 et
1224 2456 1376 2482 animarum
1385 2454 1526 2491 profectus
1542 2455 1689 2481 devotione
1701 2463 1823 2490 congrua
1838 2463 1904 2489 pro-
