<?xml version="1.0" encoding="UTF-8"?>
<!DOCTYPE html PUBLIC "-//W3C//DTD XHTML 1.0 Transitional//EN"
    "http://www.w3.org/TR/xhtml1/DTD/xhtml1-transitional.dtd">
<html xmlns="http://www.w3.org/1999/xhtml" xml:lang="en" lang="en">
 <head>
  <title>
</title>
<meta http-equiv="Content-Type" content="text/html;charset=utf-8" />
  <meta name='ocr-system' content='tesseract 3.04.00' />
  <meta name='ocr-capabilities' content='ocr_page ocr_carea ocr_par ocr_line ocrx_word'/>
</head>
<body>
  <div class='ocr_page' id='page_1' title='image "./corpuschronicoru02smetuoft_0599.png"; bbox 0 0 2118 3184; ppageno 0'>
   <div class='ocr_carea' id='block_1_1' title="bbox 542 415 1586 454">
    <p class='ocr_par' dir='ltr' id='par_1_1' title="bbox 542 415 1586 454">
     <span class='ocr_line' id='line_1_1' title="bbox 542 415 1586 454; baseline -0.004 -1"><span class='ocrx_word' id='word_1_1' title='bbox 542 418 772 454; x_wconf 68' lang='lat' dir='ltr'>CRROMCA</span> <span class='ocrx_word' id='word_1_2' title='bbox 802 416 1124 451; x_wconf 70' lang='lat' dir='ltr'>TORNACENSIS.</span> <span class='ocrx_word' id='word_1_3' title='bbox 1518 415 1586 449; x_wconf 75' lang='lat'>:567</span> 
     </span>
    </p>
   </div>
   <div class='ocr_carea' id='block_1_2' title="bbox 74 524 1608 2385">
    <p class='ocr_par' dir='ltr' id='par_1_2' title="bbox 74 524 1608 2385">
     <span class='ocr_line' id='line_1_2' title="bbox 77 524 1589 577; baseline -0.005 -13"><span class='ocrx_word' id='word_1_4' title='bbox 77 530 210 577; x_wconf 83' lang='lat' dir='ltr'>gesimo</span> <span class='ocrx_word' id='word_1_5' title='bbox 224 536 372 576; x_wconf 85' lang='lat' dir='ltr'>quarto,</span> <span class='ocrx_word' id='word_1_6' title='bbox 389 528 555 562; x_wconf 85' lang='lat' dir='ltr'>successit</span> <span class='ocrx_word' id='word_1_7' title='bbox 572 527 601 560; x_wconf 90' lang='lat' dir='ltr'>ei</span> <span class='ocrx_word' id='word_1_8' title='bbox 620 526 823 561; x_wconf 77' lang='lat' dir='ltr'>Ancelmus.</span> <span class='ocrx_word' id='word_1_9' title='bbox 840 526 948 559; x_wconf 82' lang='lat' dir='ltr'>abbas</span> <span class='ocrx_word' id='word_1_10' title='bbox 962 525 996 559; x_wconf 89' lang='lat' dir='ltr'>S.</span> <span class='ocrx_word' id='word_1_11' title='bbox 1014 525 1188 559; x_wconf 69' lang='lat' dir='ltr'>Vincentii</span> <span class='ocrx_word' id='word_1_12' title='bbox 1204 524 1466 567; x_wconf 86' lang='lat' dir='ltr'>Lauduncnsis,</span> <span class='ocrx_word' id='word_1_13' title='bbox 1484 536 1589 570; x_wconf 81' lang='lat' dir='ltr'>quem</span> 
     </span>
     <span class='ocr_line' id='line_1_3' title="bbox 74 582 1590 634; baseline -0.004 -13"><span class='ocrx_word' id='word_1_14' title='bbox 74 587 241 621; x_wconf 87' lang='lat' dir='ltr'>dominus</span> <span class='ocrx_word' id='word_1_15' title='bbox 260 599 349 634; x_wconf 87' lang='lat' dir='ltr'>papa</span> <span class='ocrx_word' id='word_1_16' title='bbox 370 586 546 633; x_wconf 84' lang='lat' dir='ltr'>Eugenius</span> <span class='ocrx_word' id='word_1_17' title='bbox 563 585 689 632; x_wconf 77' lang='lat' dir='ltr'>elegit,</span> <span class='ocrx_word' id='word_1_18' title='bbox 712 584 934 618; x_wconf 78' lang='lat' dir='ltr'>confirmavit</span> <span class='ocrx_word' id='word_1_19' title='bbox 951 590 985 617; x_wconf 88' lang='lat' dir='ltr'>et</span> <span class='ocrx_word' id='word_1_20' title='bbox 1001 583 1232 617; x_wconf 85' lang='lat' dir='ltr'>consecravit.</span> <span class='ocrx_word' id='word_1_21' title='bbox 1254 595 1360 628; x_wconf 89' lang='lat' dir='ltr'>supra</span> <span class='ocrx_word' id='word_1_22' title='bbox 1382 582 1477 616; x_wconf 92' lang='lat' dir='ltr'>dicto</span> <span class='ocrx_word' id='word_1_23' title='bbox 1497 594 1590 615; x_wconf 87' lang='lat' dir='ltr'>anno</span> 
     </span>
     <span class='ocr_line' id='line_1_4' title="bbox 79 641 1592 691; baseline -0.004 -11"><span class='ocrx_word' id='word_1_24' title='bbox 79 645 271 687; x_wconf 65' lang='lat' dir='ltr'>MCXLYI,</span> <span class='ocrx_word' id='word_1_25' title='bbox 300 656 480 691; x_wconf 83' lang='lat' dir='ltr'>quemque</span> <span class='ocrx_word' id='word_1_26' title='bbox 509 643 747 676; x_wconf 77' lang='lat' dir='ltr'>Tornaccnscs</span> <span class='ocrx_word' id='word_1_27' title='bbox 779 648 818 675; x_wconf 89' lang='lat' dir='ltr'>ut</span> <span class='ocrx_word' id='word_1_28' title='bbox 844 648 980 688; x_wconf 85' lang='lat' dir='ltr'>patrem</span> <span class='ocrx_word' id='word_1_29' title='bbox 1005 648 1038 674; x_wconf 90' lang='lat' dir='ltr'>et</span> <span class='ocrx_word' id='word_1_30' title='bbox 1065 641 1251 675; x_wconf 89' lang='lat' dir='ltr'>dominum</span> <span class='ocrx_word' id='word_1_31' title='bbox 1278 653 1382 675; x_wconf 89' lang='lat' dir='ltr'>suum</span> <span class='ocrx_word' id='word_1_32' title='bbox 1412 647 1592 689; x_wconf 71' lang='lat' dir='ltr'>gratanter</span> 
     </span>
     <span class='ocr_line' id='line_1_5' title="bbox 78 699 1592 751; baseline -0.004 -13"><span class='ocrx_word' id='word_1_33' title='bbox 78 711 113 738; x_wconf 86' lang='lat' dir='ltr'>et</span> <span class='ocrx_word' id='word_1_34' title='bbox 131 704 282 751; x_wconf 81' lang='lat' dir='ltr'>benigne</span> <span class='ocrx_word' id='word_1_35' title='bbox 301 708 527 748; x_wconf 85' lang='lat' dir='ltr'>receperunt.</span> <span class='ocrx_word' id='word_1_36' title='bbox 549 713 631 735; x_wconf 90' lang='lat' dir='ltr'>cum</span> <span class='ocrx_word' id='word_1_37' title='bbox 651 700 771 734; x_wconf 83' lang='lat' dir='ltr'>debito</span> <span class='ocrx_word' id='word_1_38' title='bbox 787 700 921 733; x_wconf 86' lang='lat' dir='ltr'>honore</span> <span class='ocrx_word' id='word_1_39' title='bbox 934 727 942 742; x_wconf 93' lang='lat'>,</span> <span class='ocrx_word' id='word_1_40' title='bbox 963 700 1193 733; x_wconf 80' lang='lat' dir='ltr'>reverentiam</span> <span class='ocrx_word' id='word_1_41' title='bbox 1212 706 1246 733; x_wconf 92' lang='lat' dir='ltr'>et</span> <span class='ocrx_word' id='word_1_42' title='bbox 1265 700 1471 747; x_wconf 76' lang='lat' dir='ltr'>homagium</span> <span class='ocrx_word' id='word_1_43' title='bbox 1491 699 1592 733; x_wconf 85' lang='lat' dir='ltr'>exhi-</span> 
     </span>
     <span class='ocr_line' id='line_1_6' title="bbox 79 758 1591 807; baseline -0.003 -11"><span class='ocrx_word' id='word_1_44' title='bbox 79 762 215 796; x_wconf 86' lang='lat' dir='ltr'>bentes.</span> <span class='ocrx_word' id='word_1_45' title='bbox 252 762 321 802; x_wconf 84' lang='lat' dir='ltr'>Qui</span> <span class='ocrx_word' id='word_1_46' title='bbox 348 760 493 807; x_wconf 84' lang='lat' dir='ltr'>quidem</span> <span class='ocrx_word' id='word_1_47' title='bbox 522 760 708 793; x_wconf 83' lang='lat' dir='ltr'>Ancelmus</span> <span class='ocrx_word' id='word_1_48' title='bbox 734 758 833 792; x_wconf 88' lang='lat' dir='ltr'>dedit</span> <span class='ocrx_word' id='word_1_49' title='bbox 858 758 971 792; x_wconf 80' lang='lat' dir='ltr'>eidem</span> <span class='ocrx_word' id='word_1_50' title='bbox 999 758 1163 792; x_wconf 85' lang='lat' dir='ltr'>ecclesiae</span> <span class='ocrx_word' id='word_1_51' title='bbox 1190 771 1254 804; x_wconf 92' lang='lat' dir='ltr'>pro</span> <span class='ocrx_word' id='word_1_52' title='bbox 1284 759 1510 792; x_wconf 78' lang='lat' dir='ltr'>anniversarii</span> <span class='ocrx_word' id='word_1_53' title='bbox 1539 760 1591 792; x_wconf 82' lang='lat' dir='ltr'>sui</span> 
     </span>
     <span class='ocr_line' id='line_1_7' title="bbox 78 817 1592 864; baseline -0.003 -10"><span class='ocrx_word' id='word_1_54' title='bbox 78 821 312 854; x_wconf 80' lang='lat' dir='ltr'>celebratione</span> <span class='ocrx_word' id='word_1_55' title='bbox 331 820 438 853; x_wconf 85' lang='lat' dir='ltr'>altare</span> <span class='ocrx_word' id='word_1_56' title='bbox 456 818 501 852; x_wconf 86' lang='lat' dir='ltr'>de</span> <span class='ocrx_word' id='word_1_57' title='bbox 518 818 656 860; x_wconf 70' lang='lat' dir='ltr'>Studes,</span> <span class='ocrx_word' id='word_1_58' title='bbox 676 830 768 852; x_wconf 84' lang='lat' dir='ltr'>anno</span> <span class='ocrx_word' id='word_1_59' title='bbox 788 818 837 851; x_wconf 54' lang='grc' dir='ltr'>ἧκ’)</span> <span class='ocrx_word' id='word_1_60' title='bbox 850 818 1121 852; x_wconf 84' lang='lat' dir='ltr'>consecrationis</span> <span class='ocrx_word' id='word_1_61' title='bbox 1137 830 1232 860; x_wconf 77' lang='lat' dir='ltr'>suae,</span> <span class='ocrx_word' id='word_1_62' title='bbox 1251 817 1348 864; x_wconf 90' lang='lat' dir='ltr'>quod</span> <span class='ocrx_word' id='word_1_63' title='bbox 1362 817 1507 863; x_wconf 87' lang='lat' dir='ltr'>quidem</span> <span class='ocrx_word' id='word_1_64' title='bbox 1528 830 1592 850; x_wconf 82' lang='lat' dir='ltr'>an·—</span> 
     </span>
     <span class='ocr_line' id='line_1_8' title="bbox 79 875 1594 922; baseline -0.002 -10"><span class='ocrx_word' id='word_1_65' title='bbox 79 878 307 912; x_wconf 82' lang='lat' dir='ltr'>niversarium</span> <span class='ocrx_word' id='word_1_66' title='bbox 332 877 529 911; x_wconf 83' lang='lat' dir='ltr'>celebratur</span> <span class='ocrx_word' id='word_1_67' title='bbox 553 877 601 910; x_wconf 80' lang='lat' dir='ltr'>ix⁰</span> <span class='ocrx_word' id='word_1_68' title='bbox 622 875 786 910; x_wconf 72' lang='lat' dir='ltr'>kalendas</span> <span class='ocrx_word' id='word_1_69' title='bbox 803 876 1031 922; x_wconf 76' lang='lat' dir='ltr'>Septembris.</span> <span class='ocrx_word' id='word_1_70' title='bbox 1050 876 1215 909; x_wconf 80' lang='lat' dir='ltr'>Ancelmo</span> <span class='ocrx_word' id='word_1_71' title='bbox 1234 876 1400 910; x_wconf 84' lang='lat' dir='ltr'>successit</span> <span class='ocrx_word' id='word_1_72' title='bbox 1418 876 1594 910; x_wconf 87' lang='lat' dir='ltr'>Gerardus</span> 
     </span>
     <span class='ocr_line' id='line_1_9' title="bbox 79 933 1593 983; baseline -0.001 -13"><span class='ocrx_word' id='word_1_73' title='bbox 79 937 265 983; x_wconf 87' lang='lat' dir='ltr'>episcopus</span> <span class='ocrx_word' id='word_1_74' title='bbox 276 963 284 978; x_wconf 69' lang='lat'>,</span> <span class='ocrx_word' id='word_1_75' title='bbox 306 936 535 969; x_wconf 83' lang='lat' dir='ltr'>confirmatus</span> <span class='ocrx_word' id='word_1_76' title='bbox 554 947 646 969; x_wconf 89' lang='lat' dir='ltr'>anno</span> <span class='ocrx_word' id='word_1_77' title='bbox 662 934 821 976; x_wconf 76' lang='lat' dir='ltr'>MCLIX,</span> <span class='ocrx_word' id='word_1_78' title='bbox 843 935 904 980; x_wconf 88' lang='lat' dir='ltr'>qui</span> <span class='ocrx_word' id='word_1_79' title='bbox 921 933 1020 967; x_wconf 80' lang='lat' dir='ltr'>dedit</span> <span class='ocrx_word' id='word_1_80' title='bbox 1033 933 1078 967; x_wconf 88' lang='lat' dir='ltr'>ad</span> <span class='ocrx_word' id='word_1_81' title='bbox 1092 946 1182 980; x_wconf 85' lang='lat' dir='ltr'>opus</span> <span class='ocrx_word' id='word_1_82' title='bbox 1201 934 1375 968; x_wconf 83' lang='lat' dir='ltr'>refectorii</span> <span class='ocrx_word' id='word_1_83' title='bbox 1389 962 1397 978; x_wconf 82' lang='lat'>,</span> <span class='ocrx_word' id='word_1_84' title='bbox 1414 935 1534 969; x_wconf 86' lang='lat' dir='ltr'>altaria</span> <span class='ocrx_word' id='word_1_85' title='bbox 1549 934 1593 968; x_wconf 90' lang='lat' dir='ltr'>de</span> 
     </span>
     <span class='ocr_line' id='line_1_10' title="bbox 80 991 1591 1040; baseline -0.003 -11"><span class='ocrx_word' id='word_1_86' title='bbox 80 994 236 1037; x_wconf 65' lang='lat' dir='ltr'>Malam,</span> <span class='ocrx_word' id='word_1_87' title='bbox 265 994 395 1029; x_wconf 74' lang='lat' dir='ltr'>Oedeke</span> <span class='ocrx_word' id='word_1_88' title='bbox 420 1001 455 1028; x_wconf 89' lang='lat' dir='ltr'>et</span> <span class='ocrx_word' id='word_1_89' title='bbox 478 993 676 1040; x_wconf 69' lang='lat' dir='ltr'>Elseyliem,</span> <span class='ocrx_word' id='word_1_90' title='bbox 704 1004 797 1026; x_wconf 90' lang='lat' dir='ltr'>anno</span> <span class='ocrx_word' id='word_1_91' title='bbox 821 991 1003 1026; x_wconf 74' lang='lat' dir='ltr'>MCLXVI.</span> <span class='ocrx_word' id='word_1_92' title='bbox 1037 992 1285 1038; x_wconf 86' lang='lat' dir='ltr'>Hujnscemodi</span> <span class='ocrx_word' id='word_1_93' title='bbox 1312 993 1591 1027; x_wconf 87' lang='lat' dir='ltr'>anniversarium</span> 
     </span>
     <span class='ocr_line' id='line_1_11' title="bbox 80 1049 1595 1100; baseline -0.003 -12"><span class='ocrx_word' id='word_1_94' title='bbox 80 1053 278 1087; x_wconf 87' lang='lat' dir='ltr'>celebratur</span> <span class='ocrx_word' id='word_1_95' title='bbox 302 1052 415 1100; x_wconf 85' lang='lat' dir='ltr'>pridie</span> <span class='ocrx_word' id='word_1_96' title='bbox 438 1052 518 1086; x_wconf 87' lang='lat' dir='ltr'>idus</span> <span class='ocrx_word' id='word_1_97' title='bbox 542 1051 644 1093; x_wconf 69' lang='lat' dir='ltr'>Julii,</span> <span class='ocrx_word' id='word_1_98' title='bbox 667 1057 701 1084; x_wconf 87' lang='lat' dir='ltr'>et</span> <span class='ocrx_word' id='word_1_99' title='bbox 715 1057 797 1084; x_wconf 89' lang='lat' dir='ltr'>nota</span> <span class='ocrx_word' id='word_1_100' title='bbox 815 1049 914 1096; x_wconf 88' lang='lat' dir='ltr'>quod</span> <span class='ocrx_word' id='word_1_101' title='bbox 930 1051 993 1084; x_wconf 81' lang='lat' dir='ltr'>iste</span> <span class='ocrx_word' id='word_1_102' title='bbox 1015 1050 1151 1096; x_wconf 89' lang='lat' dir='ltr'>primus</span> <span class='ocrx_word' id='word_1_103' title='bbox 1172 1057 1224 1084; x_wconf 83' lang='lat' dir='ltr'>est</span> <span class='ocrx_word' id='word_1_104' title='bbox 1242 1051 1507 1097; x_wconf 64' lang='lat' dir='ltr'>episcoporum,</span> <span class='ocrx_word' id='word_1_105' title='bbox 1534 1052 1595 1097; x_wconf 81' lang='lat' dir='ltr'>qui</span> 
     </span>
     <span class='ocr_line' id='line_1_12' title="bbox 79 1109 1596 1159; baseline -0.002 -13"><span class='ocrx_word' id='word_1_106' title='bbox 79 1113 254 1158; x_wconf 86' lang='lat' dir='ltr'>reperitur</span> <span class='ocrx_word' id='word_1_107' title='bbox 272 1119 561 1159; x_wconf 85' lang='lat' dir='ltr'>quantacumque</span> <span class='ocrx_word' id='word_1_108' title='bbox 580 1110 767 1144; x_wconf 88' lang='lat' dir='ltr'>refectorio</span> <span class='ocrx_word' id='word_1_109' title='bbox 786 1109 974 1143; x_wconf 79' lang='lat' dir='ltr'>contulisse</span> <span class='ocrx_word' id='word_1_110' title='bbox 987 1136 995 1151; x_wconf 93' lang='lat'>,</span> <span class='ocrx_word' id='word_1_111' title='bbox 1017 1109 1115 1155; x_wconf 82' lang='lat' dir='ltr'>quod</span> <span class='ocrx_word' id='word_1_112' title='bbox 1134 1110 1208 1155; x_wconf 85' lang='lat' dir='ltr'>ejus</span> <span class='ocrx_word' id='word_1_113' title='bbox 1232 1110 1336 1143; x_wconf 87' lang='lat' dir='ltr'>etiam</span> <span class='ocrx_word' id='word_1_114' title='bbox 1363 1117 1520 1156; x_wconf 87' lang='lat' dir='ltr'>tempore</span> <span class='ocrx_word' id='word_1_115' title='bbox 1544 1111 1596 1143; x_wconf 68' lang='lat' dir='ltr'>vi—</span> 
     </span>
     <span class='ocr_line' id='line_1_13' title="bbox 79 1167 1597 1217; baseline -0.003 -12"><span class='ocrx_word' id='word_1_116' title='bbox 79 1169 185 1205; x_wconf 89' lang='lat' dir='ltr'>detur</span> <span class='ocrx_word' id='word_1_117' title='bbox 200 1171 305 1204; x_wconf 86' lang='lat' dir='ltr'>fuisse</span> <span class='ocrx_word' id='word_1_118' title='bbox 323 1170 487 1217; x_wconf 84' lang='lat' dir='ltr'>primitus</span> <span class='ocrx_word' id='word_1_119' title='bbox 506 1168 710 1203; x_wconf 89' lang='lat' dir='ltr'>ordinatum</span> <span class='ocrx_word' id='word_1_120' title='bbox 731 1174 876 1213; x_wconf 87' lang='lat' dir='ltr'>propter</span> <span class='ocrx_word' id='word_1_121' title='bbox 889 1167 1090 1201; x_wconf 86' lang='lat' dir='ltr'>societatem</span> <span class='ocrx_word' id='word_1_122' title='bbox 1112 1167 1335 1201; x_wconf 89' lang='lat' dir='ltr'>sacerdotum</span> <span class='ocrx_word' id='word_1_123' title='bbox 1352 1168 1492 1213; x_wconf 84' lang='lat' dir='ltr'>majoris</span> <span class='ocrx_word' id='word_1_124' title='bbox 1508 1168 1597 1201; x_wconf 82' lang='lat' dir='ltr'>alta-</span> 
     </span>
     <span class='ocr_line' id='line_1_14' title="bbox 81 1224 1596 1275; baseline -0.003 -13"><span class='ocrx_word' id='word_1_125' title='bbox 81 1229 127 1262; x_wconf 84' lang='lat' dir='ltr'>ris</span> <span class='ocrx_word' id='word_1_126' title='bbox 144 1241 236 1275; x_wconf 84' lang='lat' dir='ltr'>quae</span> <span class='ocrx_word' id='word_1_127' title='bbox 250 1228 373 1262; x_wconf 90' lang='lat' dir='ltr'>eodem</span> <span class='ocrx_word' id='word_1_128' title='bbox 393 1234 551 1273; x_wconf 82' lang='lat' dir='ltr'>tempore</span> <span class='ocrx_word' id='word_1_129' title='bbox 570 1227 833 1268; x_wconf 67' lang='lat' dir='ltr'>instituebatur,</span> <span class='ocrx_word' id='word_1_130' title='bbox 851 1232 891 1258; x_wconf 90' lang='lat' dir='ltr'>ut</span> <span class='ocrx_word' id='word_1_131' title='bbox 908 1231 1004 1271; x_wconf 87' lang='lat' dir='ltr'>patet</span> <span class='ocrx_word' id='word_1_132' title='bbox 1023 1237 1085 1270; x_wconf 89' lang='lat' dir='ltr'>per</span> <span class='ocrx_word' id='word_1_133' title='bbox 1100 1237 1224 1258; x_wconf 89' lang='lat' dir='ltr'>eorum</span> <span class='ocrx_word' id='word_1_134' title='bbox 1243 1224 1488 1268; x_wconf 57' lang='lat' dir='ltr'>fundationes„</span> <span class='ocrx_word' id='word_1_135' title='bbox 1506 1239 1596 1272; x_wconf 72' lang='lat' dir='ltr'>quae</span> 
     </span>
     <span class='ocr_line' id='line_1_15' title="bbox 82 1284 1596 1333; baseline -0.003 -12"><span class='ocrx_word' id='word_1_136' title='bbox 82 1299 161 1321; x_wconf 85' lang='lat' dir='ltr'>raro</span> <span class='ocrx_word' id='word_1_137' title='bbox 181 1292 463 1333; x_wconf 70' lang='lat' dir='ltr'>praecesse1·unt;</span> <span class='ocrx_word' id='word_1_138' title='bbox 485 1292 520 1319; x_wconf 91' lang='lat' dir='ltr'>et</span> <span class='ocrx_word' id='word_1_139' title='bbox 536 1292 624 1319; x_wconf 84' lang='lat' dir='ltr'>tunc</span> <span class='ocrx_word' id='word_1_140' title='bbox 641 1285 744 1318; x_wconf 86' lang='lat' dir='ltr'>etiam</span> <span class='ocrx_word' id='word_1_141' title='bbox 767 1296 836 1317; x_wconf 90' lang='lat' dir='ltr'>non</span> <span class='ocrx_word' id='word_1_142' title='bbox 856 1290 931 1317; x_wconf 88' lang='lat' dir='ltr'>erat</span> <span class='ocrx_word' id='word_1_143' title='bbox 952 1284 1017 1316; x_wconf 91' lang='lat' dir='ltr'>nisi</span> <span class='ocrx_word' id='word_1_144' title='bbox 1035 1284 1162 1317; x_wconf 89' lang='lat' dir='ltr'>unicus</span> <span class='ocrx_word' id='word_1_145' title='bbox 1180 1284 1379 1330; x_wconf 84' lang='lat' dir='ltr'>capellanus</span> <span class='ocrx_word' id='word_1_146' title='bbox 1399 1285 1434 1317; x_wconf 94' lang='lat' dir='ltr'>in</span> <span class='ocrx_word' id='word_1_147' title='bbox 1453 1285 1596 1319; x_wconf 73' lang='lat' dir='ltr'>ecclesia</span> 
     </span>
     <span class='ocr_line' id='line_1_16' title="bbox 84 1342 1597 1390; baseline -0.003 -11"><span class='ocrx_word' id='word_1_148' title='bbox 84 1345 296 1379; x_wconf 82' lang='lat' dir='ltr'>Tornacensi</span> <span class='ocrx_word' id='word_1_149' title='bbox 324 1345 505 1378; x_wconf 91' lang='lat' dir='ltr'>institutus</span> <span class='ocrx_word' id='word_1_150' title='bbox 528 1350 720 1390; x_wconf 87' lang='lat' dir='ltr'>perpetuus</span> <span class='ocrx_word' id='word_1_151' title='bbox 746 1355 809 1388; x_wconf 87' lang='lat' dir='ltr'>per</span> <span class='ocrx_word' id='word_1_152' title='bbox 831 1342 1037 1376; x_wconf 85' lang='lat' dir='ltr'>Letbertum</span> <span class='ocrx_word' id='word_1_153' title='bbox 1062 1342 1259 1385; x_wconf 62' lang='lat' dir='ltr'>Btondum,</span> <span class='ocrx_word' id='word_1_154' title='bbox 1284 1342 1479 1376; x_wconf 88' lang='lat' dir='ltr'>decanum.</span> <span class='ocrx_word' id='word_1_155' title='bbox 1504 1356 1597 1377; x_wconf 84' lang='lat' dir='ltr'>anno</span> 
     </span>
     <span class='ocr_line' id='line_1_17' title="bbox 84 1399 1594 1447; baseline -0.003 -9"><span class='ocrx_word' id='word_1_156' title='bbox 84 1403 188 1438; x_wconf 85' lang='lat' dir='ltr'><strong>MCL.</strong></span> <span class='ocrx_word' id='word_1_157' title='bbox 217 1403 286 1437; x_wconf 89' lang='lat' dir='ltr'>Iste</span> <span class='ocrx_word' id='word_1_158' title='bbox 307 1402 484 1437; x_wconf 84' lang='lat' dir='ltr'>Gerardus</span> <span class='ocrx_word' id='word_1_159' title='bbox 513 1402 667 1436; x_wconf 88' lang='lat' dir='ltr'>instituit</span> <span class='ocrx_word' id='word_1_160' title='bbox 692 1407 727 1434; x_wconf 89' lang='lat' dir='ltr'>et</span> <span class='ocrx_word' id='word_1_161' title='bbox 753 1399 916 1434; x_wconf 83' lang='lat' dir='ltr'>fundavit</span> <span class='ocrx_word' id='word_1_162' title='bbox 944 1400 1113 1446; x_wconf 87' lang='lat' dir='ltr'>capellam</span> <span class='ocrx_word' id='word_1_163' title='bbox 1139 1407 1175 1434; x_wconf 90' lang='lat' dir='ltr'>et</span> <span class='ocrx_word' id='word_1_164' title='bbox 1199 1400 1347 1434; x_wconf 90' lang='lat' dir='ltr'>domum</span> <span class='ocrx_word' id='word_1_165' title='bbox 1375 1401 1594 1447; x_wconf 81' lang='lat' dir='ltr'>leprosorum</span> 
     </span>
     <span class='ocr_line' id='line_1_18' title="bbox 83 1458 1595 1507; baseline -0.001 -12"><span class='ocrx_word' id='word_1_166' title='bbox 83 1462 206 1505; x_wconf 65' lang='lat' dir='ltr'>Vallis,</span> <span class='ocrx_word' id='word_1_167' title='bbox 223 1473 316 1495; x_wconf 91' lang='lat' dir='ltr'>anno</span> <span class='ocrx_word' id='word_1_168' title='bbox 330 1461 473 1495; x_wconf 84' lang='lat' dir='ltr'>MCLHI</span> <span class='ocrx_word' id='word_1_169' title='bbox 487 1460 512 1494; x_wconf 87' lang='lat'>¹.</span> <span class='ocrx_word' id='word_1_170' title='bbox 531 1460 638 1506; x_wconf 88' lang='lat' dir='ltr'>Cujus</span> <span class='ocrx_word' id='word_1_171' title='bbox 650 1460 807 1507; x_wconf 87' lang='lat' dir='ltr'>regimen</span> <span class='ocrx_word' id='word_1_172' title='bbox 823 1465 858 1492; x_wconf 89' lang='lat' dir='ltr'>et</span> <span class='ocrx_word' id='word_1_173' title='bbox 869 1458 1211 1492; x_wconf 84' lang='lat' dir='ltr'>administrationem</span> <span class='ocrx_word' id='word_1_174' title='bbox 1227 1459 1382 1504; x_wconf 88' lang='lat' dir='ltr'>capitulo</span> <span class='ocrx_word' id='word_1_175' title='bbox 1397 1461 1570 1493; x_wconf 77' lang='lat' dir='ltr'>commisit</span> <span class='ocrx_word' id='word_1_176' title='bbox 1588 1488 1595 1495; x_wconf 75' lang='grc'>,</span> 
     </span>
     <span class='ocr_line' id='line_1_19' title="bbox 84 1516 1595 1568; baseline -0.003 -13"><span class='ocrx_word' id='word_1_177' title='bbox 84 1519 390 1568; x_wconf 88' lang='lat' dir='ltr'>quemadmodum</span> <span class='ocrx_word' id='word_1_178' title='bbox 414 1520 501 1553; x_wconf 86' lang='lat' dir='ltr'>haec</span> <span class='ocrx_word' id='word_1_179' title='bbox 518 1520 555 1553; x_wconf 91' lang='lat' dir='ltr'>in</span> <span class='ocrx_word' id='word_1_180' title='bbox 581 1518 745 1564; x_wconf 85' lang='lat' dir='ltr'>hospitali</span> <span class='ocrx_word' id='word_1_181' title='bbox 766 1529 963 1563; x_wconf 84' lang='lat' dir='ltr'>pauperum</span> <span class='ocrx_word' id='word_1_182' title='bbox 988 1516 1326 1550; x_wconf 88' lang='lat' dir='ltr'>Nostrae-Dominae</span> <span class='ocrx_word' id='word_1_183' title='bbox 1353 1517 1595 1551; x_wconf 76' lang='lat' dir='ltr'>Tornacensis.</span> 
     </span>
     <span class='ocr_line' id='line_1_20' title="bbox 83 1574 1601 1621; baseline -0.003 -7"><span class='ocrx_word' id='word_1_184' title='bbox 83 1578 241 1614; x_wconf 76' lang='lat' dir='ltr'>Ger-ardo</span> <span class='ocrx_word' id='word_1_185' title='bbox 266 1579 433 1613; x_wconf 85' lang='lat' dir='ltr'>successit</span> <span class='ocrx_word' id='word_1_186' title='bbox 450 1578 649 1620; x_wconf 57' lang='lat' dir='ltr'>walterus,</span> <span class='ocrx_word' id='word_1_187' title='bbox 675 1575 906 1610; x_wconf 83' lang='lat' dir='ltr'>Tornacensis</span> <span class='ocrx_word' id='word_1_188' title='bbox 924 1574 1098 1618; x_wconf 65' lang='lat' dir='ltr'>decanus,</span> <span class='ocrx_word' id='word_1_189' title='bbox 1127 1575 1162 1608; x_wconf 89' lang='lat' dir='ltr'>in</span> <span class='ocrx_word' id='word_1_190' title='bbox 1188 1575 1453 1621; x_wconf 85' lang='lat' dir='ltr'>episcopatum,</span> <span class='ocrx_word' id='word_1_191' title='bbox 1475 1588 1601 1610; x_wconf 84' lang='lat' dir='ltr'>conse-</span> 
     </span>
     <span class='ocr_line' id='line_1_21' title="bbox 83 1634 1600 1677; baseline -0.003 -5"><span class='ocrx_word' id='word_1_192' title='bbox 83 1644 202 1672; x_wconf 84' lang='lat' dir='ltr'>cratus</span> <span class='ocrx_word' id='word_1_193' title='bbox 214 1649 308 1672; x_wconf 91' lang='lat' dir='ltr'>anno</span> <span class='ocrx_word' id='word_1_194' title='bbox 323 1636 508 1672; x_wconf 79' lang='lat' dir='ltr'>MCLXVI.</span> <span class='ocrx_word' id='word_1_195' title='bbox 526 1636 594 1670; x_wconf 88' lang='lat' dir='ltr'>Iste</span> <span class='ocrx_word' id='word_1_196' title='bbox 607 1634 707 1670; x_wconf 88' lang='lat' dir='ltr'>dedit</span> <span class='ocrx_word' id='word_1_197' title='bbox 716 1634 884 1668; x_wconf 88' lang='lat' dir='ltr'>fratribus</span> <span class='ocrx_word' id='word_1_198' title='bbox 900 1634 971 1668; x_wconf 92' lang='lat' dir='ltr'>Deo</span> <span class='ocrx_word' id='word_1_199' title='bbox 986 1634 1238 1677; x_wconf 71' lang='lat' dir='ltr'>militantibus,</span> <span class='ocrx_word' id='word_1_200' title='bbox 1255 1634 1291 1667; x_wconf 90' lang='lat' dir='ltr'>in</span> <span class='ocrx_word' id='word_1_201' title='bbox 1304 1635 1448 1668; x_wconf 86' lang='lat' dir='ltr'>ecclesia</span> <span class='ocrx_word' id='word_1_202' title='bbox 1464 1635 1600 1668; x_wconf 86' lang='lat' dir='ltr'>Torna-</span> 
     </span>
     <span class='ocr_line' id='line_1_22' title="bbox 85 1692 1602 1742; baseline -0.003 -11"><span class='ocrx_word' id='word_1_203' title='bbox 85 1697 198 1740; x_wconf 89' lang='lat' dir='ltr'>censi,</span> <span class='ocrx_word' id='word_1_204' title='bbox 219 1696 454 1730; x_wconf 82' lang='lat' dir='ltr'>anniversaria</span> <span class='ocrx_word' id='word_1_205' title='bbox 472 1694 757 1742; x_wconf 84' lang='lat' dir='ltr'>praebendarum</span> <span class='ocrx_word' id='word_1_206' title='bbox 776 1692 820 1727; x_wconf 90' lang='lat' dir='ltr'>de</span> <span class='ocrx_word' id='word_1_207' title='bbox 839 1693 916 1726; x_wconf 88' lang='lat' dir='ltr'>viva</span> <span class='ocrx_word' id='word_1_208' title='bbox 934 1704 1043 1726; x_wconf 88' lang='lat' dir='ltr'>manu</span> <span class='ocrx_word' id='word_1_209' title='bbox 1064 1692 1100 1725; x_wconf 92' lang='lat' dir='ltr'>in</span> <span class='ocrx_word' id='word_1_210' title='bbox 1119 1692 1233 1726; x_wconf 76' lang='lat' dir='ltr'>vivam</span> <span class='ocrx_word' id='word_1_211' title='bbox 1253 1705 1399 1726; x_wconf 88' lang='lat' dir='ltr'>manum</span> <span class='ocrx_word' id='word_1_212' title='bbox 1419 1699 1602 1727; x_wconf 84' lang='lat' dir='ltr'>transeun-</span> 
     </span>
     <span class='ocr_line' id='line_1_23' title="bbox 85 1751 1602 1797; baseline -0.003 -8"><span class='ocrx_word' id='word_1_213' title='bbox 85 1755 176 1789; x_wconf 90' lang='lat' dir='ltr'>tium</span> <span class='ocrx_word' id='word_1_214' title='bbox 191 1754 469 1789; x_wconf 86' lang='lat' dir='ltr'>anniversarium</span> <span class='ocrx_word' id='word_1_215' title='bbox 487 1766 558 1788; x_wconf 89' lang='lat' dir='ltr'>non</span> <span class='ocrx_word' id='word_1_216' title='bbox 572 1752 783 1788; x_wconf 85' lang='lat' dir='ltr'>habentium</span> <span class='ocrx_word' id='word_1_217' title='bbox 798 1751 843 1785; x_wconf 90' lang='lat' dir='ltr'>ad</span> <span class='ocrx_word' id='word_1_218' title='bbox 852 1763 936 1785; x_wconf 90' lang='lat' dir='ltr'>usus</span> <span class='ocrx_word' id='word_1_219' title='bbox 950 1751 1127 1784; x_wconf 85' lang='lat' dir='ltr'>refectorii</span> <span class='ocrx_word' id='word_1_220' title='bbox 1137 1751 1389 1785; x_wconf 88' lang='lat' dir='ltr'>canonicorum</span> <span class='ocrx_word' id='word_1_221' title='bbox 1403 1751 1476 1785; x_wconf 89' lang='lat' dir='ltr'>sine</span> <span class='ocrx_word' id='word_1_222' title='bbox 1485 1752 1602 1797; x_wconf 82' lang='lat' dir='ltr'>aliqua</span> 
     </span>
     <span class='ocr_line' id='line_1_24' title="bbox 83 1808 1600 1855; baseline -0.003 -8"><span class='ocrx_word' id='word_1_223' title='bbox 83 1812 320 1847; x_wconf 82' lang='lat' dir='ltr'>diminutione</span> <span class='ocrx_word' id='word_1_224' title='bbox 334 1811 573 1847; x_wconf 91' lang='lat' dir='ltr'>convertendo</span> <span class='ocrx_word' id='word_1_225' title='bbox 587 1811 744 1853; x_wconf 89' lang='lat' dir='ltr'>dictum,</span> <span class='ocrx_word' id='word_1_226' title='bbox 767 1822 860 1843; x_wconf 89' lang='lat' dir='ltr'>anno</span> <span class='ocrx_word' id='word_1_227' title='bbox 876 1809 949 1843; x_wconf 86' lang='lat' dir='ltr'>MC.</span> <span class='ocrx_word' id='word_1_228' title='bbox 973 1836 980 1841; x_wconf 84' lang='lat'><strong>.</strong></span> <span class='ocrx_word' id='word_1_229' title='bbox 1005 1836 1011 1842; x_wconf 93' lang='lat'><strong><em>.</em></strong></span> <span class='ocrx_word' id='word_1_230' title='bbox 1033 1808 1059 1842; x_wconf 68' lang='lat'>2.</span> <span class='ocrx_word' id='word_1_231' title='bbox 1078 1809 1187 1852; x_wconf 88' lang='lat' dir='ltr'>Item,</span> <span class='ocrx_word' id='word_1_232' title='bbox 1208 1815 1243 1842; x_wconf 86' lang='lat' dir='ltr'>et</span> <span class='ocrx_word' id='word_1_233' title='bbox 1257 1808 1301 1842; x_wconf 88' lang='lat' dir='ltr'>ad</span> <span class='ocrx_word' id='word_1_234' title='bbox 1315 1821 1405 1855; x_wconf 91' lang='lat' dir='ltr'>opus</span> <span class='ocrx_word' id='word_1_235' title='bbox 1424 1810 1600 1843; x_wconf 82' lang='lat' dir='ltr'>refectorii</span> 
     </span>
     <span class='ocr_line' id='line_1_25' title="bbox 87 1867 1603 1915; baseline -0.003 -9"><span class='ocrx_word' id='word_1_236' title='bbox 87 1872 193 1906; x_wconf 86' lang='lat' dir='ltr'>etiam</span> <span class='ocrx_word' id='word_1_237' title='bbox 217 1871 368 1906; x_wconf 86' lang='lat' dir='ltr'>contulit</span> <span class='ocrx_word' id='word_1_238' title='bbox 388 1871 509 1905; x_wconf 82' lang='lat' dir='ltr'>altaria</span> <span class='ocrx_word' id='word_1_239' title='bbox 529 1870 574 1905; x_wconf 87' lang='lat' dir='ltr'>de</span> <span class='ocrx_word' id='word_1_240' title='bbox 597 1870 774 1911; x_wconf 68' lang='lat' dir='ltr'>Rouhaz&#39;oe,</span> <span class='ocrx_word' id='word_1_241' title='bbox 795 1868 996 1910; x_wconf 77' lang='lat' dir='ltr'>Kesselare,</span> <span class='ocrx_word' id='word_1_242' title='bbox 1021 1867 1154 1909; x_wconf 73' lang='lat' dir='ltr'>Ursele,</span> <span class='ocrx_word' id='word_1_243' title='bbox 1181 1867 1428 1915; x_wconf 70' lang='lat' dir='ltr'>Zomeoyleem,</span> <span class='ocrx_word' id='word_1_244' title='bbox 1461 1868 1603 1902; x_wconf 69' lang='lat' dir='ltr'>Meren-</span> 
     </span>
     <span class='ocr_line' id='line_1_26' title="bbox 87 1925 1603 1972; baseline -0.003 -8"><span class='ocrx_word' id='word_1_245' title='bbox 87 1930 149 1964; x_wconf 70' lang='lat' dir='ltr'>dre</span> <span class='ocrx_word' id='word_1_246' title='bbox 167 1936 203 1964; x_wconf 88' lang='lat' dir='ltr'>et</span> <span class='ocrx_word' id='word_1_247' title='bbox 219 1929 264 1964; x_wconf 86' lang='lat' dir='ltr'>de</span> <span class='ocrx_word' id='word_1_248' title='bbox 281 1929 444 1972; x_wconf 75' lang='lat' dir='ltr'>Gothem,</span> <span class='ocrx_word' id='word_1_249' title='bbox 464 1936 500 1963; x_wconf 91' lang='lat' dir='ltr'>et</span> <span class='ocrx_word' id='word_1_250' title='bbox 515 1928 560 1963; x_wconf 86' lang='lat' dir='ltr'>de</span> <span class='ocrx_word' id='word_1_251' title='bbox 578 1929 677 1962; x_wconf 89' lang='lat' dir='ltr'>altari</span> <span class='ocrx_word' id='word_1_252' title='bbox 693 1927 737 1961; x_wconf 91' lang='lat' dir='ltr'>de</span> <span class='ocrx_word' id='word_1_253' title='bbox 755 1927 940 1967; x_wconf 74' lang='lat' dir='ltr'>Bondues,</span> <span class='ocrx_word' id='word_1_254' title='bbox 958 1925 1057 1972; x_wconf 92' lang='lat' dir='ltr'>qnod</span> <span class='ocrx_word' id='word_1_255' title='bbox 1076 1926 1288 1960; x_wconf 85' lang='lat' dir='ltr'>Letberthus</span> <span class='ocrx_word' id='word_1_256' title='bbox 1308 1926 1464 1960; x_wconf 88' lang='lat' dir='ltr'>Bloudus</span> <span class='ocrx_word' id='word_1_257' title='bbox 1482 1933 1603 1960; x_wconf 83' lang='lat' dir='ltr'>tenue-</span> 
     </span>
     <span class='ocr_line' id='line_1_27' title="bbox 87 1983 1604 2030; baseline -0.003 -7"><span class='ocrx_word' id='word_1_258' title='bbox 87 1995 163 2029; x_wconf 82' lang='lat' dir='ltr'>rat,</span> <span class='ocrx_word' id='word_1_259' title='bbox 192 2000 300 2023; x_wconf 90' lang='lat' dir='ltr'>unam</span> <span class='ocrx_word' id='word_1_260' title='bbox 318 1989 525 2022; x_wconf 86' lang='lat' dir='ltr'>canonicam</span> <span class='ocrx_word' id='word_1_261' title='bbox 551 1986 803 2021; x_wconf 84' lang='lat' dir='ltr'>sacerdotalem</span> <span class='ocrx_word' id='word_1_262' title='bbox 826 1984 978 2018; x_wconf 87' lang='lat' dir='ltr'>instituit</span> <span class='ocrx_word' id='word_1_263' title='bbox 998 1983 1042 2017; x_wconf 88' lang='lat' dir='ltr'>ad</span> <span class='ocrx_word' id='word_1_264' title='bbox 1065 1984 1209 2030; x_wconf 85' lang='lat' dir='ltr'>capituli</span> <span class='ocrx_word' id='word_1_265' title='bbox 1236 1983 1526 2030; x_wconf 88' lang='lat' dir='ltr'>dispositionem.</span> <span class='ocrx_word' id='word_1_266' title='bbox 1558 1986 1604 2018; x_wconf 81' lang='lat' dir='ltr'>ita</span> 
     </span>
     <span class='ocr_line' id='line_1_28' title="bbox 88 2043 1604 2095; baseline -0.003 -13"><span class='ocrx_word' id='word_1_267' title='bbox 88 2046 188 2094; x_wconf 90' lang='lat' dir='ltr'>quod</span> <span class='ocrx_word' id='word_1_268' title='bbox 201 2047 228 2081; x_wconf 90' lang='lat' dir='ltr'>si</span> <span class='ocrx_word' id='word_1_269' title='bbox 243 2047 425 2095; x_wconf 78' lang='lat' dir='ltr'>negligens</span> <span class='ocrx_word' id='word_1_270' title='bbox 439 2053 501 2081; x_wconf 85' lang='lat' dir='ltr'>aut</span> <span class='ocrx_word' id='word_1_271' title='bbox 517 2046 686 2094; x_wconf 85' lang='lat' dir='ltr'>indignus</span> <span class='ocrx_word' id='word_1_272' title='bbox 703 2045 903 2079; x_wconf 87' lang='lat' dir='ltr'>inveniatur</span> <span class='ocrx_word' id='word_1_273' title='bbox 915 2070 924 2086; x_wconf 68' lang='lat'>7</span> <span class='ocrx_word' id='word_1_274' title='bbox 941 2043 1028 2077; x_wconf 88' lang='lat' dir='ltr'>alter</span> <span class='ocrx_word' id='word_1_275' title='bbox 1042 2043 1118 2076; x_wconf 88' lang='lat' dir='ltr'>loco</span> <span class='ocrx_word' id='word_1_276' title='bbox 1137 2043 1190 2076; x_wconf 89' lang='lat' dir='ltr'>sui</span> <span class='ocrx_word' id='word_1_277' title='bbox 1204 2043 1338 2089; x_wconf 88' lang='lat' dir='ltr'>absque</span> <span class='ocrx_word' id='word_1_278' title='bbox 1356 2044 1604 2077; x_wconf 75' lang='lat' dir='ltr'>reclamatione</span> 
     </span>
     <span class='ocr_line' id='line_1_29' title="bbox 88 2101 1601 2149; baseline -0.004 -9"><span class='ocrx_word' id='word_1_279' title='bbox 88 2106 240 2140; x_wconf 81' lang='lat' dir='ltr'>vicarius</span> <span class='ocrx_word' id='word_1_280' title='bbox 259 2106 464 2140; x_wconf 87' lang='lat' dir='ltr'>instituatur</span> <span class='ocrx_word' id='word_1_281' title='bbox 482 2105 611 2139; x_wconf 89' lang='lat' dir='ltr'>eidem.</span> <span class='ocrx_word' id='word_1_282' title='bbox 630 2105 719 2138; x_wconf 87' lang='lat' dir='ltr'>Item</span> <span class='ocrx_word' id='word_1_283' title='bbox 739 2110 775 2137; x_wconf 86' lang='lat' dir='ltr'>et</span> <span class='ocrx_word' id='word_1_284' title='bbox 792 2102 836 2137; x_wconf 92' lang='lat' dir='ltr'>de</span> <span class='ocrx_word' id='word_1_285' title='bbox 855 2102 1024 2136; x_wconf 88' lang='lat' dir='ltr'>altaribus</span> <span class='ocrx_word' id='word_1_286' title='bbox 1043 2101 1088 2135; x_wconf 90' lang='lat' dir='ltr'>de</span> <span class='ocrx_word' id='word_1_287' title='bbox 1110 2101 1247 2145; x_wconf 52' lang='grc' dir='ltr'>ΟἶςεῑιιᾳΙ</span> <span class='ocrx_word' id='word_1_288' title='bbox 1267 2102 1467 2149; x_wconf 69' lang='lat' dir='ltr'>Elseyliem,</span> <span class='ocrx_word' id='word_1_289' title='bbox 1490 2103 1580 2135; x_wconf 50' lang='lat' dir='ltr'>Fit-ia</span> <span class='ocrx_word' id='word_1_290' title='bbox 1594 2129 1601 2134; x_wconf 88' lang='lat'><em>.</em></span> 
     </span>
     <span class='ocr_line' id='line_1_30' title="bbox 88 2160 1605 2212; baseline -0.004 -14"><span class='ocrx_word' id='word_1_291' title='bbox 88 2164 125 2199; x_wconf 91' lang='lat' dir='ltr'>S.</span> <span class='ocrx_word' id='word_1_292' title='bbox 147 2165 248 2212; x_wconf 87' lang='lat' dir='ltr'>Eligii</span> <span class='ocrx_word' id='word_1_293' title='bbox 267 2176 308 2198; x_wconf 88' lang='lat' dir='ltr'>ac</span> <span class='ocrx_word' id='word_1_294' title='bbox 327 2163 371 2198; x_wconf 87' lang='lat' dir='ltr'>de</span> <span class='ocrx_word' id='word_1_295' title='bbox 389 2162 587 2197; x_wconf 70' lang='lat' dir='ltr'>sllmcvauloe</span> <span class='ocrx_word' id='word_1_296' title='bbox 604 2169 640 2196; x_wconf 86' lang='lat' dir='ltr'>et</span> <span class='ocrx_word' id='word_1_297' title='bbox 656 2161 871 2208; x_wconf 88' lang='lat' dir='ltr'>quibusdam</span> <span class='ocrx_word' id='word_1_298' title='bbox 893 2160 968 2193; x_wconf 89' lang='lat' dir='ltr'>aliis</span> <span class='ocrx_word' id='word_1_299' title='bbox 987 2160 1088 2193; x_wconf 89' lang='lat' dir='ltr'>bonis</span> <span class='ocrx_word' id='word_1_300' title='bbox 1109 2172 1173 2205; x_wconf 90' lang='lat' dir='ltr'>per</span> <span class='ocrx_word' id='word_1_301' title='bbox 1189 2160 1364 2194; x_wconf 83' lang='lat' dir='ltr'>Thomam</span> <span class='ocrx_word' id='word_1_302' title='bbox 1391 2187 1562 2193; x_wconf 91' lang='grc'><em>.....</em></span> <span class='ocrx_word' id='word_1_303' title='bbox 1592 2160 1605 2181; x_wconf 76' lang='lat'>⁵</span> 
     </span>
     <span class='ocr_line' id='line_1_31' title="bbox 89 2218 1608 2269; baseline -0.003 -12"><span class='ocrx_word' id='word_1_304' title='bbox 89 2223 270 2269; x_wconf 85' lang='lat' dir='ltr'>appositis.</span> <span class='ocrx_word' id='word_1_305' title='bbox 292 2222 516 2256; x_wconf 88' lang='lat' dir='ltr'>Consimilem</span> <span class='ocrx_word' id='word_1_306' title='bbox 531 2221 694 2255; x_wconf 89' lang='lat' dir='ltr'>vicariam</span> <span class='ocrx_word' id='word_1_307' title='bbox 714 2220 866 2254; x_wconf 87' lang='lat' dir='ltr'>instituit</span> <span class='ocrx_word' id='word_1_308' title='bbox 883 2231 976 2253; x_wconf 88' lang='lat' dir='ltr'>anno</span> <span class='ocrx_word' id='word_1_309' title='bbox 996 2218 1187 2262; x_wconf 65' lang='lat' dir='ltr'>MCLXXI,</span> <span class='ocrx_word' id='word_1_310' title='bbox 1208 2219 1264 2252; x_wconf 90' lang='lat' dir='ltr'>cui</span> <span class='ocrx_word' id='word_1_311' title='bbox 1280 2219 1373 2253; x_wconf 90' lang='lat' dir='ltr'>bona</span> <span class='ocrx_word' id='word_1_312' title='bbox 1392 2231 1455 2265; x_wconf 89' lang='lat' dir='ltr'>per</span> <span class='ocrx_word' id='word_1_313' title='bbox 1475 2221 1608 2265; x_wconf 77' lang='lat' dir='ltr'>praefa-</span> 
     </span>
     <span class='ocr_line' id='line_1_32' title="bbox 89 2278 1514 2326; baseline -0.004 -11"><span class='ocrx_word' id='word_1_314' title='bbox 89 2287 168 2315; x_wconf 89' lang='lat' dir='ltr'>tum</span> <span class='ocrx_word' id='word_1_315' title='bbox 188 2280 362 2314; x_wconf 88' lang='lat' dir='ltr'>Thomam</span> <span class='ocrx_word' id='word_1_316' title='bbox 381 2280 540 2326; x_wconf 87' lang='lat' dir='ltr'>apposita</span> <span class='ocrx_word' id='word_1_317' title='bbox 558 2285 658 2322; x_wconf 65' lang='lat' dir='ltr'>sunt,</span> <span class='ocrx_word' id='word_1_318' title='bbox 681 2278 848 2313; x_wconf 88' lang='lat' dir='ltr'>dominus</span> <span class='ocrx_word' id='word_1_319' title='bbox 862 2279 962 2323; x_wconf 78' lang='lat' dir='ltr'>juxta</span> <span class='ocrx_word' id='word_1_320' title='bbox 981 2289 1144 2310; x_wconf 88' lang='lat' dir='ltr'>mansum</span> <span class='ocrx_word' id='word_1_321' title='bbox 1164 2278 1321 2325; x_wconf 80' lang='lat' dir='ltr'>magistri</span> <span class='ocrx_word' id='word_1_322' title='bbox 1338 2278 1514 2311; x_wconf 86' lang='lat' dir='ltr'>Gossuini.</span> 
     </span>
     <span class='ocr_line' id='line_1_33' title="bbox 142 2336 1608 2385; baseline -0.003 -11"><span class='ocrx_word' id='word_1_323' title='bbox 142 2339 245 2382; x_wconf 89' lang='lat' dir='ltr'>Item,</span> <span class='ocrx_word' id='word_1_324' title='bbox 266 2339 363 2385; x_wconf 89' lang='lat' dir='ltr'>apud</span> <span class='ocrx_word' id='word_1_325' title='bbox 381 2338 565 2384; x_wconf 77' lang='lat' dir='ltr'>Dafflz&#39;eres</span> <span class='ocrx_word' id='word_1_326' title='bbox 583 2338 744 2384; x_wconf 91' lang='lat' dir='ltr'>quinque</span> <span class='ocrx_word' id='word_1_327' title='bbox 767 2343 912 2383; x_wconf 86' lang='lat' dir='ltr'>quartas</span> <span class='ocrx_word' id='word_1_328' title='bbox 931 2343 1056 2370; x_wconf 87' lang='lat' dir='ltr'>terrae.</span> <span class='ocrx_word' id='word_1_329' title='bbox 1080 2336 1168 2369; x_wconf 90' lang='lat' dir='ltr'>Item</span> <span class='ocrx_word' id='word_1_330' title='bbox 1182 2363 1190 2379; x_wconf 85' lang='lat'>,</span> <span class='ocrx_word' id='word_1_331' title='bbox 1213 2336 1250 2369; x_wconf 91' lang='lat' dir='ltr'>in</span> <span class='ocrx_word' id='word_1_332' title='bbox 1268 2337 1344 2370; x_wconf 74' lang='lat' dir='ltr'>vico</span> <span class='ocrx_word' id='word_1_333' title='bbox 1365 2336 1401 2370; x_wconf 89' lang='lat' dir='ltr'>S.</span> <span class='ocrx_word' id='word_1_334' title='bbox 1427 2336 1568 2370; x_wconf 87' lang='lat' dir='ltr'>Martini</span> <span class='ocrx_word' id='word_1_335' title='bbox 1589 2350 1608 2369; x_wconf 69' lang='lat' dir='ltr'>x</span> 
     </span>
    </p>
   </div>
   <div class='ocr_carea' id='block_1_3' title="bbox 133 2475 1299 2552">
    <p class='ocr_par' dir='ltr' id='par_1_3' title="bbox 133 2475 1299 2552">
     <span class='ocr_line' id='line_1_34' title="bbox 133 2475 1299 2515; baseline -0.004 -10"><span class='ocrx_word' id='word_1_336' title='bbox 133 2478 141 2496; x_wconf 90' lang='lat'>¹</span> <span class='ocrx_word' id='word_1_337' title='bbox 165 2478 194 2505; x_wconf 93' lang='lat' dir='ltr'>In</span> <span class='ocrx_word' id='word_1_338' title='bbox 208 2478 277 2505; x_wconf 80' lang='lat' dir='ltr'>valle</span> <span class='ocrx_word' id='word_1_339' title='bbox 289 2478 429 2515; x_wconf 66' lang='lat' dir='ltr'>D’Orqw,</span> <span class='ocrx_word' id='word_1_340' title='bbox 445 2478 471 2504; x_wconf 90' lang='lat' dir='ltr'>in</span> <span class='ocrx_word' id='word_1_341' title='bbox 483 2477 617 2504; x_wconf 89' lang='lat' dir='ltr'>suburbio</span> <span class='ocrx_word' id='word_1_342' title='bbox 631 2477 747 2503; x_wconf 84' lang='lat' dir='ltr'>Tornac.</span> <span class='ocrx_word' id='word_1_343' title='bbox 914 2476 927 2494; x_wconf 76' lang='lat'>3</span> <span class='ocrx_word' id='word_1_344' title='bbox 947 2476 1026 2502; x_wconf 85' lang='lat' dir='ltr'>Deest</span> <span class='ocrx_word' id='word_1_345' title='bbox 1042 2475 1145 2510; x_wconf 83' lang='lat' dir='ltr'>aliquid</span> <span class='ocrx_word' id='word_1_346' title='bbox 1159 2475 1185 2500; x_wconf 89' lang='lat' dir='ltr'>in</span> <span class='ocrx_word' id='word_1_347' title='bbox 1197 2475 1299 2501; x_wconf 85' lang='lat' dir='ltr'>codice.</span> 
     </span>
     <span class='ocr_line' id='line_1_35' title="bbox 134 2524 600 2552; baseline -0.006 0"><span class='ocrx_word' id='word_1_348' title='bbox 134 2524 147 2543; x_wconf 81' lang='lat'>²</span> <span class='ocrx_word' id='word_1_349' title='bbox 164 2525 266 2552; x_wconf 74' lang='lat' dir='ltr'>Deesse</span> <span class='ocrx_word' id='word_1_350' title='bbox 281 2525 324 2551; x_wconf 84' lang='lat' dir='ltr'>bic</span> <span class='ocrx_word' id='word_1_351' title='bbox 338 2525 467 2551; x_wconf 82' lang='lat' dir='ltr'>videntur</span> <span class='ocrx_word' id='word_1_352' title='bbox 484 2525 600 2550; x_wconf 87' lang='lat' dir='ltr'>numeri.</span> 
     </span>
    </p>
   </div>
  </div>
 </body>
</html>
