2137 3131
399 362 469 397 918
1001 347 1290 386 APPENDICES.

401 480 458 496 sum
473 469 583 495 fratrom
596 466 727 492 Ilazonem
737 483 743 491 ,
755 466 881 488 curatum
893 459 926 486 de
939 456 1054 484 l’amella
1065 462 1091 482 et
1105 455 1266 482 canonicum
1278 454 1452 481 Ninivensem
1465 475 1472 487 ‚
1484 454 1518 480 de
1529 463 1666 481 consensu
1680 459 1707 481 et
1719 455 1861 482 voluntate
1874 456 1918 482 ab·

403 517 472 543 batis
487 513 635 542 Ninivensis
649 517 676 537 et
691 509 811 544 ejusdem
825 508 876 534 loci
891 511 1041 533 conventus
1052 525 1058 537 ‚
1075 509 1101 530 et
1116 504 1187 530 inter
1203 503 1291 538 ipsum
1309 502 1435 529 abbatem
1451 507 1479 528 et
1494 507 1660 529 conventum
1679 502 1802 537 ejusdem
1821 503 1872 530 loci
1885 513 1918 530 ex

403 574 453 591 una
473 567 565 598 parte.
585 565 611 585 et
630 559 784 593 magistram
795 577 801 587 ,
817 556 916 581 iratres
935 558 961 580 et
979 561 1088 579 sorores
1102 551 1245 587 hospitalis
1260 550 1288 577 S.
1308 550 1442 577 Johannis
1455 550 1482 576 in
1499 549 1626 576 Bruxella
1639 571 1646 584 ‚
1668 559 1700 576 ex
1716 550 1818 583 altera,
1834 559 1918 586 super

401 610 508 637 decimis
520 607 653 633 novalium
665 603 835 630 existentium
850 601 920 627 inl'ra
933 600 1031 626 dictam
1047 598 1202 634 parochiam
1216 599 1249 625 de
1260 598 1365 624 Pamela
1375 618 1382 630 ‚
1399 598 1425 623 in
1437 596 1513 623 curia
1526 596 1714 623 Cameracensi
1725 617 1732 629 ‚
1745 596 1841 624 fuisset
1854 597 1918 624 alle-

402 663 491 692 patum
500 676 506 685 5
521 653 627 680 tandem
639 651 672 677 ad
684 648 884 686 procedendum
896 669 902 679 ,
918 647 1058 673 laboribus
1070 651 1097 672 et
1111 646 1237 681 expensis
1249 645 1313 672 hinc
1325 644 1387 671 inde
1398 644 1432 670 de
1446 643 1559 670 consilio
1571 644 1721 679 proborum
1733 644 1821 671 dictae
1832 645 1918 680 partis

401 681 452 730 lide
466 701 567 728 media,
583 705 609 725 ct
623 699 674 725 sub
697 706 782 733 poena
801 696 939 731 sexaginta
958 694 1089 720 librarum
1111 694 1319 728 parisiensium,
1340 692 1439 727 partim
1459 691 1552 718 curiae
1569 690 1756 718 cameracensi
1776 696 1804 718 et
1818 692 1918 727 partim

401 751 469 786 parti
488 747 642 775 observanti
660 744 858 772 ordinationem
879 747 1000 768 nostram
1013 751 1027 767 a
1039 746 1116 776 parte
1136 741 1306 767 transiliente
1327 739 1550 771 reddendarum,
1572 739 1739 766 ordinationi
1759 744 1870 766 nostrae
1890 749 1919 766 se

401 801 547 833 spontanee
560 796 778 829 supposuerunt7
795 790 908 816 firmiter
924 794 950 815 et
963 788 1159 814 inviolabiliter
1176 788 1324 814 observare
1344 787 1554 822 promittentes,
1573 786 1626 812 sub
1641 786 1789 822 praedictis
1805 786 1920 813 fideida-

401 843 519 870 tionibus
532 847 669 876 etpumia,
680 837 813 874 quidquid
828 846 876 872 per
887 846 935 862 nos
947 834 1116 870 superdictis
1126 834 1238 860 decimis
1245 833 1382 860 novalium
1393 833 1478 859 suerit
1490 832 1658 859 ordinatum.
1668 833 1722 860 Nos
1730 834 1825 870 igitur,
1835 843 1919 860 onere

402 892 488 917 dictae
502 887 681 915 ordinationis
694 887 720 911 in
736 876 784 910 nos
798 888 936 919 suscepto,
951 882 985 908 de
999 882 1111 908 consilio
1123 881 1273 917 proborum
1287 881 1491 913 ordinavim118‚
1501 889 1596 906 omues
1608 880 1726 907 decimas
1739 881 1851 908 novales
1861 882 1918 916 jam

400 943 472 964 ortas
490 936 634 962 existentes
649 932 718 959 inst-a
733 931 886 967 portionem
901 930 1076 965 antiquarum
1089 929 1256 955 decimarum
1269 933 1295 955 et
1308 928 1490 964 pertinentem
1504 928 1537 954 ad
1548 927 1684 963 hospitale
1697 928 1728 954 Β.
1743 928 1878 955 Johannis
1890 929 1918 956 in

401 984 524 1012 Bruxella
534 1005 541 1015 ‚
556 982 627 1009 infra
642 980 768 1017 parochia
783 979 816 1005 de
829 978 944 1004 pamella
961 977 995 1003 ad
1007 977 1109 1003 dictum
1122 976 1258 1012 hospitale
1274 986 1335 1002 cum
1350 976 1462 1002 decimis
1473 976 1594 1011 antiquis
1605 996 1612 1008 ‚
1627 984 1696 1010 quas
1709 975 1813 1002 dictum
1826 976 1920 1012 hospi-

400 1033 453 1059 tale
473 1032 602 1058 hactenus
619 1028 742 1065 percepit
759 1028 784 1053 in
799 1031 964 1062 perpetuum
979 1026 1135 1061 pertinere⁷
1153 1025 1190 1051 ita
1209 1029 1298 1051 tamen
1317 1024 1392 1060 quod
1406 1023 1509 1049 dietum
1527 1022 1663 1059 hospitale
1677 1024 1784 1050 ratione
1803 1033 1920 1059 percep-

401 1079 481 1106 tionis
491 1079 626 1104 dictorum
639 1075 774 1102 novalium
787 1079 883 1101 curato
894 1073 928 1099 de
937 1072 1055 1098 Pamella
1068 1077 1095 1098 et
1108 1072 1164 1098 suis
1175 1071 1380 1098 successoribus
1394 1070 1520 1106 quolibet
1529 1080 1601 1096 anno
1613 1071 1639 1096 in
1653 1076 1818 1106 perpetuum
1827 1091 1834 1103 ‚
1847 1070 1920 1097 infra

402 1129 498 1154 festum
509 1126 580 1152 beati
594 1124 718 1151 Andreae
734 1128 760 1149 et
775 1122 865 1148 natale
877 1121 985 1147 Domini
998 1125 1118 1155 quatuor
1131 1119 1235 1145 modios
1248 1124 1275 1146 et
1288 1119 1430 1145 dimidium
1441 1139 1448 1151 ‚
1462 1118 1600 1144 mediatim
1614 1118 1729 1154 siliginis
1743 1123 1771 1144 et
1781 1118 1919 1145 mediatim

402 1183 514 1205 avenae,
528 1173 561 1198 ad
577 1181 729 1198 mensuram
743 1170 776 1197 de
786 1169 904 1196 Pamella
915 1168 949 1194 de
963 1167 1144 1203 proventibus
1158 1167 1279 1193 decimae
1290 1166 1448 1202 praedictae
1461 1166 1494 1192 ad
1508 1166 1650 1202 grangiam
1663 1166 1750 1202 ipsius
1760 1165 1917 1202 hospitalis,

402 1222 449 1248 ubi
470 1221 540 1247 dicta
559 1220 661 1246 decima
680 1218 835 1254 colligitur,
855 1216 1003 1252 persolvet.
1024 1215 1054 1241 Iu
1074 1215 1153 1249 cujus
1171 1215 1211 1241 rei
1228 1215 1414 1241 testimonium
1430 1219 1458 1240 et
1478 1214 1618 1240 munimen
1635 1219 1795 1249 praesentes
1814 1213 1921 1240 litteras

403 1268 546 1304 praedictis
564 1267 689 1303 partibus
707 1265 858 1301 sigillorum
873 1263 1023 1290 munimine
1037 1262 1204 1289 contulimus
1220 1262 1376 1288 roboratas.
1396 1261 1429 1287 Et
1444 1261 1518 1297 quod
1538 1270 1589 1297 ego
1607 1261 1741 1288 Hem-icus
1752 1282 1759 1292 ‚
1773 1261 1922 1288 canonicus

404 1316 567 1345 Ninivensis,
584 1314 700 1351 sigillum
719 1318 880 1348 perpetuum
895 1321 948 1337 non
962 1310 1051 1336 habeo
1062 1331 1069 1343 ‚
1089 1315 1154 1336 utor
1171 1309 1260 1346 sigillo
1273 1309 1418 1336 reverendi
1437 1309 1523 1344 patris
1538 1308 1591 1334 mei
1603 1308 1712 1334 abbatis
1727 1308 1881 1335 Ninivensis
1892 1309 1919 1334 in

405 1364 454 1389 hac
465 1368 551 1398 parte.
564 1362 662 1388 Datum
677 1370 748 1387 anno
762 1359 868 1386 Domini
881 1357 995 1385 MCCLX
1006 1379 1012 1389 ,
1026 1367 1117 1384 mense
1132 1357 1227 1383 Junio.

1480 1402 1612 1427 Cartulaire
1623 1402 1652 1426 de
1665 1402 1774 1427 Malines.

1077 1674 1242 1708 CCXXX.

412 1777 614 1821 Godefi‘oicl‚
634 1779 702 1811 sire
732 1776 772 1810 (Ie
796 1776 939 1811 Perwez
961 1782 994 1810 et
1012 1775 1053 1809 de
1077 1775 1326 1823 Gm'mheoyhe,
1351 1774 1518 1821 confirmo
1538 1787 1591 1808 ‘un
1614 1775 1744 1809 accord
1757 1776 1829 1820 fait
1847 1789 1922 1824 par

599 1836 749 1870 arbitres
765 1841 861 1869 entre
879 1835 1036 1881 l'ahlmye
1051 1841 1083 1869 et
1095 1835 1123 1869 le
1136 1837 1206 1869 sire
1223 1835 1264 1869 cle
1283 1833 1721 1881 Ledeheryhe.—PAMELE.

1058 2021 1075 2042 Α
1084 2019 1179 2043 Pamele
1187 2037 1193 2045 ,
1209 2019 1281 2043 1260.

447 2091 502 2127 Ego
515 2090 678 2117 Godesridus
692 2090 726 2117 de
737 2090 871 2126 Pyerweis
883 2097 909 2118 et
923 2091 956 2118 de
971 2091 1140 2127 Grimbergis
1151 2091 1278 2118 dominus
1290 2112 1297 2124 ,
1312 2097 1407 2118 notum
1423 2092 1492 2118 facio
1505 2097 1560 2118 tam
1578 2092 1771 2127 praesentibus
1783 2101 1865 2128 quam
1880 2092 1924 2119 su-

409 2138 476 2163 turis
497 2138 523 2163 in
546 2143 727 2173 perpetuum,
745 2138 819 2174 quod
839 2148 900 2165 cum
921 2139 993 2165 inter
1012 2139 1086 2165 viros
1105 2139 1249 2175 religiosos
1268 2139 1395 2166 abbatem
1412 2145 1439 2166 et
1455 2145 1620 2166 conventum
1636 2140 1809 2167 Ninivensem
1823 2150 1855 2167 ex
1870 2150 1924 2167 una

410 2189 501 2218 [ηε-ιε,
524 2189 550 2210 et
565 2184 746 2217 Willelmum,
764 2184 902 2211 dominum
918 2185 951 2212 de
972 2185 1151 2222 Ledebergha
1170 2195 1202 2212 ex
1219 2186 1323 2218 altera,
1345 2196 1429 2222 super
1448 2187 1564 2214 diversis
1576 2187 1698 2223 querelis
1715 2196 1748 2214 ex
1765 2192 1845 2223 parte
1858 2187 1924 2214 dicti

410 2232 536 2258 willelmi
554 2238 650 2259 contra
667 2233 766 2259 dictam
786 2233 927 2260 ecclesiam
943 2233 1115 2260 Ninivensem
1131 2235 1226 2266 motis,
1246 2235 1433 2261 controversia
1450 2235 1565 2261 difficilis
1581 2240 1609 2262 et
1625 2235 1731 2262 diutina
1746 2240 1922 2268 moveretur,

410 2279 533 2305 videlicet
548 2289 631 2314 super
646 2279 809 2315 quibusdam
824 2280 1040 2315 possessionibus
1050 2301 1057 2313 ‚
1079 2286 1131 2307 tam
1144 2286 1233 2307 terrae
1247 2282 1359 2308 arabilis
1375 2287 1402 2308 et
1416 2282 1551 2318 pascualis
1562 2291 1643 2318 quam
1655 2287 1797 2318 pratorum
1807 2304 1814 2315 ‚
1827 2283 1854 2309 in
1868 2288 1925 2310 ter-

413 2326 507 2352 ritorio
521 2326 621 2352 domini
632 2326 666 2353 de
678 2326 837 2363 Ledeberylte
847 2327 1012 2361 jacentium,
1027 2333 1054 2354 et
1073 2329 1106 2354 ad
1119 2329 1258 2355 ecclesiam
1270 2330 1442 2357 ninivensem
1454 2331 1636 2366 spectantium
1649 2352 1656 2364 ‚
1673 2340 1744 2367 quae
1755 2331 1819 2358 olim
1833 2329 1927 2358 Obstat

410 2371 583 2405 dicebantur,
603 2383 670 2408 quas
681 2375 866 2408 possessiones
882 2374 953 2401 dicta
964 2374 1077 2401 ecclesia
1091 2376 1189 2410 partim
1201 2377 1347 2412 emptionis
1365 2377 1446 2403 titulo
1460 2387 1526 2414 erga
1536 2383 1625 2405 certas
1639 2387 1670 2404 ac
1684 2378 1819 2415 legitimas
1832 2387 1925 2414 perso—

412 2428 469 2449 nas,
479 2420 575 2453 parlim
586 2429 601 2445 a
613 2420 750 2446 tutoribus
758 2420 830 2447 dicto
838 2421 987 2454 Willelmo⁷
999 2431 1058 2447 cum
1068 2422 1165 2449 orbato
1176 2429 1254 2458 patre
1261 2423 1351 2450 adime
1359 2425 1385 2450 in
1397 2430 1486 2451 aetate
1497 2425 1633 2461 pupillare
1643 2426 1788 2458 existeret,
1800 2425 1925 2462 legaliter

411 2465 547 2500 deputatis
558 2487 564 2498 ‚
582 2475 715 2494 consensu
730 2469 810 2494 etiam
829 2468 930 2496 domini
946 2470 1096 2505 superioris
1112 2470 1199 2498 bonae
1214 2473 1360 2499 memoriae
1375 2472 1515 2500 Godefridi
1529 2473 1667 2509 quondam
1681 2473 1715 2500 de
1726 2473 1829 2500 Perwes
1845 2478 1872 2499 et
1889 2473 1924 2499 de
