2137 3131
494 395 564 431 656
834 390 1009 426 CORPUS
1035 388 1365 424 CHRONICORUM
1394 389 1655 424 FLANDRIAE.

495 502 648 536 Alvcrnis
662 500 787 534 urbem
802 499 912 545 capit,
930 498 1100 531 Bituricas
1113 509 1257 543 quoque
1270 497 1395 530 urbem
1410 497 1502 542 cepit
1515 503 1550 529 et
1563 503 1701 543 captam
1716 498 1878 531 munivit.
1895 498 1997 533 Sanc-

494 567 549 594 tus
564 558 756 605 Gengulfus
775 558 810 590 in
824 555 1030 604 Burgundia
1045 568 1064 589 a
1082 555 1239 602 quodam
1256 555 1382 589 clerico
1397 556 1514 589 uxoris
1527 567 1609 589 suae
1624 563 1890 602 constupratore
1909 557 1995 591 clam

494 617 677 664 perimitur
691 616 724 661 iij
741 615 819 649 idus
833 615 932 658 Maii7
949 615 985 648 in
999 614 1100 659 cujus
1115 614 1283 647 ultionem
1300 613 1393 647 idem
1408 614 1571 657 clericus7
1590 613 1676 648 dum
1692 621 1848 647 ventrem
1866 627 1997 663 purga-

494 684 565 719 ret.¹
588 681 627 708 ut
649 675 770 717 Arius7
795 673 921 707 effudit
938 673 1081 706 viscera.
1105 673 1131 706 A
1151 672 1379 706 Constantino
1397 672 1498 705 multi
1518 684 1582 718 pro
1600 672 1804 707 defensione
1820 685 1997 707 sacrarum

494 734 685 781 imaginum
705 732 923 766 decertantes
947 731 1155 777 martyrium
1178 732 1387 777 suscipiunt.
1415 731 1521 765 Turci
1545 743 1564 764 a
1587 731 1716 777 Caspiis
1743 733 1851 777 portis
1877 744 1998 765 erum-

493 799 629 838 pentes,
652 791 851 825 Armeniam
867 790 1051 831 infestantg
1068 790 1122 823 isti
1138 790 1173 822 in
1188 789 1334 823 modum
1355 789 1468 823 crucis
1487 789 1736 833 attondentur7
1759 791 1841 836 quia
1856 802 1918 835 per
1931 789 2000 824 hoc

493 852 631 899 signum
651 851 686 883 in
701 862 823 884 eorum
839 849 950 895 patria
969 855 1087 882 exorta
1103 848 1248 882 cessavit
1266 848 1473 894 pestilentia.

541 910 642 943 Anno
667 908 804 942 Domini
824 906 1033 949 DCCLXIV,
1057 907 1137 954 gelu
1157 919 1325 954 inagnum
1345 918 1363 939 a
1381 905 1448 939 kal.
1471 906 1634 940 Octobris
1652 919 1714 953 per
1732 908 1890 953 quinque
1912 918 1999 941 con-

491 969 608 1002 tinuos
624 978 759 1000 menses
777 966 895 999 omnia
914 965 1132 999 constrinxit.
1157 964 1281 998 Stellae
1299 977 1444 1011 quoque
1470 965 1587 999 subito
1607 965 1698 998 visae
1721 964 1765 998 de
1785 965 1882 999 coelo
1906 966 1999 999 ceci-

492 1027 583 1060 disse
609 1027 654 1060 ita
677 1037 799 1059 omnes
823 1030 1087 1066 exterruerunt7
1116 1029 1156 1056 ut
1180 1029 1345 1068 putarent
1367 1022 1486 1057 adesse
1510 1023 1602 1056 diem
1625 1023 1803 1057 ultimum.
1832 1024 2003 1070 Pippinus

492 1099 552 1120 rex
570 1098 610 1119 ex
629 1096 756 1132 magna
775 1089 872 1129 parte
893 1083 1115 1129 Aquitaniam
1129 1082 1194 1115 sibi
1214 1082 1391 1129 subjugat.
1411 1082 1451 1115 ln
1470 1081 1569 1128 Syria
1588 1082 1725 1116 civitate
1745 1082 1861 1116 Berito
1874 1081 1998 1116 Judaei

492 1145 680 1192 imaginem
697 1142 823 1176 Christi
838 1141 1043 1186 injuriantes
1054 1168 1062 1184 7
1080 1141 1184 1174 etiam
1200 1140 1318 1174 lancea
1335 1141 1422 1173 latus
1437 1147 1670 1186 aperuerunt‚
1691 1140 1735 1173 de
1750 1153 1822 1186 quo
1837 1153 1918 1174 mox
1932 1141 2000 1174 exi-

492 1204 541 1237 vit
566 1202 706 1250 sanguis
732 1207 766 1234 et
787 1212 900 1246 aqua,
926 1211 998 1245 quo
1021 1211 1103 1232 cum
1125 1211 1247 1232 omnes
1270 1199 1476 1246 languentes
1497 1205 1724 1232 sanarentur.
1749 1198 1872 1232 Judaei
1893 1197 2000 1232 fidem

494 1261 620 1296 Christi
643 1265 884 1305 susceperunt.
912 1258 984 1292 Hoc
1006 1264 1165 1303 tempore
1186 1257 1396 1290 transfertur
1416 1263 1522 1303 caput
1547 1257 1716 1290 Johannis
1741 1257 1916 1302 Baptistae
1938 1268 2001 1302 per

494 1320 703 1353 Felicianum
723 1317 936 1351 monachum
956 1317 1001 1350 ab
1021 1315 1226 1349 Alexandria
1245 1317 1280 1348 in
1300 1316 1523 1362 Aquitaniam
1536 1343 1543 1348 .
1565 1315 1610 1349 ad
1628 1316 1728 1361 cujus
1750 1316 1999 1361 repositionem

495 1379 666 1425 Pippinus
692 1389 750 1410 rex
782 1376 949 1409 exstruxit
974 1376 1184 1409 coenobium
1212 1375 1354 1422 angelis.
1384 1375 1492 1408 Paulo
1516 1387 1605 1420 papa
1636 1382 1799 1408 mortuo.
1828 1374 2000 1408 Constan-

495 1438 588 1471 tinus
615 1434 758 1482 quidam
791 1434 907 1467 subito
933 1433 1094 1467 sacerdos
1119 1433 1301 1467 ordinatus
1327 1445 1367 1466 ex
1394 1433 1480 1466 la'ico
1505 1439 1673 1479 papatum
1700 1432 1850 1475 invadit„
1875 1439 1999 1466 contra

495 1507 600 1542 quem
624 1493 806 1538 Philippus
830 1504 918 1537 papa
946 1492 1189 1534 constituitur,
1222 1491 1282 1525 sed
1309 1504 1379 1525 non
1407 1491 1518 1525 multo
1540 1498 1619 1537 post
1646 1491 1848 1536 deponitur.
1880 1491 1999 1538 Longa

495 1553 671 1587 contentio
695 1552 785 1584 inter
812 1550 1005 1595 Pippinum
1028 1557 1062 1583 et
1080 1550 1297 1592 Whil'erunu
1324 1550 1480 1583 Waifero
1505 1550 1540 1582 in
1563 1550 1710 1597 gratiam
1732 1549 1872 1595 Pippini
1890 1561 1910 1582 a
1928 1549 1998 1583 suis

495 1617 676 1657 perempto
689 1636 697 1651 a.
719 1608 861 1649 finitur,
880 1614 915 1640 et
937 1620 1008 1641 non
1028 1607 1139 1641 multo
1160 1614 1239 1653 post
1258 1608 1429 1654 Pippinus
1449 1607 1609 1641 moritur.

1062 1746 1114 1781 De
1132 1747 1191 1781 Ka
1197 1747 1265 1781 rolo
1284 1746 1328 1781 M
1326 1759 1426 1794 aquo.

543 1850 643 1883 Anno
669 1847 883 1891 DCCLXIX„
911 1847 1068 1881 succedit
1093 1848 1124 1881 ei
1150 1847 1241 1881 filius
1272 1847 1438 1890 Karolus,
1468 1859 1532 1893 pro
1558 1847 1731 1882 felicitatis
1757 1847 2000 1895 magnitudine

494 1907 642 1955 Magnus
659 1906 790 1940 dictus.
810 1913 844 1940 et
862 1906 1020 1954 regnavit
1034 1906 1133 1939 annis
1147 1906 1226 1951 xlvj.
1247 1905 1476 1940 Constantino
1495 1918 1586 1951 papa¹
1603 1906 1712 1939 oculis
1730 1906 1865 1951 privato
1878 1918 2000 1940 succe—

495 2024 722 2058 Constantino
732 2023 892 2057 ordinata
902 2030 936 2057 et
949 2030 1150 2057 consecrata
1160 2024 1257 2057 irrita
1267 2030 1381 2057 essent
1392 2050 1399 2056 .
1418 2029 1557 2069 praeter
1565 2023 1780 2069 baptismum
1789 2029 1824 2056 et
1832 2022 1997 2065 chrisma,

495 2090 529 2116 et
548 2083 768 2129 presbyteros
788 2089 849 2116 aut
866 2081 1059 2116 reordinari
1078 2089 1139 2116 aut
1158 2095 1230 2116 esse
1248 2082 1485 2123 in01-dina1053
1506 2082 1765 2115 venerationem
1784 2093 1928 2127 quoque
1944 2093 2000 2115 sa-

495 2153 634 2175 crarum
652 2142 847 2189 imaginum
867 2142 1052 2175 confirmat
1069 2148 1101 2175 et
1120 2141 1362 2187 profanatores
1380 2140 1536 2174 damnat.

544 2201 643 2234 Anno
663 2199 875 2243 DCCLXXI,
895 2199 1144 2233 Constantinus
1169 2200 1360 2246 imperator
1383 2199 1529 2233 omnino
1549 2211 1568 2231 a
1588 2198 1659 2231 Deo
1678 2209 1818 2231 aversus
1839 2203 1999 2231 sanctum

497 2257 713 2304 Stephanum
728 2270 855 2304 papam
865 2270 927 2304 per
941 2258 973 2291 lx
987 2270 1097 2291 annos
1107 2258 1282 2292 inclusum
1294 2257 1531 2291 excruciatum
1548 2263 1659 2290 necat.
1678 2255 1840 2290 Sanctam
1855 2255 1999 2289 Mariam

497 2316 557 2349 Dei
576 2316 779 2363 genitricem
797 2329 867 2350 non
886 2315 1098 2355 vocandamq
1120 2328 1261 2350 crucem
1280 2315 1408 2349 Christi
1428 2327 1498 2348 non
1518 2313 1773 2357 venerandam,
1798 2320 1998 2347 sanctorum

498 2374 659 2420 reliquias
674 2387 745 2408 non
762 2373 1003 2408 celebrandas.
1026 2386 1090 2408 nec
1107 2373 1308 2421 quaerenda
1326 2373 1517 2419 patrocinia
1528 2400 1537 2415 7
1560 2378 1778 2406 sacramento
1795 2377 1996 2417 extorquet,
2036 2372 2040 2376 '

498 2438 531 2464 et
552 2433 643 2465 ultra
662 2444 769 2478 quam
792 2432 918 2480 pagani
940 2433 976 2465 in
1002 2444 1123 2466 necem
1147 2439 1349 2466 sanctorum
1371 2431 1550 2477 impietate
1570 2431 1689 2464 saevit.
1714 2430 1859 2463 Karolus
1878 2441 1999 2462 omnes

500 2490 689 2534 Aquitanos
703 2496 737 2523 et
746 2490 979 2524 lVasconesin
995 2489 1211 2524 deditionem
1227 2490 1353 2536 accipit
1363 2516 1372 2532 a
1389 2496 1423 2523 et
1436 2489 1485 2523 sic
1499 2488 1749 2535 Aquitanicum
1762 2487 1893 2520 bellum
1905 2487 1995 2520 finit.
