2137 3131
415 337 483 370 2366
1017 325 1306 363 APPENDICES.

1107 466 1225 501 CLXI.

420 577 584 615 (iossm'n,
603 573 713 619 (loyen
719 599 729 615 ,
745 578 777 606 et
791 576 864 605 tout
877 569 905 603 le
918 568 1076 615 elzapz'tre
1089 568 1131 602 de
1148 567 1183 601 F
1181 567 1303 602 laumas
1309 594 1320 610 ,
1335 566 1513 601 declarent
1526 578 1591 613 que
1604 567 1633 601 le
1646 567 1736 601 clero
1753 565 1873 601 Raoul
1886 566 1928 600 de

467 632 566 666 Colles
582 644 605 665 a
622 630 740 665 donne'
755 643 798 664 en
814 630 892 663 lem·
906 626 1073 675 presence
1095 625 1118 660 ἀ
1135 626 1292 673 l'abbaye
1311 639 1381 660 une
1402 624 1496 659 dimo
1519 631 1552 660 et
1567 626 1731 673 quelques
1753 624 1929 671 offiandes

462 692 526 735 qni
539 690 593 723 lm·
606 691 882 736 appartc'emzent
897 684 920 719 ἁ
938 683 1354 727 Houclzaz'n—sur-lllont,
1373 690 1485 730 etque
1503 683 1661 731 l’ahhaye
1679 684 1733 718 ἰαί
1747 697 1769 718 a
1778 711 1789 726 ,
1808 696 1853 718 en
1869 696 1929 718 re-

463 755 542 781 tonr
549 774 559 790 ,
575 746 750 780 assure'sa
763 748 813 779 vie
826 745 964 779 durant
976 756 1030 777 un
1041 743 1111 777 don
1125 742 1262 776 annual
1272 742 1313 776 de
1326 742 1421 777 deux
1434 754 1590 777 mesures
1603 742 1644 776 de
1660 742 1759 790 sezyle
1775 747 1808 776 et
1819 741 1927 776 d'une

462 806 630 839 (famine.
643 825 690 829 —
702 804 901 838 Rmmnsanr.

1134 959 1207 982 1250.

456 1033 590 1059 l'niversis
601 1032 699 1059 Christi
711 1032 839 1058 fidelibus
850 1038 903 1058 tam
917 1031 1109 1067 praesentibus
1122 1040 1204 1066 quam
1220 1029 1321 1057 futuris
1331 1051 1338 1063 ‚
1354 1030 1490 1057 Gosuinus
1499 1051 1506 1064 ‚
1517 1031 1638 1057 decanus
1650 1051 1656 1063 ‚
1673 1035 1817 1066 totumque
1827 1032 1932 1066 capitu·

417 1082 470 1106 lum
485 1081 630 1106 Fleruense
641 1100 648 1112 ‚
665 1080 779 1107 salntem
794 1080 820 1106 in
832 1080 953 1105 omnium
965 1079 1118 1105 Salvatore.
1134 1078 1312 1105 Universitati
1326 1083 1434 1105 vestrae
1448 1083 1543 1104 tenore
1558 1078 1743 1114 praesentium
1759 1077 1931 1105 declaramus

419 1126 489 1161 quod
501 1126 676 1162 Radulphus,
689 1126 805 1153 clericus
817 1126 851 1152 de
862 1125 946 1158 Cella,
957 1126 984 1152 in
999 1130 1092 1152 nostra
1104 1125 1258 1161 praesentia
1269 1125 1436 1151 constitutus
1448 1125 1592 1161 quamdam
1603 1125 1734 1152 decimam
1745 1134 1807 1151 cum
1820 1125 1934 1161 quibus-

418 1175 475 1200 ·lam
485 1173 668 1199 oblationibus
676 1173 748 1209 apud
758 1173 896 1199 Houllzm'n
905 1173 932 1199 in
943 1173 1036 1199 Monte
1043 1193 1050 1205 ‚
1061 1182 1143 1208 quam
1153 1172 1284 1198 decimam
1293 1171 1471 1199 contulerunt
1480 1172 1567 1198 eidem
1576 1172 1603 1198 in
1612 1177 1773 1208 perpetuam
1782 1172 1931 1208 eleemosy—

419 1231 477 1247 nam
489 1230 577 1246 coram
588 1220 665 1247 nobis
676 1230 725 1256 pro
738 1221 888 1246 animarum
902 1229 1013 1246 suarum
1026 1220 1148 1246 remedio
1158 1220 1259 1246 Paulus
1271 1219 1304 1246 de
1315 1219 1387 1246 Cella
1397 1240 1404 1253 ‚
1420 1219 1580 1255 Arnulphus
1592 1219 1694 1252 Rufus,
1707 1219 1824 1253 Mabffis,
1839 1219 1930 1251 osilia,

419 1268 473 1293 (Ma
484 1290 490 1293 .
507 1267 633 1293 mulieres
647 1268 680 1293 de
694 1267 846 1299 Houtlzain,
862 1267 947 1293 libere
961 1272 989 1293 et
1004 1267 1129 1293 absolute
1147 1267 1173 1293 in
1193 1271 1356 1302 perpetuam
1370 1266 1569 1302 eleemosynam
1584 1266 1715 1293 ecclesiae
1729 1266 1846 1293 contulit
1859 1267 1933 1294 Nini-

420 1316 490 1341 vvnsi
504 1326 509 1348 ς
527 1316 583 1351 ipsa
598 1324 662 1341 vero
676 1315 827 1341 Ninivensis
840 1314 953 1341 ecclesia
966 1319 997 1340 ut
1011 1314 1126 1350 gratiam
1145 1324 1195 1350 pro
1209 1315 1298 1351 gratia
1314 1319 1520 1350 recompenset,
1533 1314 1569 1340 ob
1587 1314 1671 1348 hujus
1686 1314 1812 1341 beneficii
1826 1324 1934 1341 recom-

421 1363 602 1396 pensationem
613 1383 619 1394 ‚
640 1367 694 1388 tres
710 1362 812 1388 modios
830 1371 954 1388 annonae
964 1383 971 1395 ‚
986 1362 1056 1388 duos
1069 1361 1197 1388 videlicet
1211 1361 1326 1397 siliginis
1340 1367 1367 1388 et
1387 1362 1499 1388 tertium
1511 1371 1612 1388 avenae
1625 1361 1659 1387 ad
1673 1371 1829 1388 mensuram
1843 1362 1933 1389 Nivel-

419 1410 534 1441 mosem,
557 1409 644 1436 eidem
662 1410 694 1436 R.
714 1409 832 1442 clerico,
854 1410 969 1446 singulis
989 1410 1067 1436 annis
1084 1409 1175 1446 quoad
1194 1410 1292 1436 vixerit
1313 1409 1388 1445 apud
1408 1409 1554 1442 ffivellam,
1576 1408 1647 1435 infra
1669 1409 1759 1436 natale
1777 1409 1886 1436 Domini
1904 1415 1932 1436 et

420 1457 634 1491 purificationem
646 1457 741 1483 heatae
749 1458 883 1494 Virginis,
901 1457 997 1483 statuit
1009 1456 1202 1484 conferendos.
1217 1457 1254 1484 Ut
1267 1462 1358 1484 autem
1372 1466 1404 1483 ea
1417 1466 1488 1492 quae
1502 1457 1651 1492 praemissa
1663 1461 1728 1483 sunt
1737 1477 1745 1490 7
1761 1457 1839 1483 firma
1853 1461 1881 1484 et
1891 1457 1932 1484 in-

418 1512 546 1529 concussa
559 1509 749 1539 permaneant,
765 1505 798 1531 ad
812 1505 972 1540 petitionem
991 1505 1110 1540 partium
1125 1514 1254 1540 praesens
1271 1504 1405 1540 scriptum
1421 1504 1575 1540 sigillorum
1589 1509 1749 1531 nostrorum
1763 1504 1931 1541 appensione

419 1551 571 1577 studuimus
584 1551 724 1579 roborare.
739 1552 834 1579 Actum
848 1561 919 1579 anno
932 1552 1037 1589 gratiae
1049 1552 1190 1579 MCCXXX
1199 1573 1206 1585 ‚
1222 1562 1314 1579 mense
1329 1552 1425 1579 Junio.

1440 1618 1563 1650 Original.
1577 1625 1663 1643 sceaux
1674 1619 1783 1644 detruits.

1105 1890 1240 1925 CLXII.

427 1987 537 2019 Otlwn
551 2014 560 2027 ,
579 1989 741 2033 seeffitem¹
754 1987 795 2020 de
813 1986 1026 2022 Contreouer
1037 2015 1047 2030 ,
1066 1986 1161 2035 leque
1179 1986 1203 2022 ἀ
1219 1988 1377 2036 l’ahhaye
1385 2016 1395 2033 ,
1407 2000 1505 2035 pour
1522 1988 1569 2022 les
1583 1988 1678 2033 fraz's
1690 1988 1732 2023 de
1745 2000 1809 2022 son
1826 1991 1931 2024 anni-

569 2047 719 2079 versaz‘re
733 2037 816 2087 :des
829 2046 1026 2092 proprz'e'tds
1038 2045 1276 2094 qu’z'lposse'de
1295 2046 1319 2081 ἀ
1344 2047 1515 2082 Scalkem.
1537 2067 1585 2073 —-
1605 2047 1782 2081 lVowu'rss.

1033 2236 1050 2258 Α
1067 2234 1228 2264 Comi-ecum-⁷
1248 2235 1321 2259 1250.

464 2302 602 2328 Universis
614 2307 772 2337 praesentes
786 2303 891 2330 litteras
905 2304 1070 2339 inspecturis
1079 2325 1086 2337 ‚
1103 2304 1168 2331 Osto
1182 2305 1309 2332 dominus
1327 2305 1361 2332 de
1376 2306 1535 2332 Contrecuer
1545 2326 1552 2337 ‚
1567 2306 1657 2331 dictus
1669 2305 1830 2332 Avunculus
1840 2327 1848 2339 ‚
1862 2307 1936 2332 salu-

428 2354 479 2374 tem
491 2350 517 2374 in
529 2349 653 2375 Domino.
675 2349 850 2376 Universitati
864 2355 971 2377 vestrae
984 2355 1080 2378 tenore
1095 2352 1282 2387 praesentium
1294 2352 1448 2379 innotescat
1459 2372 1467 2385 ,
1483 2352 1558 2388 quod
1572 2361 1624 2388 ego
1641 2352 1667 2378 in
1682 2351 1779 2379 ultima
1793 2352 1935 2380 voluntate

429 2397 606 2428 constitutus⁷
622 2405 702 2422 sanae
716 2397 813 2424 mentis
825 2402 852 2424 et
865 2398 955 2424 adhuc
968 2398 1038 2425 bene
1056 2408 1166 2435 compos
1180 2400 1250 2433 mei,
1265 2400 1293 2426 in
1307 2400 1463 2435 praesentia
1476 2398 1676 2427 venerabilium
1691 2400 1815 2426 virorum
1827 2399 1936 2426 Domini

430 2442 542 2468 walteri
552 2464 558 2470 ,
570 2443 664 2469 decani
679 2443 712 2470 de
726 2443 795 2478 Hal,
815 2450 841 2471 et
857 2446 978 2482 magistri
993 2445 1139 2480 willelmi,
1157 2447 1314 2483 presbyteri
1327 2447 1362 2474 ‹le
1375 2447 1501 2481 Herines,
1515 2447 1624 2474 nomine
1641 2447 1812 2479 testamenti,
1832 2445 1936 2473 contuli
