2137 3131
459 407 528 444 758
998 437 1010 446 ,
1062 399 1349 436 APPENmOEs.

1158 565 1252 599 vul.

460 683 559 717 Bulle
581 682 628 715 (ln
653 692 745 727 pape
764 677 908 725 E‘uydne
930 676 998 711 III
1006 703 1016 719 ,
1040 678 1105 722 (μα’
1119 675 1286 720 confirma
1308 675 1465 721 l'ahbaye
1484 674 1575 708 dans
1592 686 1644 709 ses
1660 674 1770 708 droits
1787 679 1819 708 et
1836 685 1887 707 ses
1903 672 1966 707 do-

1029 736 1175 768 mac'nes.
1198 754 1246 758 —
1260 733 1398 767 Nlnovn.

1095 941 1212 966 Chatillon
1222 961 1228 970 ,
1241 942 1313 966 1147.

497 1033 638 1069 linpriniee
657 1031 723 1057 dans
738 1029 862 1061 miraeus,
877 1027 976 1053 Donat.
996 1027 1083 1064 Bely„
1098 1027 1147 1053 lib.
1162 1027 1186 1053 ΙΙ
1198 1048 1205 1060 ,
1224 1036 1284 1062 cap.
1300 1026 1398 1053 XLVII
1409 1047 1415 1059 ‚
1431 1031 1458 1052 et
1473 1026 1540 1052 dans
1552 1026 1591 1052 les
1605 1034 1724 1062 preuves
1739 1025 1776 1051 du
1794 1030 1859 1051 tom.
1876 1025 1900 1051 ll
1920 1024 1968 1051 des

458 1081 577 1107 Annales
593 1080 649 1105 ord.
666 1080 784 1105 Praem„
799 1075 850 1102 col.
867 1075 1003 1101 CCXXIX.

1169 1140 1298 1173 L'original
1315 1160 1321 1164 .
1342 1148 1397 1165 avec
1415 1141 1436 1164 le
1455 1148 1524 1165 sceau
1542 1148 1571 1164 en
1590 1139 1671 1171 plomb
1684 1158 1690 1162 .
1712 1146 1758 1163 aux
1777 1139 1881 1163 archives
1900 1139 1929 1163 de
1947 1139 1968 1163 la

1223 1184 1324 1208 Flandre
1336 1183 1461 1207 orientale.

1174 1523 1233 1556 IX.

460 1641 563 1672 Saint
581 1635 767 1677 Bet-nard,
787 1634 876 1668 (chhe'
889 1634 929 1667 cle
951 1633 1147 1668 Clairvaua·
1155 1660 1165 1675 ,
1181 1632 1297 1678 ‘ratzfie
1315 1632 1350 1665 la
1363 1635 1568 1667 conventz'on
1582 1634 1669 1679 faite
1685 1639 1782 1668 entre
1803 1633 1849 1667 les
1866 1633 1970 1668 ahhe's

854 1694 895 1727 de
914 1692 1051 1728 Nz'nove
1065 1698 1099 1726 et
1113 1692 1154 1726 de
1172 1692 1272 1727 Jette.
1295 1712 1342 1717 —
1360 1691 1568 1726 annfflmzn.

1106 1911 1163 1934 Ver-s
1177 1910 1224 1934 l'an
1244 1910 1317 1934 1148.

498 1998 527 2024 ln
543 1998 650 2023 nomine
663 2001 771 2023 sanctae
786 2001 812 2022 et
824 1995 980 2022 individuae
993 1995 1144 2021 Trinitatis.
1156 1995 1212 2032 Ego
1223 1995 1377 2022 Rex-nardus
1388 2018 1395 2028 ‚
1408 1996 1457 2023 Dei
1471 1997 1558 2033 gratia
1572 1995 1779 2022 Clarevallensis
1791 1996 1875 2023 abbas
1889 2005 1970 2023 voca-

459 2052 502 2071 tus
513 2066 519 2077 ,
536 2044 661 2070 omnibus
676 2049 784 2070 sanctae
797 2043 926 2070 ecclesiae
938 2043 1001 2069 filiis
1014 2048 1176 2079 perpetuam
1186 2043 1213 2069 in
1225 2043 1335 2070 domino
1347 2044 1432 2070 Jhesu
1444 2044 1551 2070 Christo
1564 2043 1691 2070 salutem.
1707 2043 1806 2070 Notum
1817 2053 1876 2071 esse
1891 2044 1970 2071 volu-

456 2102 514 2118 mus
535 2097 587 2118 tam
610 2091 710 2117 suturis
728 2100 809 2126 quam
835 2091 1043 2126 praesentibus,
1064 2090 1261 2116 dissensionem
1277 2091 1349 2117 inter
1367 2091 1493 2118 abbatem
1508 2091 1680 2117 Ninivensem
1701 2095 1729 2117 et.
1747 2090 1898 2117 Jettensem
1918 2100 1970 2127 pro

456 2139 569 2165 ecclesia
584 2139 617 2164 de
631 2138 783 2164 Lidekerke
793 2159 800 2170 ‚
817 2137 863 2164 tali
878 2137 957 2164 modo
971 2138 997 2163 in
1012 2139 1167 2173 praesentia
1181 2143 1273 2164 nostra
1287 2148 1377 2164 coram
1391 2139 1526 2175 religiosis
1536 2138 1659 2174 personis
1672 2138 1890 2164 determinatam.
1904 2138 1972 2165 Con-

458 2186 537 2211 cessit
552 2186 636 2211 abbas
648 2185 778 2211 Jettensis
792 2185 931 2220 suscipere
942 2185 968 2211 in
985 2190 1091 2220 partem
1104 2195 1180 2211 suam
1195 2185 1281 2211 altare
1294 2191 1321 2211 et
1333 2185 1474 2212 ecclesiam
1488 2186 1522 2212 de
1536 2186 1620 2212 lewes
1634 2195 1695 2212 cum
1710 2186 1836 2212 omnibus
1849 2186 1973 2221 apperti-

458 2233 557 2259 nentiis
572 2234 627 2258 suis
639 2253 645 2261 ,
659 2233 786 2258 videlicet
798 2233 825 2258 in
841 2233 922 2258 terris
934 2253 940 2263 ,
954 2232 980 2258 in
993 2232 1119 2265 decimis,
1132 2242 1214 2259 censu
1225 2254 1232 2265 ‚
1248 2233 1378 2259 aediliciis
1387 2254 1393 2265 ‚
1410 2233 1550 2268 mancipiis
1560 2233 1708 2268 utriusque
1718 2242 1798 2259 sexus
1807 2253 1814 2265 ‚
1826 2232 1869 2259 vel
1882 2232 1905 2259 si
1915 2242 1970 2268 qua

458 2286 520 2306 sunt
534 2280 599 2314 alia3
616 2285 643 2306 et
657 2281 727 2306 sicut
738 2280 843 2306 Tene-ra
859 2280 955 2306 dividit
969 2280 1125 2316 parochiam
1138 2280 1171 2306 de
1182 2280 1261 2306 Lewe
1274 2285 1301 2306 et
1315 2290 1373 2306 eam
1385 2280 1418 2306 de
1430 2280 1609 2313 Liedekerke,
1623 2285 1734 2316 praeter
1742 2279 1874 2306 decimam
1887 2289 1970 2306 unam

457 2328 482 2352 in
498 2327 626 2362 parochia
641 2327 674 2352 de
691 2327 933 2363 Erembaldengem
949 2328 1105 2362 pertinente
1123 2327 1155 2353 ad
1167 2327 1307 2354 ecclesiam
1321 2327 1355 2353 de
1370 2327 1470 2362 Lewes,
1485 2337 1566 2363 quam
1580 2327 1664 2354 abbas
1678 2327 1808 2353 Jettensis
1821 2326 1973 2362 possidebit

460 2383 520 2399 vum
534 2374 649 2400 caeteris
662 2373 744 2400 rebus
757 2374 878 2408 ejusdem
898 2373 1027 2400 ecclesiae
1037 2395 1043 2405 ‚
1063 2374 1162 2400 abbate
1179 2374 1325 2400 Ninivense
1338 2374 1444 2410 reliqua
1462 2375 1553 2400 omnia
1566 2374 1599 2400 ad
1613 2373 1754 2401 ecclesiam
1771 2373 1805 2400 de
1819 2372 1971 2400 Lidekerke

461 2420 623 2453 pertinentia
638 2420 790 2446 obtinente.
801 2420 833 2446 Et
845 2425 876 2446 ut
888 2420 955 2446 haec
966 2421 1140 2456 compositioq
1153 2420 1264 2447 hortatu
1275 2426 1370 2447 nostro
1382 2426 1409 2447 et
1422 2421 1534 2448 consilio
1544 2420 1614 2447 sacta
1623 2441 1630 2452 ‚
1646 2421 1673 2446 in
1686 2425 1852 2456 perpetuum
1864 2429 1971 2456 perma-

460 2471 521 2491 neat
535 2471 593 2492 rata
603 2487 609 2499 ‚
631 2472 732 2493 cartam
748 2466 818 2493 hanc
832 2467 891 2494 fieri
902 2468 1035 2502 jussimus
1053 2468 1190 2503 sigillique
1203 2469 1290 2494 nostri
1303 2469 1481 2504 impressione
1497 2469 1663 2505 signavimus
1673 2489 1680 2500 a
1701 2468 1856 2494 subnotatis
1868 2467 1973 2494 idoneis

460 2513 574 2539 testibus
583 2534 589 2545 7
607 2514 653 2548 qui
665 2513 864 2547 interfuerunt,
879 2515 1114 2541 consentientibus
1125 2515 1205 2541 etiam
1215 2514 1348 2541 fratribus
1362 2521 1389 2542 et
1402 2516 1516 2543 invicem
1526 2515 1757 2542 exfestucantibus
1768 2515 1914 2550 utriusque
1927 2523 1973 2541 ec-
