2137 3131
411 392 477 426 1-'06
750 385 924 423 CORPUS
951 381 1281 418 CHRONICORUM
1310 382 1576 417 FLANDRMF..

459 502 560 532 Anno
581 493 763 536 DCXCVL
785 494 908 526 beatus
928 491 1136 525 Lambertus
1155 489 1305 536 adeptus
1323 497 1374 523 est
1397 489 1620 535 martyrium.

462 559 561 590 Anno
582 551 777 587 DCXCVIII
793 578 800 594 r
819 550 1039 585 Cildehcrtus
1058 555 1221 582 mortuus
1240 555 1291 582 est.
1305 576 1312 581 .
1334 560 1516 582 successor
1533 549 1608 593 ejus
1628 548 1693 581 fuit
1712 548 1932 595 Dagohertus

411 623 445 649 ct
463 613 607 649 Karolus
626 610 805 644 Martellus
828 609 896 643 fuit
916 608 1027 654 major
1045 606 1185 641 domus.

461 675 560 706 Anno
581 668 770 703 DCCXIII.
797 674 869 701 erat
892 679 983 713 papa
1007 665 1211 712 Gregorius.
1239 665 1460 712 Dagobcrtus
1484 671 1647 698 mortuus
1669 671 1741 698 cst.
1768 663 1932 698 Theode-

412 732 502 765 ricus
520 728 588 761 fuit
608 727 683 773 ejus
703 738 901 769 successor7
923 732 958 758 ct
975 731 1062 758 tunc
1086 723 1292 757 Alemannia
1310 722 1354 757 ad
1374 723 1664 757 christianitatem
1680 729 1731 757 cst
1751 734 1928 756 conversa.

460 790 559 822 Anno
584 785 733 820 DCCXX
746 813 753 824 1
776 785 923 831 Pipinus
942 784 1009 817 fuit
1027 795 1086 816 rex
1107 782 1281 815 Franciae.

458 847 560 880 Anno
575 844 807 878 DCCXXYIH
822 871 829 876 .
851 843 919 876 fuit
941 854 1031 888 papa
1047 841 1238 888 Gregorius
1261 840 1322 886 qui
1341 841 1507 874 stabilivit
1525 841 1624 888 signa
1645 841 1759 874 erucis
1776 841 1809 873 in
1831 841 1935 874 missa

409 911 443 938 et
461 905 498 938 iu
517 915 663 937 canone.
686 901 819 935 Eodem
838 907 998 945 tempore
1011 926 1019 942 v
1042 897 1137 932 Beda
1155 897 1281 933 doctor
1298 905 1373 932 erat
1391 899 1427 932 in
1444 898 1582 946 Anglia.

459 964 559 996 Auno
580 959 814 994 DCCXXXHI
828 986 836 1002 a
862 958 1008 991 Karolus
1028 957 1208 991 Martellus
1227 963 1390 991 mortuus
1414 963 1466 990 est
1487 963 1523 990 et
1540 957 1698 1002 sepultus
1720 956 1764 990 ad
1788 957 1822 991 S.
1852 957 1935 991 Dio-

410 1034 431 1054 n
435 1033 455 1067 y
460 1021 563 1054 sium.

459 1080 560 1113 Anno
577 1075 774 1117 DCCXLII,
797 1075 944 1109 Karolus
958 1081 992 1108 et
1012 1075 1158 1120 Pipinus
1172 1075 1312 1108 iverunt
1333 1081 1455 1108 contra
1469 1074 1598 1108 ducem
1619 1073 1833 1109 Huldebaut.

459 1138 560 1171 Anno
581 1134 789 1175 DCCXLIY„
813 1133 1054 1168 Theodericus
1074 1140 1239 1167 mortuus
1260 1140 1323 1167 est.
1348 1132 1568 1167 Cildebertus
1588 1145 1740 1180 regnum
1759 1133 1886 1167 habuit
1903 1141 1935 1168 et

412 1202 533 1242 postea
551 1193 748 1227 monachus
767 1199 816 1226 est
838 1192 996 1226 effectus.

461 1255 562 1287 Anno
590 1250 750 1285 DCCLIY
763 1278 770 1283 .
803 1250 1004 1296 Stephanus
1037 1257 1112 1284 erat
1145 1262 1235 1296 papa
1250 1277 1257 1287 ,
1293 1251 1354 1296 qui
1388 1251 1556 1296 Pipinum
1586 1251 1727 1284 inunxit
1752 1252 1788 1284 in
1817 1264 1936 1300 regem

412 1312 588 1347 Franciae.

458 1372 560 1404 Anno
579 1367 758 1411 DCCLYL
782 1367 929 1413 Pipinus
949 1373 1111 1401 mortuus
1130 1374 1199 1400 est.
1222 1373 1256 1400 et
1271 1366 1418 1400 Karolus
1438 1366 1605 1414 Magnus.
1627 1367 1719 1400 filius
1734 1368 1809 1413 ejus
1822 1395 1829 1401 .
1852 1381 1935 1402 suc-

413 1441 527 1464 cessor
547 1428 621 1473 ejus
642 1427 730 1462 fuit:
753 1433 787 1460 et
806 1433 880 1460 erat
900 1425 1075 1460 Adrianus
1094 1438 1197 1471 papa.

461 1489 564 1522 Anno
585 1484 769 1528 DCCLXI,
794 1485 966 1518 Loherius
986 1491 1148 1518 mortuus
1172 1491 1223 1518 cst
1241 1491 1276 1517 et
1297 1484 1466 1518 Constans
1487 1485 1664 1518 successit.

462 1546 564 1579 Anno
587 1542 830 1577 DCCLXXYII
844 1570 851 1582 .,
874 1543 944 1576 Leo
965 1549 1039 1576 erat
1058 1555 1148 1589 papa
1168 1549 1202 1575 et
1222 1542 1416 1576 Jerusalem
1440 1549 1541 1588 capta
1560 1543 1641 1576 fuit.
1689 1567 1694 1572 -

463 1606 565 1637 Anno
586 1601 865 1636 DCCLXXXIX.
889 1601 1052 1635 Karolus.
1076 1614 1136 1635 rex
1154 1602 1317 1635 Franciac
1330 1629 1338 1634 .
1361 1600 1509 1635 effectus
1531 1608 1582 1635 est
1602 1602 1794 1648 imperator
1811 1609 1845 1636 et
1867 1604 1940 1637 Au—

417 1669 541 1710 gustus
560 1667 612 1694 est
634 1660 849 1693 nominatus.

461 1721 563 1754 Anno
585 1718 798 1761 DCCCXIV‚
824 1719 969 1752 Karolus
996 1718 1145 1766 Magnus
1169 1718 1394 1765 supradictus
1412 1719 1606 1764 imperator
1626 1725 1789 1753 mortuus
1808 1726 1882 1763 est,
1904 1727 1940 1754 et

414 1779 540 1813 habuit
557 1776 775 1823 sepulturam
794 1777 830 1810 in
852 1777 996 1811 ecelesia
1014 1777 1054 1810 B.
1077 1777 1206 1811 Mariae
1225 1777 1449 1824 Aquisgrani.
1478 1776 1667 1811 Successor
1685 1777 1760 1822 ejus
1779 1778 1847 1811 fuit.
1866 1778 1940 1812 Lu—

417 1837 563 1871 doxicus
578 1836 674 1869 Pius.

465 1897 567 1930 Anno
590 1893 802 1938 DCCCXVI,
832 1894 901 1928 fuit
926 1895 1103 1942 Eugenius
1131 1907 1243 1941 papa7
1267 1895 1329 1941 qui
1356 1895 1449 1928 misit
1478 1893 1575 1940 apud
1607 1894 1641 1927 S.
1668 1895 1877 1941 Dionysium
1903 1897 1940 1930 in

415 1954 559 1988 Francia
579 1965 708 1998 eorpus
727 1953 837 1986 sancti
857 1953 1037 1999 Hippolyti
1060 1960 1092 1987 et
1113 1966 1242 1999 corpus
1260 1959 1400 1987 sanctae
1422 1952 1656 1996 Concordiae.v
1678 1954 1753 1999 ejus
1770 1955 1937 1989 nutricis.

417 2025 498 2047 cum
518 2012 638 2045 multis
657 2012 732 2045 aliis
750 2012 919 2058 reliquiis.

465 2073 567 2105 Anno
586 2069 807 2113 DCCCXXK
831 2070 1031 2105 Ludovicus
1054 2072 1187 2118 recepit
1207 2083 1312 2105 suum
1334 2083 1497 2119 regnum.

463 2131 564 2164 Anno
579 2129 838 2163 DCCCXXYIII
850 2157 857 2169 2
876 2129 1018 2177 Sergius
1032 2143 1123 2177 papa
1142 2130 1323 2165 coronavit
1343 2130 1551 2164 Lotharium
1575 2131 1827 2177 imperatorem
1842 2158 1850 2174 7
1877 2131 1940 2177 qui

417 2188 603 2222 devotione
623 2195 741 2222 motus
755 2188 900 2223 effectus
920 2196 971 2223 est
989 2197 1115 2236 sponte
1134 2190 1342 2224 monachus.
1361 2189 1549 2224 Successor
1563 2189 1648 2224 dicti
1663 2189 1775 2238 Sergii
1789 2190 1858 2223 fuit
1871 2189 1941 2223 Leo

419 2259 519 2293 papa.

468 2306 568 2338 Anno
587 2304 869 2349 DCCCXXXIX7
892 2306 1080 2341 Lotharius
1098 2308 1291 2354 imperator
1310 2314 1474 2342 mortuus
1489 2314 1551 2341 est.
1576 2307 1764 2342 Successor
1781 2307 1855 2352 ejus
1873 2306 1941 2340 fuit

420 2362 456 2395 in
478 2362 666 2407 imperium
685 2363 829 2397 Carolus
852 2363 989 2398 Calvus.

473 2420 574 2452 Anno
590 2419 759 2454 DCCCXL
772 2448 780 2464 7
803 2421 992 2470 Hastingus
1007 2425 1103 2458 venit
1120 2424 1155 2458 in
1176 2424 1444 2458 Normanniam.
1466 2422 1598 2457 Eodem
1617 2435 1728 2462 ann0„
1750 2422 1938 2466 Loherius,

424 2476 515 2510 filius
533 2476 702 2511 Ludovici
714 2505 723 2512 ,
744 2485 906 2513 mortuus
921 2487 984 2514 est.
