2137 3131
484 390 553 425 596
826 386 1000 422 CORPUS
1027 385 1355 420 CHRONICORUM
1386 385 1650 419 FLANDRIAE.

486 498 593 543 Syrus
610 495 779 536 medicus,
793 495 826 527 in
844 494 971 527 Achaia
986 492 1205 540 evangelium
1222 493 1356 536 scribit,
1373 492 1501 539 quoda
1516 493 1626 527 Paulo
1636 492 1808 527 didicerat
1823 506 1829 525 :
1847 493 1905 527 hic
1918 495 1992 528 sinc

487 567 593 589 uxore
611 561 641 586 ct
662 553 738 585 {iliis
756 553 844 585 obiit
862 553 894 584 in
919 551 1098 596 Bithynia,
1120 563 1294 584 annorum
1316 551 1439 596 lxxiiij,
1462 551 1506 585 dc
1524 564 1597 598 quo
1615 551 1746 585 dicitur
1767 564 1772 584 :
1801 565 1818 581 «
1838 552 1993 586 Amictus

485 612 630 647 sindone
645 624 750 656 super
765 610 862 644 nudo
877 610 901 652 ¹,
918 617 1001 652 ctc.,
1020 626 1036 642 n
1060 610 1161 655 cujus
1175 622 1250 643 ossa
1265 622 1346 643 cum
1364 611 1518 657 reliquiis
1530 610 1688 644 Andreae
1703 610 1994 656 Constantinopo-

486 672 543 704 lini
563 669 727 703 translata
746 675 841 702 sunt.
860 669 989 702 Romae
1005 667 1212 703 Nicomedes
1233 668 1417 714 presbyter
1435 669 1630 702 sacrificare
1645 669 1784 709 nolens,
1805 668 1994 714 plumbatis

484 728 527 762 ad
548 734 696 761 mortem
717 740 836 761 caesus
859 733 921 760 est.
949 727 1168 760 Domitianus
1195 733 1335 771 neptem
1359 738 1459 759 suam
1480 727 1629 760 Flaviam
1655 726 1888 769 Domitillam,
1915 725 1993 760 Cle-

484 787 608 820 mentis
622 798 765 832 quoque
783 786 935 819 consulis
950 798 989 819 ex
1007 797 1126 819 sorore
1146 791 1302 830 neptem,
1319 797 1401 818 cum
1417 785 1590 819 eunuchis
1605 785 1675 819 suis
1694 785 1806 819 Nereo
1825 790 1860 817 et
1875 784 1995 818 Achil-

483 847 553 887 leo,
577 858 730 891 quorum
750 845 892 878 hortatu
910 845 1135 878 Aurelianum
1155 856 1324 889 sponsum
1344 844 1575 890 contempsit,
1604 845 1639 877 in
1662 844 1823 877 Pontiam
1844 843 1994 876 insulam

483 903 668 951 relegavit,
694 910 800 949 atque
829 903 996 948 posthaec
1023 903 1160 948 capitali
1189 903 1327 948 punivit
1353 903 1538 936 sententia.
1571 902 1757 948 Dionysius
1785 902 1991 947 episcopus,

482 962 702 996 Eleutherius
725 962 908 1008 presbyter
933 968 968 995 et
990 961 1153 995 Rusticus
1181 961 1371 1004 diaconus,
1400 962 1434 994 in
1460 960 1585 994 Gallias
1610 960 1655 994 ad
1677 959 1956 1006 praedicandum
1975 971 1995 993 a

481 1020 658 1054 Clemente
673 1032 762 1066 papa
776 1019 919 1059 directi,
943 1020 1095 1053 Parisius
1108 1019 1226 1067 gladio
1245 1020 1335 1053 caesi
1350 1026 1444 1052 sunt.
1463 1018 1583 1059 Quum
1599 1019 1715 1053 Cletus
1726 1045 1733 1059 ,
1756 1018 1817 1064 qui
1833 1018 1876 1063 xij
1894 1017 1994 1051 annis

481 1079 653 1125 praefuit,
675 1079 741 1112 sub
757 1079 956 1112 Domitiano
972 1079 1140 1125 martyrio
1159 1085 1349 1112 coronatus
1368 1085 1437 1122 est,
1455 1079 1521 1112 sub
1540 1090 1611 1124 quo
1630 1085 1665 1111 et
1686 1077 1872 1111 Auacletus
1885 1088 1995 1110 occu-

480 1138 578 1179 buit,
603 1143 699 1182 patet
717 1144 910 1183 utrumque
929 1138 1086 1183 ipsorum
1110 1137 1162 1169 vel
1182 1143 1275 1170 certe
1298 1137 1448 1170 alterum
1465 1149 1535 1170 non
1556 1137 1591 1169 in
1615 1135 1872 1182 plenitudinem
1891 1146 1995 1181 apos-

481 1195 603 1229 tolicae
621 1195 803 1243 dignitatis
818 1196 869 1229 vel
884 1197 1082 1241 potestatis,
1099 1195 1161 1229 sed
1176 1202 1315 1229 tantum
1330 1196 1365 1229 in
1382 1202 1517 1242 partem
1533 1194 1777 1229 sollicitudinis
1794 1200 1991 1228 evocatum.

481 1254 514 1288 Si
535 1267 616 1288 vero
635 1254 806 1300 plenarie,
832 1261 956 1288 neuter
975 1256 1131 1300 ipsorum
1153 1267 1290 1288 summa
1308 1255 1490 1300 apostolici
1509 1254 1719 1287 sublimatus
1738 1259 1790 1286 est
1809 1258 1993 1298 potestate.

482 1313 654 1346 Doctioris
672 1320 792 1347 aestuo
811 1313 952 1347 haurire
967 1313 1162 1359 judicium,
1185 1313 1366 1360 quomodo
1391 1314 1495 1347 Petro
1515 1313 1673 1347 Clemens
1692 1312 1895 1346 immediate
1913 1324 1996 1347 suc·-

481 1372 620 1405 cessisse
641 1378 675 1404 et
696 1371 740 1405 ad
765 1378 923 1417 tempora
948 1371 1086 1417 Trajani
1112 1372 1313 1419 pertigisse,
1335 1378 1369 1404 et
1388 1378 1505 1405 tamen
1525 1377 1663 1404 tantum
1688 1371 1720 1403 ix
1742 1371 1842 1404 annis
1862 1371 1998 1418 legatur

481 1429 683 1475 praefuisse.
705 1429 811 1469 Quod
836 1429 862 1462 si
886 1430 1030 1463 omnino
1057 1436 1218 1463 constare
1242 1442 1312 1463 non
1332 1430 1479 1475 poterit,
1505 1429 1556 1462 vel
1577 1429 1678 1462 annis
1701 1429 1807 1462 etiam
1831 1429 1993 1474 pluribus

480 1500 605 1522 novem
620 1487 868 1533 exponendum
889 1495 940 1521 est
953 1488 1164 1533 praefuisse,
1183 1489 1234 1521 vel
1249 1495 1343 1521 certe
1360 1488 1464 1521 Petro
1479 1487 1631 1521 mediate
1650 1487 1868 1520 successisse.

529 1547 591 1580 Hic
611 1545 808 1579 notandum
827 1552 878 1579 est
896 1546 994 1592 quod
1012 1546 1187 1592 Josephus
1209 1546 1448 1580 Hebraeorum
1468 1546 1777 1593 historiographus
1797 1546 1936 1590 scribit,
1960 1547 1998 1580 in

480 1605 676 1652 penultimo
704 1617 805 1638 versu
829 1605 907 1638 libri
935 1605 1107 1646 vicesimi,
1137 1618 1172 1638 se
1199 1605 1536 1652 quinquagesimum
1559 1612 1697 1639 sextum
1718 1605 1840 1638 aetatis
1862 1617 1996 1638 annum

480 1677 603 1712 agere,
630 1665 666 1697 in
691 1676 783 1697 anno
812 1664 914 1697 tertio
934 1663 1072 1697 decimo
1098 1664 1236 1709 imperii
1258 1664 1466 1705 Domitiani,
1489 1662 1584 1697 unde
1611 1676 1724 1709 quum
1752 1663 1997 1697 indubitanter

479 1722 656 1769 colligitur
669 1723 785 1767 ipsum
802 1729 922 1756 natum
938 1723 1063 1765 fuisse,
1081 1735 1173 1756 anno
1189 1723 1329 1756 circiter
1342 1723 1399 1768 viij
1417 1729 1495 1768 post
1513 1723 1710 1768 passionem
1730 1722 1877 1765 Christi,
1899 1729 1997 1768 patet

480 1781 581 1827 plane
600 1781 714 1826 ipsum
732 1792 803 1814 non
822 1781 928 1813 fuisse
943 1780 1122 1826 Caypham
1138 1808 1146 1824 ,
1167 1781 1233 1814 sub
1253 1793 1325 1827 quo
1340 1793 1461 1827 passus
1479 1787 1531 1814 est
1549 1780 1716 1814 dominus
1734 1787 1853 1814 noster
1870 1780 1996 1814 Jhesus

480 1839 651 1873 Christus.
672 1839 891 1872 Domitianus
907 1839 1064 1872 nesciens
1078 1839 1113 1872 in
1130 1838 1268 1873 Christo
1285 1840 1424 1873 Domini
1441 1851 1591 1887 regnum
1607 1839 1876 1882 confirmatum,
1897 1838 1996 1886 quod

479 1898 575 1931 nullo
595 1910 753 1943 unquam
773 1897 874 1931 hoste
892 1898 1031 1931 concuti
1056 1899 1203 1943 poterit,
1230 1898 1470 1944 posteritatem
1492 1898 1632 1931 Domini
1652 1897 1798 1940 delevit,
1818 1904 1859 1932 ut
1877 1898 1995 1931 nullus

477 1957 549 1990 fere
568 1956 585 1989 J
590 1955 785 1989 udaeorum
801 1963 1008 2002 superesset.
1028 1956 1097 1996 Qui
1111 1968 1258 1990 suorum
1277 1956 1521 2002 conjuratione
1538 1957 1674 1990 occisus
1692 1957 1727 1990 in
1742 1956 1871 2002 palatio
1889 1956 1995 2004 igno-

478 2014 723 2048 miniosissime
742 2014 920 2060 sepelitur.

526 2073 639 2107 Nerva
656 2073 964 2119 tranquillissimus
979 2074 1032 2106 lxx
1047 2086 1223 2107 annorum
1238 2074 1389 2120 imperat
1407 2086 1480 2107 uno
1498 2086 1604 2107 anno.
1627 2073 1697 2114 Qui
1713 2072 1855 2107 decreta
1873 2073 1997 2107 Domi-

479 2131 563 2165 tiani
589 2143 761 2165 evacuans
787 2138 934 2165 cunctos
960 2132 1077 2165 exules
1110 2132 1308 2174 revocavit,
1337 2131 1433 2165 unde
1460 2132 1639 2166 Johannes
1669 2132 1900 2180 evangelista,
1927 2132 1995 2166 hac

478 2190 630 2238 generali
658 2190 878 2237 indulgentia
900 2191 1065 2224 liberatus
1079 2218 1087 2234 ,
1114 2190 1293 2237 Ephesum
1313 2190 1438 2233 rediit,
1467 2191 1528 2224 ubi
1552 2203 1570 2224 a
1594 2191 1762 2224 fratribus
1788 2196 1932 2238 rogatus
1950 2190 1994 2225 de

477 2247 658 2282 divinitate
677 2248 804 2282 Christi
824 2249 1034 2283 novissimus
1059 2250 1280 2297 evangelium
1299 2249 1433 2283 scribit.
1455 2248 1615 2283 Clemens
1637 2262 1728 2295 papa
1749 2250 1816 2283 sub
1843 2250 1994 2295 Trajano

478 2307 685 2352 martyrium
706 2307 895 2352 complevit
910 2307 946 2340 in
965 2319 1061 2341 mare
1078 2308 1347 2354 praecipitatus,
1368 2307 1429 2341 ubi
1443 2308 1616 2354 templum
1631 2320 1871 2342 marmoreum
1885 2319 1994 2356 ange-

477 2364 550 2397 licis
565 2365 596 2397 ei
614 2365 777 2399 manibus
791 2372 1038 2412 praeparatum
1052 2394 1061 2409 ,
1079 2367 1165 2401 mari
1180 2367 1370 2414 quotannis
1385 2366 1589 2411 recedente,
1606 2380 1626 2401 a
1639 2367 1803 2402 fidelibus
1818 2367 1989 2401 visitatur.

518 2491 526 2509 ¹
548 2491 650 2529 Evaug.
666 2493 700 2520 Sti
714 2493 810 2526 Marci,
823 2503 884 2530 cap.
900 2494 976 2527 XIV,
992 2504 1017 2521 v.
1035 2495 1080 2520 51.
