2118 3184
566 410 793 446 CHROMCA
823 411 989 445 AliGlffll
1018 411 1057 445 Ll
1087 411 1249 446 Mttlsls.
1588 413 1657 447 2:27

142 518 328 551 busserunt
344 545 351 550 .
374 518 556 564 multaque
579 518 652 551 loca
675 517 942 551 dextruxerunt.
968 519 1005 551 ln
1023 519 1161 552 civitate
1185 520 1292 567 igitur
1312 519 1522 553 'fornacensi
1548 526 1618 553 erat
1638 534 1654 552 a

141 576 439 624 gubernatoribus
459 577 556 610 villae
575 576 795 619 ordinatum„
817 577 914 623 quod
928 604 936 620 7
962 590 1073 623 qutun
1094 578 1226 611 inimici
1251 578 1529 624 praetendebant
1545 578 1656 611 insul—

144 641 199 668 tus
218 635 270 668 vel
289 636 418 669 civitati
437 635 768 682 appropinquabant
784 663 790 668 .
811 635 855 669 ad
873 636 1078 670 inandatuin
1097 637 1344 684 gubernatoris
1360 637 1451 671 duae
1466 649 1655 683 campanae

144 694 387 739 pulsabantur.
405 707 557 740 quarum
577 707 646 727 una
666 701 810 728 vocatur
831 695 1039 730 lanu-locha
1061 695 1167 729 altera
1193 695 1412 742 lViuyeronx.
1432 696 1484 730 Ad
1503 708 1653 742 quarum

142 751 305 785 auditum
327 764 449 786 omnes
469 752 564 786 ibant
584 752 628 786 ad
649 759 762 786 turres
781 759 814 786 et
834 766 953 787 muros
974 760 1006 786 et
1026 753 1069 787 ad
1090 754 1163 787 loea
1177 781 1184 794 ,
1207 755 1267 787 ubi
1282 761 1378 787 erant
1403 754 1553 788 ordinati
1573 766 1654 788 cuni

139 811 210 844 suis
229 811 353 853 armis.
374 811 550 844 civitatem
566 810 758 845 defensuri.
781 813 868 845 Ante
888 819 1005 858 portas
1024 813 1113 846 infra
1132 813 1269 846 stabant
1292 820 1326 847 et
1343 813 1512 847 sedebant
1529 813 1653 847 armati

142 868 187 902 de.
205 869 340 903 civibus
364 876 395 902 et
422 869 680 903 habitatoribus
704 870 821 903 villae.
847 877 881 904 et.
900 871 1004 904 etiani
1030 870 1074 904 de
1100 871 1265 918 gentibus
1284 872 1374 919 regis
1396 872 1521 904 niilites
1543 878 1575 905 et
1598 871 1653 904 alii

143 927 288 969 nobiles.
311 934 415 973 prout
432 928 479 961 eis
495 935 566 961 erat
588 928 800 972 injunctum.
821 929 1260 963 Etconestabulariuscum
1275 930 1581 975 equitibus-,inultis
1591 930 1655 963 eir—

142 986 300 1019 cumibat
309 986 401 1019 vicos
412 992 445 1019 et
455 987 585 1032 plateas
595 1013 603 1019 .
622 987 853 1033 feceruntque
867 987 998 1020 inimici
1010 988 1127 1033 plures
1138 988 1286 1021 insultus
1296 1015 1303 1021 .
1316 988 1510 1036 etingenia.
1524 988 1655 1022 maehi-

143 1055 215 1077 nas.
234 1045 376 1078 arictes.
394 1051 428 1078 et
444 1045 496 1078 his
515 1045 652 1078 siniilia.
672 1046 873 1079 levaverunt
887 1046 973 1079 eitra
987 1053 1021 1079 et
1037 1047 1127 1080 ultra
1142 1046 1318 1090 Sealclaniu.
1335 1054 1369 1080 et
1383 1048 1485 1080 etiam
1501 1060 1519 1079 e
1533 1054 1655 1081 contra

143 1102 177 1135 in
197 1103 336 1136 civitate
360 1102 468 1136 levata
483 1110 563 1136 sunt
584 1103 620 1136 in
636 1103 780 1137 diversis
799 1104 881 1137 loeis
905 1105 1061 1151 ingenia.
1087 1117 1155 1137 una
1176 1117 1255 1150 pars
1270 1112 1391 1138 contra
1407 1106 1507 1139 alian}
1525 1105 1656 1151 lapides

138 1161 319 1206 jacientes.
337 1182 384 1186 —
395 1161 465 1195 Nec
484 1169 537 1195 est
556 1162 909 1207 praetermittendum
925 1162 1022 1208 quod
1039 1169 1133 1196 tanta
1147 1163 1335 1196 concordia
1350 1164 1415 1196 fuit
1434 1164 1524 1197 inter
1536 1171 1656 1211 gentes

146 1221 236 1268 regis
249 1220 294 1254 ad
309 1221 472 1263 invicem⁷
490 1227 525 1254 et
535 1221 724 1254 intercives
735 1228 766 1253 et
779 1221 993 1254 habitatores
1008 1221 1169 1263 eivitatis7
1188 1221 1285 1267 quod
1296 1221 1517 1267 (benedictus
1527 1223 1618 1256 Deus
1629 1222 1654 1268 !)

143 1291 327 1324 nunquam
349 1278 417 1312 fuit
436 1278 557 1312 audita
571 1278 746 1312 discordia
766 1279 817 1311 vel
836 1279 908 1312 rixa
921 1305 929 1320 ·.
951 1277 1012 1311 sed
1027 1285 1126 1311 erant
1147 1279 1195 1312 sie
1214 1279 1406 1313 concordes
1424 1281 1510 1313 sieut
1532 1281 1656 1313 fratres

141 1337 307 1371 carnales.
332 1337 370 1369 Et
396 1337 431 1369 in
454 1336 649 1381 principio.
675 1342 864 1382 antequam
892 1336 1025 1369 inimici
1051 1337 1378 1383 appropinquarent
1399 1338 1546 1381 civitati,
1574 1339 1655 1383 ipsis

141 1394 428 1441 comparentibus
439 1421 447 1436 .
464 1395 532 1428 fuit
550 1394 825 1440 proclamatum„
847 1394 944 1441 qnod
959 1406 1081 1428 omnes
1095 1395 1246 1438 exirent,
1268 1396 1329 1441 qui
1345 1396 1437 1429 bona
1451 1395 1655 1443 indigebant

140 1461 173 1488 et
188 1453 287 1500 quod
306 1459 535 1499 apportarent
553 1453 646 1486 bona
659 1480 667 1496 e
685 1465 776 1499 quae
795 1460 895 1486 erant
917 1453 951 1486 in
974 1453 1106 1499 campis
1125 1460 1159 1486 et
1176 1460 1271 1487 extra
1289 1454 1485 1498 civitatem7
1504 1461 1537 1487 et
1557 1454 1655 1500 quod

141 1513 292 1559 quisque
311 1512 525 1554 lucraretur7
546 1524 650 1545 suum
673 1518 774 1545 esset.
797 1511 904 1553 Quod
924 1512 1057 1545 factum
1076 1512 1144 1545 fuit
1164 1512 1283 1546 multis
1297 1513 1512 1559 pauperibus
1530 1520 1565 1546 et
1580 1526 1656 1546 me-

141 1570 323 1605 diocribus
337 1570 491 1604 multum
509 1570 712 1604 solatiosum
723 1597 730 1603 .
748 1571 810 1616 qui
829 1570 873 1604 de
889 1571 991 1618 lignis
1010 1577 1045 1604 et
1061 1571 1179 1618 granis
1194 1571 1259 1605 sibi
1278 1571 1510 1617 providerunt
1527 1585 1655 1618 quam-

141 1630 302 1676 plurimi.v
319 1629 381 1675 qui
395 1635 496 1662 antea
512 1641 623 1675 pauca
636 1630 689 1662 vel
704 1629 792 1662 nihil
806 1629 1003 1672 habebant}¹
1025 1636 1059 1663 et
1074 1629 1160 1663 haec
1178 1630 1246 1663 fuit
1263 1642 1366 1664 causa
1381 1631 1551 1664 maximae
1567 1644 1654 1665 eon—

141 1688 282 1723 cordiae
301 1689 393 1722 inter
411 1689 665 1736 gubernatores
678 1716 686 1731 .
709 1689 800 1722 cives
818 1695 852 1722 et
874 1689 1023 1734 majores
1043 1689 1191 1723 civitatis
1204 1696 1239 1722 et
1256 1690 1561 1723 communitatem.
1579 1691 1653 1724 Fuit

141 1747 296 1794 denique
310 1747 346 1780 in
361 1747 499 1780 civitate
516 1759 642 1795 magna
658 1747 806 1793 penuria
824 1753 858 1780 et
872 1747 1009 1781 caristia
1029 1747 1099 1780 feni
1120 1753 1154 1780 et
1172 1760 1301 1781 avenae
1313 1775 1321 1791 7
1339 1755 1484 1794 propter
1498 1749 1655 1782 multitu-

141 1805 261 1840 dinem
281 1817 456 1852 equorum
475 1811 508 1838 et
528 1806 720 1840 bestiarum
733 1833 740 1839 .
762 1818 853 1852 quae
875 1806 910 1839 in
929 1807 1068 1840 civitate
1089 1813 1207 1849 erant„
1227 1813 1299 1840 tam
1319 1806 1363 1840 de
1379 1807 1544 1855 gentibus
1564 1808 1654 1856 regis

144 1877 252 1911 quam
270 1863 314 1898 de
336 1864 611 1907 circumvicinis7
633 1865 680 1899 ita
699 1872 738 1898 ut
756 1865 942 1899 fasciculus
960 1865 1031 1898 feni
1049 1865 1172 1912 viginti
1191 1865 1350 1911 quinque
1370 1865 1507 1908 solidis7
1528 1867 1655 1899 raseria

142 1935 270 1956 avenae
284 1922 428 1969 triginta
448 1929 608 1956 monetae
622 1930 708 1957 tune
722 1923 896 1957 currentis
910 1922 1167 1956 vendebantur.
1185 1922 1333 1956 Bladum
1347 1924 1428 1957 satis
1442 1936 1506 1969 pro
1520 1924 1655 1958 ratione

141 1988 227 2015 erat.
247 1981 373 2014 Lotum
388 1982 458 2014 vini
476 1993 540 2026 pro
555 1980 677 2015 decem
692 1988 727 2015 et
745 1988 825 2015 octo
843 1980 995 2014 denariis
1009 1980 1238 2014 vendebatur.
1257 1980 1402 2024 Carnes7
1423 1982 1533 2027 pisces
1544 2009 1553 2025 7
1575 1994 1650 2024 ova.

143 2040 315 2085 butyrum
341 2046 376 2072 et
399 2051 518 2073 caseus
539 2040 676 2086 aliaque
701 2040 863 2073 victualia
886 2040 1038 2073 multum
1062 2051 1141 2073 cara
1164 2046 1282 2082 erantg
1302 2047 1337 2073 et
1355 2040 1398 2073 de
1417 2040 1473 2073 die
1500 2041 1535 2073 in
1559 2040 1652 2074 diem

143 2097 322 2131 crescebat
335 2097 472 2131 caristia
489 2104 635 2143 propter
652 2097 743 2132 sedis
762 2097 1032 2146 longitudinem.
1059 2097 1209 2131 Mentior
1221 2125 1229 2140 7
1246 2098 1274 2131 si
1293 2111 1364 2131 non
1381 2098 1451 2131 vidi
1465 2105 1550 2132 tunc
1568 2105 1654 2132 tem-

143 2157 236 2202 poris
247 2156 357 2189 lotum
370 2156 439 2189 vini
450 2162 484 2189 et
498 2155 587 2189 duos
601 2168 708 2202 panes
722 2169 786 2202 pro
797 2156 912 2190 valore
922 2163 1002 2189 octo
1013 2167 1174 2189 ovorum.
1192 2156 1234 2189 Et
1248 2156 1406 2189 mirabile
1420 2155 1506 2202 quid
1520 2170 1526 2189 ε
1540 2157 1654 2202 pisca-

143 2221 236 2249 tores
249 2213 413 2248 dicebant
428 2214 525 2260 quod
542 2215 576 2248 in
590 2214 698 2249 fluvio
713 2215 870 2259 Scaldae7
882 2215 918 2248 in
932 2215 1050 2261 aliquo
1064 2227 1156 2248 anno
1170 2215 1358 2260 praeterito
1369 2228 1439 2249 non
1450 2216 1655 2249 invenerant

142 2280 258 2307 tantos
277 2273 388 2319 pisces
410 2273 598 2319 capiendos
617 2274 707 2307 sicut
720 2274 756 2307 in
769 2274 828 2307 illo
847 2280 1006 2319 tempore
1025 2274 1220 2319 capiebant.
1241 2274 1382 2307 Poterat
1399 2273 1553 2320 denique
1568 2273 1655 2307 diffi-

142 2331 206 2365 cile
221 2331 343 2365 haberi
363 2331 513 2365 farinula
530 2338 674 2377 propter
687 2331 866 2365 defectum
886 2331 1170 2365 molendinorum
1181 2359 1190 2375 7
1210 2332 1292 2378 quIa
1308 2331 1499 2365 multitudo
1513 2331 1654 2379 grandis

142 2396 217 2423 erat
240 2390 276 2422 in
300 2390 450 2423 civitate.
478 2390 517 2422 Et
545 2388 672 2423 accidit
691 2389 789 2436 quod
809 2390 1108 2423 conestabularius
1129 2396 1163 2423 et
1189 2402 1306 2424 eomes
1332 2389 1375 2423 de
1393 2389 1475 2423 Foz's
1501 2402 1565 2436 pro
1584 2391 1655 2424 suis

141 2448 307 2496 gentibus
334 2448 513 2482 habebant
535 2460 662 2494 panem
689 2460 769 2482 eum
802 2447 1023 2491 difficultaiffi
1049 2455 1083 2482 et
1105 2448 1210 2482 etiam
1234 2448 1436 2482 eommunia
1459 2455 1493 2482 et
1513 2448 1655 2482 inhabi-

145 2513 256 2540 tantes
275 2507 469 2550 civitatem.
493 2508 539 2541 ita
561 2506 659 2553 quod
677 2519 779 2553 saepe
795 2513 940 2553 propter
953 2507 1021 2541 hoc
1040 2507 1133 2541 rixae
1153 2508 1358 2541 oriebantur
1376 2507 1412 2541 in
1431 2507 1652 2541 molendinis.
