2137 3131
456 373 528 409 556
798 370 973 405 CORPUS
1000 369 1332 404 CHRONICORUM
1359 368 1624 402 FLANDRME.

458 483 566 516 totius
589 481 683 515 anni.
717 479 766 512 Ab
788 478 862 512 aliis
884 489 1029 524 quoque
1050 477 1284 522 scriptoribus
1302 476 1422 522 scripti
1440 482 1523 509 sunt
1540 486 1662 508 omnes
1681 474 1760 507 libri
1779 474 1974 509 Jheronimi

461 542 495 575 in
512 539 755 586 explanatione
766 536 1036 583 prophetarum.
1053 542 1088 569 et
1102 548 1348 582 quoscumque
1364 535 1519 568 invenire
1534 533 1650 580 potuit
1664 533 1756 567 beati
1773 534 1972 581 Augustini,

464 597 634 632 Ambrosii
649 623 655 637 „
677 594 789 629 bedae
801 621 808 628 .
831 593 970 627 Ysidori
985 621 993 636 ·,
1012 606 1147 627 necnon
1165 593 1331 636 Anselmi7
1349 592 1607 627 Cantuariensis
1625 591 1880 637 archiepiscopi
1894 619 1902 635 7
1923 599 1978 626 at-

461 668 529 702 que
549 662 619 688 tam
638 654 829 701 diligenter
847 652 1023 686 emendati
1038 679 1046 695 7
1069 659 1109 686 ut
1129 653 1183 685 vix
1204 653 1239 685 in
1260 652 1377 698 aliqua
1395 652 1590 685 vicinarum
1609 650 1837 684 ecclesiarum
1856 650 1977 685 similis

461 714 676 748 inveniretur
703 712 937 751 bibliotheca,
969 723 1164 757 omnesque
1184 723 1248 757 pro
1270 709 1488 758 corrigendis
1510 709 1607 743 libris
1625 709 1696 742 suis
1717 708 1761 742 dc
1783 715 1901 742 nostra
1919 721 1979 743 ec-

461 772 562 806 clesia
586 777 748 817 peterent
767 770 992 815 exemplaria.
1016 769 1134 817 Magni
1161 769 1312 802 nominis
1339 780 1559 815 magnaeque
1584 767 1764 814 religionis
1789 773 1875 801 tunc
1905 775 1980 802 erat

462 830 673 866 coenobium
694 835 874 872 nostrum7
902 829 985 874 quia
1007 828 1043 861 in
1067 835 1143 861 toto
1167 827 1472 873 archiepiscopatu
1490 826 1652 860 Remensi
1671 838 1712 859 eo
1731 832 1891 872 tempore
1908 837 1980 860 non

462 889 525 923 nisi
545 895 615 922 tres
633 888 903 921 inveniebantur
921 887 1103 930 ecclesiae7
1126 899 1216 933 quae
1235 885 1509 920 consuetudines
1524 884 1768 919 cluniacenses
1785 891 1977 928 servarent,

463 946 726 994 Acquicinensis
739 973 747 988 7
768 945 1048 993 Hassigemiensis
1067 952 1102 979 et
1116 951 1246 978 nostra.

512 1005 600 1040 Sed¹
617 1017 713 1047 cumff
730 1011 771 1038 ut
783 1004 919 1038 dictum
940 1011 1009 1047 est7
1030 1005 1121 1037 inter
1135 1004 1265 1037 vicinas
1279 1002 1440 1037 ecclesias
1451 1013 1578 1049 magna
1592 1001 1684 1035 fama
1702 1008 1737 1035 et
1749 1002 1981 1048 prosperitate

463 1064 676 1099 coenobium
697 1070 858 1097 nostrum
879 1062 1040 1097 floreret.
1066 1075 1146 1096 ecce
1166 1063 1283 1096 subito
1302 1061 1429 1096 cecidit
1447 1073 1577 1095 corona
1593 1061 1717 1106 capitis
1735 1060 1845 1094 nostri
1863 1067 1899 1094 et
1915 1059 1981 1094 de—

463 1123 546 1157 fecit
559 1121 731 1170 gaudium
749 1120 865 1155 cordis
880 1121 1000 1154 nostri.
1026 1119 1218 1154 Dominus²
1237 1119 1412 1166 siquidem
1428 1119 1603 1152 Manasses
1615 1145 1623 1161 a
1643 1119 1835 1152 Remorum
1851 1118 1984 1153 archie-

464 1182 628 1228 piscopus
639 1207 646 1221 -.
663 1192 703 1213 cx
718 1179 959 1213 admonitione
974 1191 1085 1225 papae
1100 1178 1276 1213 Paschalis
1286 1205 1294 1221 Ἴ
1318 1178 1363 1212 ad
1377 1177 1566 1212 concilium
1581 1178 1790 1225 generaliter
1812 1176 1984 1212 mandans

464 1240 548 1274 alios
567 1239 730 1281 abbates„
751 1239 842 1272 inter
858 1239 943 1272 alios
960 1238 1169 1272 nominatim
1191 1237 1347 1271 evocavit
1371 1236 1535 1271 odonem
1548 1263 1556 1279 7
1577 1236 1740 1270 abbatem
1761 1235 1796 1269 S.
1818 1236 1958 1270 Martini
1972 1263 1980 1279 .,

467 1298 710 1334 Tornacensis.
740 1297 901 1343 Cumque
920 1296 1045 1331 exinde
1064 1296 1278 1330 admirantes
1297 1295 1384 1342 quid
1405 1295 1449 1329 de
1477 1295 1625 1329 concilio
1645 1295 1747 1329 nobis
1767 1295 1980 1338 referretur,

465 1357 605 1392 attoniti
629 1363 663 1390 et
681 1356 840 1402 suspensi
859 1362 1162 1402 exspectaremus7
1187 1367 1267 1389 ecce
1291 1361 1436 1400 repente
1464 1353 1629 1387 audimus
1655 1366 1737 1387 eum
1757 1353 1801 1387 ad
1817 1353 1983 1388 Camera-

466 1416 577 1451 censis
599 1415 690 1449 sedis
713 1415 954 1461 episcopatum
979 1414 1086 1448 fuisse
1114 1415 1285 1456 electum.v
1311 1420 1346 1447 et
1369 1413 1443 1447 sine
1468 1425 1566 1446 mora
1589 1413 1633 1446 ab
1659 1412 1925 1458 archiepiscopo
1950 1419 1985 1446 et

467 1474 822 1521 comprovincialibus
841 1474 1012 1519 episcopis
1032 1479 1288 1507 consecratum.
1317 1472 1405 1512 Quis
1426 1484 1466 1505 eo
1486 1471 1542 1505 die
1566 1472 1682 1505 luctus
1697 1477 1813 1505 totum
1829 1483 1985 1505 conven-

468 1542 545 1568 tum
567 1540 729 1567 nostrum
749 1533 934 1578 repleverit
947 1559 955 1574 ,
976 1532 1094 1565 nullus
1114 1532 1214 1565 facile
1232 1531 1405 1577 explicare
1427 1530 1570 1576 poterit.
1591 1529 1656 1562 Vix
1677 1536 1796 1563 tamen
1815 1536 1896 1563 octo
1913 1529 1988 1563 dies

465 1592 676 1626 transierant
698 1598 733 1624 et
754 1603 897 1624 rursum
920 1590 1021 1623 nobis
1039 1589 1216 1636 quaedam
1236 1588 1399 1623 redditur
1418 1587 1611 1622 consolatio
1624 1614 1632 1629 .,
1655 1587 1843 1633 quoniam7
1869 1587 1985 1621 rebel—

470 1651 561 1685 lante
580 1657 614 1684 et
636 1650 816 1683 resistente
840 1648 1038 1682 Gaulchero
1059 1648 1246 1693 episcopo7
1279 1659 1387 1693 quem
1409 1658 1501 1692 papa
1532 1645 1714 1685 Urbanus,
1736 1645 1829 1679 inter
1850 1651 1986 1680 caetera

469 1721 559 1756 quae
582 1709 617 1741 in
632 1707 909 1742 Claromontensi
929 1706 1078 1740 concilio
1097 1705 1270 1749 decrevit,
1291 1704 1665 1739 excommunicationis
1683 1703 1800 1752 gladio
1815 1705 1988 1751 percussit

470 1775 502 1802 et
530 1768 574 1801 ab
599 1766 787 1813 episcopali
817 1765 931 1800 officio
956 1764 1141 1811 deposuit¹7
1167 1777 1232 1811 pro
1255 1776 1296 1798 eo
1322 1763 1420 1811 quod
1443 1764 1686 1810 episcopatum
1716 1776 1779 1809 per
1797 1763 1985 1809 pecuniam

470 1826 618 1872 adeptus
639 1825 775 1867 fuerat7
797 1831 831 1857 et
848 1824 983 1871 virgam
1006 1830 1113 1869 atque
1134 1823 1305 1856 annulum
1328 1822 1372 1856 de
1390 1834 1497 1855 manu
1520 1822 1742 1867 imperatoris
1763 1828 1985 1868 snsceperat3

471 1886 543 1930 ipse
566 1883 645 1918 Odo
668 1883 812 1929 pacifice
832 1895 903 1916 non
929 1882 1046 1916 valens
1069 1881 1207 1930 ingredi
1234 1881 1462 1915 Cameracum
1485 1881 1610 1914 urbem
1624 1907 1633 1924 2
1658 1893 1800 1914 rursum
1820 1881 1923 1915 nobis
1943 1881 1989 1915 ab

471 1942 736 1988 archiepiscopo
755 1941 947 1974 remittitur
963 1947 998 1974 et
1013 1953 1074 1986 per
1088 1952 1222 1973 annum
1238 1940 1417 1987 integrum
1435 1939 1621 1972 nobiscum
1640 1938 1857 1972 demoratur.
1880 1938 1989 1973 Gaul-

472 2002 599 2036 cherus
621 2001 716 2034 enim
738 2000 845 2048 regali
864 2000 974 2033 fultus
991 1999 1156 2033 violentia
1174 1999 1337 2045 pluribus
1355 1998 1455 2032 annis
1473 1998 1691 2044 episcopatui
1713 1998 1864 2044 superbe
1883 2009 1987 2043 prae-

472 2059 580 2102 siden7
611 2066 644 2093 et
670 2065 793 2093 contra
818 2064 1046 2104 praeceptum
1074 2070 1185 2104 papae
1210 2058 1247 2091 in
1272 2057 1361 2091 urbe
1387 2056 1627 2091 Cameracensi
1652 2056 1813 2090 divinum
1832 2055 1988 2090 officium

473 2118 640 2152 celebrari
660 2117 775 2163 jubet.
805 2116 962 2163 Ideoque
985 2117 1093 2150 abbas
1119 2123 1237 2150 noster
1264 2116 1461 2163 ingressum
1489 2115 1587 2149 urbis
1612 2121 1647 2148 et
1673 2114 1833 2149 redditus
1857 2115 1990 2163 regales

476 2189 546 2210 non
560 2176 703 2219 habuit„
722 2175 835 2209 donec
850 2175 1042 2221 imperator
1057 2175 1235 2209 mandavit
1245 2174 1258 2196 5
1276 2174 1585 2208 Cameracensibus
1597 2201 1606 2217 ,
1623 2181 1663 2207 ut
1676 2174 1914 2208 Gaulcherum
1929 2185 1990 2207 ex-

474 2235 776 2268 communicatum
791 2246 832 2267 ex
851 2234 940 2267 urbe
957 2234 1127 2280 pellerent
1139 2261 1147 2277 ³.
1165 2233 1351 2268 dominum
1363 2245 1445 2267 vero
1465 2233 1627 2267 Odonem
1642 2233 1851 2279 reciperent.
1869 2232 1990 2266 Tunc-

475 2305 544 2339 que
569 2293 724 2338 primum
747 2291 913 2326 dominus
932 2291 1011 2325 Odo
1036 2293 1162 2326 urbem
1187 2291 1278 2326 sedis
1303 2304 1386 2325 suae
1409 2291 1554 2337 pacifice
1571 2290 1795 2339 ingrediens,
1815 2302 1898 2324 cum
1914 2290 1987 2335 jam

475 2351 531 2395 xiij
553 2350 653 2383 annis
674 2350 887 2383 coenobium
906 2356 1069 2384 nostrum
1096 2351 1257 2393 rexisset,
1281 2350 1461 2396 praecepit
1479 2349 1581 2383 nobis
1604 2355 1646 2382 ut
1666 2348 1828 2382 abbatem
1848 2347 1990 2396 eligere-

518 2478 524 2495 ¹
548 2478 650 2504 Herim.
663 2478 675 2513 §
688 2477 724 2504 80
738 2478 764 2504 in
778 2478 844 2504 fine.
904 2477 916 2496 ²
936 2478 1008 2505 lbid.
1022 2479 1034 2513 §
1048 2478 1080 2505 81
1098 2483 1125 2505 et
1137 2478 1173 2505 82
1189 2479 1299 2514 passim.
1361 2478 1374 2496 3
1394 2477 1465 2504 Ibid.
1479 2477 1490 2512 §
1502 2476 1548 2504 84.
