2118 3184
574 392 801 427 CHROMCA
830 393 997 428 AEGwll
1028 394 1067 428 Ll
1098 394 1259 428 Mt'lsls.
1614 397 1678 430 1623

162 506 211 534 es!
227 501 268 534 de
288 503 349 534 iseo
370 500 484 534 ritulo.
510 500 603 534 Mhi!
624 506 740 534 tamen
759 499 1017 534 determinans.
1034 501 1210 535 commisit
1228 502 1297 535 Deo
1316 508 1348 535 et
1370 509 1491 536 sancto
1509 502 1677 536 diffinire.

161 559 262 592 etsie
284 558 388 592 habet
409 559 655 605 unusquisque
680 557 778 604 quod
799 565 899 592 antea
921 558 1140 604 possidebatq
1164 560 1253 593 facta
1273 567 1391 594 autem
1413 562 1557 594 fuerunt
1577 573 1680 607 prae-

161 616 256 651 dicta
275 630 368 651 anno
390 616 619 650 MCCXLYH.
637 616 819 650 Praedicta
838 616 955 650 auditi
973 618 1102 663 pluries
1117 630 1280 651 enarrare
1299 632 1317 651 a
1337 618 1480 652 duobus
1499 619 1680 653 monachis

161 677 316 722 antiquis
329 702 337 711 .
355 675 417 722 qui
436 673 599 708 dicebant
620 686 655 708 se
673 674 805 708 ibidem
826 675 943 709 fuisse.
968 677 1016 709 De
1035 675 1188 709 dominis
1207 677 1435 722 pontificibus
1448 704 1455 710 .
1477 678 1537 723 qui
1558 678 1603 711 ab
1621 690 1681 711 an—

161 735 262 781 tiquo
289 739 454 768 rexerunt
483 733 752 767 Nmiomensem
777 740 808 767 et
831 733 1089 767 'l'ornacensmn
1117 734 1297 768 eeclesias.
1327 742 1359 768 et
1387 735 1569 781 quomodo
1595 735 1678 770 dicti

161 793 384 839 episcopatus
404 793 547 826 fuerunt
572 793 720 838 separati
739 819 747 826 .
771 799 806 826 et
832 792 1015 839 quomodo
1035 793 1149 827 dictae
1173 793 1338 827 ecclesiae
1357 794 1541 839 proprium
1562 801 1681 839 pasto-

161 864 236 885 rem
251 851 472 893 habuerunt,
488 857 521 884 et
536 850 729 885 accidentia
745 863 763 884 a
779 851 953 897 principio
970 864 1080 898 usque
1095 851 1139 885 ad
1160 858 1300 897 teinpus
1314 851 1448 885 domini
1468 853 1499 884 u
1513 853 1610 885 alteri
1631 852 1676 886 de

160 910 311 953 Mam-is,
331 909 438 944 credo
456 909 554 957 quod
566 923 671 956 penes
689 910 869 943 ecelesiam
885 910 1143 944 'fornacensffln
1162 917 1245 944 sunt
1261 917 1319 944 aut
1331 923 1404 944 esse
1423 910 1551 944 debent
1574 911 1679 958 regis-

162 975 269 1010 tratm
287 969 323 1002 in
341 976 462 1003 nostro
478 975 597 1002 autem
613 969 826 1002 monasterio
841 969 876 1003 5.
895 969 1034 1003 Martini
1056 970 1285 1003 'l'ornacensis
1302 969 1337 1002 in
1353 970 1513 1003 liberaria
1529 970 1678 1015 plurima

161 1027 345 1075 registrata
376 1027 622 1069 continentur,
652 1026 813 1060 videlicet
842 1027 877 1060 in
905 1028 1142 1061 voluminibus
1163 1027 1208 1061 de
1235 1028 1487 1061 restauratione
1516 1028 1678 1062 ecclesia«¹

161 1091 196 1119 et
218 1084 264 1119 de
282 1085 492 1131 antiquitate
510 1086 608 1119 urbis
629 1086 871 1119 Tornaeensis.

211 1144 314 1177 Anno
340 1142 531 1177 MCCXIX.
561 1143 627 1177 fuit
656 1143 787 1177 electus
809 1156 870 1189 per
894 1144 1089 1189 capitulum
1112 1142 1336 1176 concorditer
1361 1144 1504 1177 antistes
1529 1151 1561 1177 (Ἰ
1586 1145 1679 1190 epis-

162 1213 272 1248 copus
290 1200 457 1235 dominus
479 1201 653 1235 walterus
672 1201 716 1235 de
735 1200 890 1240 Marcis,
912 1201 1103 1234 canonicus
1121 1207 1155 1233 et
1178 1200 1222 1233 de
1241 1201 1376 1247 gremio
1400 1201 1574 1235 eeclesiae.
1601 1202 1678 1237 Vidi

160 1266 280 1293 autem
308 1259 506 1306 religiosos,
533 1258 727 1292 monachos
753 1265 787 1291 et
811 1258 928 1303 plures
960 1270 1127 1303 personas
1155 1258 1345 1300 seculares2
1375 1271 1465 1304 quae
1495 1272 1529 1292 se
1555 1260 1679 1295 vidisse

160 1329 243 1352 eum
266 1317 489 1356 asscrebant;
519 1322 554 1349 et
576 1315 674 1362 quod
702 1316 846 1349 antistes
870 1316 937 1349 fuit
961 1316 1165 1363 religiosus*
1192 1316 1334 1349 visitans
1355 1323 1389 1349 et
1413 1317 1618 1362 praedicans
1645 1320 1678 1352 in

160 1374 312 1410 ecclesiis
325 1401 333 1417 a
355 1386 528 1420 pauperes
542 1386 702 1407 recreans
715 1401 723 1417 7
745 1380 779 1407 et
793 1374 856 1420 qui
871 1374 1037 1407 omnibus
1052 1374 1154 1408 bonis
1168 1375 1336 1420 operibus
1355 1375 1544 1409 insudabat
1555 1403 1563 1419 7
1580 1377 1680 1423 cujus

159 1433 278 1467 anima
292 1433 329 1466 in
343 1445 429 1479 pace
446 1433 654 1479 requiescat.
677 1432 852 1478 Deditque
871 1432 1090 1478 praebendas
1108 1439 1141 1466 et
1162 1433 1331 1466 beneficia
1347 1435 1504 1479 personis
1523 1435 1681 1469 litteratis

160 1498 195 1525 et
212 1491 303 1526 bene
321 1491 570 1538 morigenatis³
592 1491 818 1537 praefuitque
837 1491 976 1524 circiter
994 1491 1094 1524 annis
1114 1491 1258 1538 triginta
1276 1490 1430 1525 duobus.

210 1551 312 1584 Anno
343 1549 500 1592 MCCLI,
528 1555 719 1595 postquam
743 1548 911 1582 dominus
941 1549 1127 1595 episcopus
1153 1548 1197 1583 de
1220 1549 1361 1584 ‚Marcis
1385 1550 1476 1584 viam
1500 1552 1680 1585 universae

161 1609 277 1644 carnis
298 1609 476 1657 ingressus
504 1614 573 1652 est,
600 1608 755 1642 decanus
774 1615 809 1641 et
827 1608 1022 1654 capitulum
1043 1607 1266 1642 concorditer
1287 1609 1467 1656 elegerunt
1494 1608 1679 1644 dominum

162 1668 362 1702 U'alterum
384 1666 429 1701 de
456 1665 568 1700 Cruce
593 1666 875 1701 concanonicum
894 1679 1019 1710 suum7
1044 1673 1079 1700 et
1102 1666 1146 1700 de
1165 1667 1301 1714 gremio
1321 1667 1504 1709 ccclesiae3
1530 1668 1590 1714 qui
1613 1669 1680 1702 fuit

161 1727 334 1761 litteratus
353 1732 388 1760 et
405 1725 449 1760 de
467 1725 576 1759 nobili
596 1726 784 1773 progenie,
805 1737 956 1772 sequens
980 1726 1015 1759 in
1039 1726 1205 1759 omnibus
1223 1726 1326 1759 bonis
1343 1726 1510 1771 operibus
1531 1726 1680 1772 praede-

160 1785 306 1820 cessoris
324 1785 378 1819 sui
396 1784 540 1832 vestigia
553 1811 562 1828 ,Ι
583 1791 618 1818 et
636 1791 797 1831 tempore
815 1797 880 1818 suo
899 1785 1030 1819 multos
1048 1785 1217 1819 litteratos
1236 1791 1271 1818 et
1288 1785 1441 1818 valentes
1459 1797 1625 1830 personas
1643 1786 1679 1819 in

160 1844 306 1878 ecclesia
323 1843 367 1877 de
386 1843 595 1877 canonicatu
618 1843 871 1890 praebendavit
896 1850 931 1877 et
956 1844 1048 1877 inter
1071 1850 1226 1878 caeteros
1244 1851 1399 1891 quatuor
1417 1850 1562 1889 nepotes
1577 1856 1676 1887 ευοε.Δ

165 1902 362 1936 u'alterum
384 1901 429 1935 de
455 1901 598 1945 Mauso,
619 1908 820 1946 cautorem,
845 1901 1032 1949 Aegidium
1056 1901 1100 1935 (16
1125 1901 1257 1946 Cruce7
1286 1902 1554 1944 cancellarium,
1586 1903 1680 1937 wal-

160 1967 278 1994 terum
296 1959 488 2006 Hunfsltier
505 1966 540 1994 et
558 1960 758 1994 Johannem
776 1959 821 1994 de
840 1960 1042 2001 fllarkrz‘es,
1071 1961 1154 1994 istos
1173 1967 1328 2007 quatuor
1349 1959 1420 1994 vidi
1445 1961 1599 1994 viventes
1617 1974 1679 2007 per

161 2020 310 2068 longum
325 2025 466 2064 tempus
477 2045 486 2062 ,
507 2019 765 2066 acquisivitque
783 2018 900 2053 dictus
915 2018 1082 2053 dominus
1099 2019 1285 2065 episcopus
1299 2018 1459 2053 redditus
1473 2025 1676 2064 perpetuos7

160 2078 206 2112 de
223 2078 354 2125 quibus
374 2078 412 2111 fit
431 2090 535 2112 suum
553 2078 851 2121 anniversarium7
872 2085 907 2111 et
925 2078 991 2111 alia
1009 2078 1119 2111 multa
1134 2078 1170 2111 in
1188 2078 1331 2112 ecclesia
1348 2077 1524 2112 ordinavit
1540 2083 1575 2110 et
1597 2077 1679 2111 fecit

159 2136 268 2185 digua
284 2135 388 2170 laude
405 2142 440 2169 et
457 2135 740 2170 commendanda
761 2149 768 2170 ε
791 2136 945 2182 praefuit
963 2143 1081 2170 autem
1101 2136 1239 2170 circiter
1255 2136 1355 2170 annis
1373 2148 1510 2169 novem.

212 2197 314 2229 Anno
332 2194 535 2237 MCCLXH,
558 2194 728 2229 defuncto
747 2195 894 2229 domino
913 2195 1068 2229 antistite
1086 2194 1290 2240 supradicto
1303 2221 1311 2237 ,
1333 2195 1400 2228 fuit
1418 2194 1547 2227 electus
1566 2193 1677 2227 domi-

163 2266 230 2288 nus
253 2253 432 2287 Johannes
458 2252 667 2295 Bucltiaus,
695 2252 738 2287 de
766 2253 928 2287 Tornaeo
955 2252 1140 2287 oriundus.
1167 2252 1237 2293 Qui
1263 2259 1338 2286 erat
1362 2252 1551 2286 canonicus
1572 2258 1606 2286 et
1632 2252 1676 2286 de

161 2312 298 2361 gremio
319 2317 354 2345 et
372 2311 515 2359 vestigia
534 2311 844 2357 praedecessorum
863 2324 1010 2346 suorum
1029 2311 1249 2345 laudabiliter
1265 2318 1317 2345 est
1334 2317 1491 2352 secutus,
1514 2311 1601 2345 rexit
1618 2324 1677 2345 au-

162 2377 235 2405 tem
250 2371 494 2417 episcopatum
516 2370 655 2404 circiter
671 2370 830 2416 quinque
849 2371 961 2404 annis,

212 2428 313 2463 Tunc
331 2429 501 2475 temporis
520 2428 752 2463 cambiatores
771 2427 940 2463 sedebant
959 2429 994 2463 in
1014 2429 1090 2463 foro
1110 2430 1146 2463 in
1164 2429 1302 2463 cambio
1319 2429 1512 2463 constituto
1531 2427 1675 2470 ibidem„

164 2486 305 2535 fuitque
322 2486 546 2522 concorditer
563 2486 776 2533 depositum.
