2118 3184
768 407 913 442 APPEN
919 407 1057 442 DICES.
1595 409 1666 444 883

144 514 326 540 haereditarie
342 515 485 541 tenendam
498 524 514 540 a
525 514 666 550 praedicto
679 514 783 540 Thoma
796 520 824 541 et
837 524 852 540 a
864 516 1070 542 successoribus
1087 517 1147 550 ejus
1162 517 1188 543 in
1202 522 1367 553 perpetuum
1376 537 1384 548 ‚
1401 516 1435 543 ad
1455 525 1566 543 censum
1583 517 1664 543 unius

143 561 248 587 denarii
267 562 430 588 flandrensis
443 562 478 588 de
491 562 618 597 quolibet
635 562 763 589 bouario.
782 562 832 588 hoc
847 567 889 599 est
901 572 947 589 sex
964 563 1141 590 denariorum
1155 564 1351 591 flandrensium
1366 564 1401 591 de
1421 569 1479 590 tota
1497 569 1572 590 terra
1585 573 1665 600 prae—

142 607 214 634 dicta
223 630 230 636 .
246 609 359 645 singulis
373 609 451 635 annis
462 610 489 635 in
503 609 572 635 festo
584 609 671 635 sancti
683 608 798 645 Remigii
810 609 1015 636 solvendorum.
1027 610 1112 637 Porro
1125 611 1214 638 dictus
1228 611 1292 638 Th..
1307 612 1476 648 interpositis
1484 611 1539 638 fide
1549 617 1577 638 et
1585 612 1665 646 jura-

146 661 236 681 mento
249 676 255 682 .
273 656 395 691 promisit
407 664 498 682 coram
511 655 605 685 nobis,
626 655 701 690 quod
721 656 779 691 ipse
799 661 825 682 ct
844 665 938 682 omnes
958 666 1131 684 successores
1150 659 1192 684 sui
1213 658 1246 685 de
1269 658 1390 694 praefata
1408 664 1482 684 terra
1498 659 1556 693 jam
1576 659 1664 686 dictae

144 702 280 729 &inivensi
291 702 420 729 ecclesiae
432 702 580 738 legitimam
591 711 622 728 ac
634 707 794 737 perpetuam
807 703 993 729 warandisiam
1004 703 1184 731 exhibebunt.
1199 705 1256 732 Hoc
1269 705 1339 732 idem
1354 706 1435 731 etiam
1443 707 1499 740 jam
1514 704 1568 732 fide
1580 707 1666 733 inter-

145 750 232 785 posita
243 771 249 777 .
267 750 353 784 major
366 755 432 776 natu
447 749 520 775 filius
536 750 597 783 ejus
610 749 745 776 nadulfus
761 750 795 776 de
807 750 880 776 dicta
898 750 1070 781 waraudisia,
1087 761 1136 786 pro
1153 758 1230 787 parte
1245 762 1294 779 sua
1316 753 1342 778 in
1359 758 1482 788 tempore
1495 763 1560 785 suo,
1575 754 1664 780 dictae

142 797 273 823 ecclesiae
290 796 444 823 exhibenda
462 797 603 831 promisit;
626 796 746 832 denique
766 796 800 822 ad
822 797 952 831 majorem
970 798 1163 824 certitudinem
1185 798 1273 825 dictae
1292 799 1469 826 warandisiae
1488 800 1664 826 obtinendam

144 843 278 870 Radull'us
289 844 377 877 major
389 848 453 869 natu
466 842 540 869 filius
552 843 685 878 praedicti
699 843 764 874 Th„
781 843 815 870 de
829 853 942 870 assensu
955 849 983 870 et
995 845 1160 871 auctoritate
1171 845 1224 871 Th.
1240 846 1325 881 patris
1338 846 1380 871 sui
1389 866 1395 877 ‚
1406 846 1536 882 obligavit
1553 856 1665 882 praeno-

143 895 215 917 tatae
227 890 358 917 ecclesiae
373 890 510 917 Ninivensi
524 891 648 926 quinque
662 890 775 917 bonaria
793 895 882 918 terrae
897 892 965 917 sitae
982 892 1009 918 in
1026 891 1155 927 parochia
1169 892 1203 919 de
1217 892 1421 925 Skendelbeka,
1439 902 1510 928 quae
1523 893 1557 919 ab
1568 894 1663 920 eadem

141 937 256 965 eeclesia
272 942 347 964 tenet
361 938 388 963 in
404 937 514 964 feodum
524 958 531 967 ,
547 938 599 964 sub
615 937 666 964 hac
678 937 767 964 forma
781 945 788 963 :
806 942 838 964 ut
851 938 873 964 si
887 938 1038 974 quidquam
1050 939 1084 966 de
1095 939 1175 965 dictis
1188 948 1235 966 sex
1247 939 1368 966 bonariis
1381 944 1472 966 terrae
1483 950 1554 976 quae
1567 950 1665 977 supra—

141 986 232 1012 dictus
243 985 296 1012 Th.
311 985 432 1011 vendidit
447 985 584 1011 Ninivensi
598 985 744 1017 ecclesiae,
761 985 795 1011 ab
809 986 866 1021 ipsa
881 985 994 1012 ecclesia
1011 986 1104 1022 aliquo
1118 987 1316 1022 temporejure
1331 992 1357 1013 et
1367 987 1474 1021 justitia
1488 988 1592 1015 auferri
1604 998 1665 1015 con-

142 1035 248 1070 tingat‚
267 1033 437 1059 tantumdem
459 1032 493 1059 de
512 1032 660 1068 praedictis
676 1033 800 1069 quinque
819 1033 941 1060 bonariis
960 1039 1051 1060 terrae
1068 1034 1141 1070 apud
1159 1034 1396 1066 Skeudelbekum,
1418 1044 1488 1070 quae
1502 1035 1536 1061 ab
1552 1036 1664 1062 ecclesia

142 1081 211 1116 ipsa.
223 1085 253 1106 ut
266 1079 370 1106 dictum
383 1084 435 1106 est.
449 1085 559 1105 tenetur
571 1080 597 1105 in
612 1079 721 1106 feodum
730 1101 737 1112 ,
750 1081 859 1106 nomine
871 1080 1053 1107 restitutionis
1063 1082 1184 1108 retinere
1198 1081 1249 1108 sibi
1263 1081 1375 1107 debebit
1388 1081 1501 1108 ecclesia
1515 1083 1664 1117 praelibata

144 1127 295 1154 secundum
309 1126 452 1153 consilium
465 1126 584 1152 duorum
599 1126 641 1152 vel
654 1127 736 1153 trium
752 1127 887 1153 bonorum
900 1128 1020 1154 virorum
1033 1130 1080 1164 qui
1093 1129 1127 1155 de
1138 1138 1250 1155 assensu
1261 1129 1346 1164 ipsius
1357 1128 1488 1156 ecclesiae
1499 1135 1525 1156 et
1534 1131 1667 1166 praedicti

143 1174 264 1200 'rhomae
275 1183 305 1199 ac
318 1173 424 1199 Radulfi
435 1194 442 1204 ‚
459 1173 507 1199 filii
523 1175 565 1199 sui
574 1195 580 1199 .
598 1173 639 1200 vel
653 1183 842 1200 successorum
856 1184 951 1201 eorum
963 1185 1046 1210 super
1061 1175 1112 1201 hoc
1124 1185 1174 1211 pro
1190 1181 1313 1211 tempore
1324 1178 1505 1203 communiter
1516 1178 1664 1213 eligentur.

144 1221 217 1248 Neve
231 1225 323 1246 autem
336 1229 420 1255 super
432 1219 474 1245 his
487 1229 557 1255 quae
572 1221 741 1256 praescripta
758 1226 836 1248 sunt.
854 1221 946 1257 aliqua
958 1222 1094 1248 dubitatio
1107 1223 1134 1248 in
1149 1228 1289 1258 posterum
1302 1224 1423 1257 oriatur,
1443 1225 1574 1260 scriptum
1591 1235 1668 1260 prae>

144 1276 206 1293 sens
219 1266 252 1293 ad
265 1267 423 1303 petitionem
436 1266 571 1292 dictarum
586 1268 705 1302 partium
717 1268 742 1293 in
756 1269 940 1294 testimonium
955 1275 1120 1296 memoratae
1135 1270 1175 1296 rei
1185 1275 1278 1306 gestae
1289 1270 1387 1307 sigillis
1398 1272 1500 1298 nostris
1510 1273 1666 1298 censuimus

144 1313 341 1341 roborandum.
359 1313 453 1340 Actum
469 1323 541 1339 anno
555 1315 659 1349 gratiae
673 1314 883 1347 MCCXXXVIL
899 1325 990 1342 mense
1001 1316 1095 1343 Junio.

926 1382 1049 1413 Original.
1061 1382 1183 1414 fragment
1194 1391 1223 1407 en
1233 1383 1282 1408 cire
1294 1391 1370 1416 rouge
1381 1384 1413 1408 du
1425 1391 1494 1408 sceau
1503 1384 1532 1408 de
1542 1385 1662 1409 Wautier.

947 1425 1027 1456 doyen
1046 1426 1075 1450 de
1089 1426 1221 1450 eliminent&
1231 1426 1260 1450 de
1272 1428 1427 1456 Grammont.v
1440 1427 1545 1458 pendant
1555 1430 1568 1451 a
1579 1427 1665 1452 double

951 1476 1030 1499 queue
1041 1468 1070 1492 de
1081 1468 1228 1499 parchemin.

810 1716 892 1750 CLX
899 1716 1005 1750 XXV.

269 1803 369 1848 Bres'
382 1803 432 1837 dec
442 1816 536 1850 pape
554 1803 719 1850 Gre'qoz're
737 1802 794 1837 IX
807 1815 850 1836 en
862 1804 994 1848 fat-eur
1006 1803 1047 1837 de
1063 1803 1191 1837 l’ordre
1205 1804 1246 1838 de
1261 1804 1483 1839 Pre‘montre'.
1494 1825 1541 1830 -—

736 1863 890 1895 Arruns
904 1873 1062 1895 mvnsrs.

479 2031 563 2054 Donne
573 2033 587 2054 a
598 2031 694 2054 5¹-Jean
707 2031 736 2054 de
749 2031 837 2054 Latran
846 2049 852 2054 .
866 2035 889 2054 et
901 2030 1047 2062 homologue
1059 2032 1072 2054 a
1082 2031 1238 2060 Premontre‚
1250 2031 1322 2055 1258.

184 2100 334 2137 Gregorius
343 2102 488 2137 episcopus
501 2121 508 2132 ,
523 2110 620 2127 servus
634 2110 777 2127 servorum
792 2100 840 2127 Dei
849 2121 855 2133 ,
872 2100 979 2127 dilectis
990 2099 1054 2127 filiis
1066 2100 1159 2127 abbati
1170 2101 1433 2128 Praemonstratensi
1446 2107 1473 2128 et
1483 2103 1663 2130 coabbatibus

145 2148 201 2174 suis
208 2168 215 2179 ,
225 2147 342 2174 salutem
351 2152 378 2173 et
386 2147 562 2183 apostolicam
570 2147 799 2174 benedictionem.
809 2147 885 2173 Licet
893 2147 981 2179 vohis,
992 2148 1063 2174 sicut
1072 2148 1203 2180 asseritis,
1215 2157 1231 2174 a
1242 2147 1307 2174 sede
1320 2148 1468 2184 apostolica
1481 2149 1516 2175 sit
1526 2149 1662 2176 indultum

146 2200 176 2221 ut
187 2195 296 2221 litterae
303 2200 399 2221 contra
411 2204 459 2221 vos
467 2204 481 2220 a
494 2194 559 2221 sede
569 2194 718 2229 apostolica
729 2195 890 2230 impetratae
902 2203 956 2220 non
968 2194 1091 2227 valeant⁷
1107 2195 1159 2221 nisi
1167 2195 1202 2221 de
1210 2195 1307 2221 ordine
1315 2200 1408 2221 vestro
1422 2194 1537 2222 fecerint
1548 2196 1664 2222 mentio-

144 2251 206 2268 nem
217 2262 223 2273 ,
241 2251 290 2268 nos
304 2247 392 2268 tamen
408 2242 494 2277 quieti
507 2247 617 2268 vestrae
635 2241 758 2268 volentes
771 2241 889 2268 consulti
901 2241 1063 2277 providere,
1078 2243 1242 2269 auctoritate
1254 2242 1331 2268 vobis
1344 2244 1528 2278 praesentium
1540 2243 1665 2280 indulge-

146 2299 220 2320 mu5‚
236 2294 267 2315 ut
280 2298 330 2325 per
342 2288 414 2315 illam
425 2288 574 2315 clausulam
586 2288 741 2324 generalem
756 2288 866 2324 quidam
881 2288 926 2314 alii
939 2298 993 2315 non
1007 2289 1115 2325 possitis
1128 2289 1302 2325 aliquatenus
1310 2291 1450 2316 conveniri
1460 2311 1467 2323 ,
1485 2291 1535 2316 nisi
1555 2290 1664 2317 litterae

145 2335 311 2372 apostolicae
326 2345 480 2371 expressam
495 2335 528 2361 de
541 2336 803 2362 Praemonstratensi
814 2335 910 2362 ordine
920 2335 1037 2363 fecerint
1046 2337 1223 2363 mentionem.
1237 2336 1308 2363 Nulli
1321 2346 1388 2373 ergo
1401 2338 1511 2363 omnino
1522 2337 1662 2364 hominum

145 2384 226 2410 liceat
240 2382 311 2409 hanc
324 2383 448 2418 paginam
463 2387 574 2408 nostrae
587 2383 768 2409 concessionis
781 2382 933 2419 iufringere
942 2403 949 2416 ‚
963 2383 1008 2410 vel
1019 2384 1043 2410 ei
1053 2393 1123 2410 ausu
1136 2383 1282 2410 temerario
1295 2383 1443 2410 contraire.
1458 2383 1486 2410 Si
1499 2385 1561 2420 quis
1572 2390 1662 2411 autem

144 2430 196 2457 boc
210 2434 346 2456 attentare
362 2429 591 2464 praesumpserit,
606 2429 633 2455 in
647 2428 861 2465 indignationem
874 2430 1068 2466 omnipotentis
1082 2430 1132 2457 Dei
1145 2435 1173 2457 et
1188 2430 1331 2456 beatorum
1349 2430 1422 2456 Petri
1436 2436 1463 2457 et
1475 2431 1567 2465 Pauli,
1583 2441 1663 2467 apos-

145 2478 265 2504 tolorum
276 2478 336 2511 ejus
353 2486 382 2503 se
396 2477 504 2503 noverit
519 2477 705 2503 incursurum.
722 2476 821 2503 Datum
833 2477 999 2504 Latet-aneae
1008 2499 1015 2511 5
1027 2478 1132 2504 decimo
1144 2478 1260 2513 septimo
1271 2477 1400 2504 kalendas
1410 2477 1566 2511 Februarii,
1578 2480 1664 2515 ponti-

145 2527 241 2552 licatus
252 2525 338 2551 nostri
357 2534 428 2550 anno
443 2525 568 2559 septimo.
586 2524 622 2550 Ut
638 2529 730 2551 autem
746 2524 810 2551 huic
825 2525 990 2561 transcripbo
1009 2525 1091 2552 fidem
1111 2525 1261 2552 adhibeant
1275 2525 1410 2557 universi,
1425 2526 1460 2552 ad
1477 2526 1660 2553 abundantem
