2137 3131
376 365 447 400 962
987 349 1275 388 APPENDICES.

378 484 422 500 sex
433 471 555 505 j0snn1=ia
569 474 593 494 οι
606 466 784 503 quadraginta
802 464 892 498 virgas
901 483 906 487 .
921 469 1016 496 parum
1029 459 1090 495 plus
1100 458 1142 485 vel
1155 458 1258 489 minus,
1272 462 1362 483 terrae
1373 455 1610 490 arabitisjacent'is
1624 456 1651 481 in
1663 455 1789 481 districtu
1802 460 1831 482 et
1844 455 1893 481 do-

380 521 460 547 minio
473 528 530 544 uino
543 517 576 542 d(-
591 513 791 548 llorlinyhnves,
806 511 831 536 in
848 509 955 535 cultura
967 508 1016 533 sita
1032 507 1103 532 inter
1115 505 1206 531 villam
1219 504 1253 530 de
1267 503 1350 530 outre
1361 508 1388 529 et
1402 507 1507 529 curtem
1526 502 1664 536 Rubroch,
1682 502 1764 538 paulo
1776 501 1891 529 inferius

379 576 472 593 versus
480 566 562 600 ipsam
574 562 660 588 villam
670 560 703 585 de
714 559 805 591 Onlre,
819 566 866 593 per
875 556 953 590 cujus
962 560 1050 581 terrae
1059 558 1163 589 partem
1174 552 1269 578 semita
1279 551 1412 587 quaedam
1424 555 1564 586 protracta
1575 555 1631 583 est,
1645 559 1717 586 quae
1727 559 1741 576 a
1751 550 1822 576 dicta
1832 549 1896 576 villa

379 614 412 641 de
427 614 506 639 Outre
516 615 589 636 rvcto
605 608 712 634 tramite
721 605 806 631 tendit
819 612 913 630 versus
921 607 1024 628 curtem
1036 600 1157 626 ltnbroch
1165 599 1332 635 praedictam
1341 619 1348 627 ,
1363 607 1444 633 quam
1457 602 1558 624 terram
1572 597 1642 624 idem
1651 597 1783 633 Aegidius
1791 601 1895 624 emerat

379 671 441 697 erga
460 661 566 686 Petrum
579 678 585 683 .
605 656 689 681 lilium
708 652 844 689 quondam
860 651 944 677 Coliui
960 650 994 675 do
1010 648 1129 684 Asplm,
1151 648 1177 674 in
1194 656 1249 682 qua
1268 652 1342 672 terra
1361 646 1485 681 quintam
1504 645 1615 681 garbam
1631 645 1696 679 jure
1710 644 1896 671 haereditario

378 708 458 735 habui
472 712 495 731 et
510 713 618 731 causum
636 703 692 728 sive
709 700 846 726 redditum
860 697 1004 733 quenulam
1021 695 1085 721 mihi
1099 704 1161 721 cum
1179 695 1236 729 ipsa
1253 693 1338 729 garba
1357 693 1497 718 annuatim
1514 692 1638 718 debitum
1657 692 1683 718 in
1700 691 1895 718 monasterium

377 756 410 782 de
427 753 519 780 Ninive
534 749 720 779 transtulerit,
734 746 863 772 noveritis
875 744 948 780 quod
961 753 1011 779 ego
1026 743 1061 768 ob
1076 742 1196 768 savorem
1212 750 1293 776 quem
1304 739 1430 776 religioni
1445 744 1473 765 et
1483 739 1631 774 praecipue
1643 739 1716 765 dicto
1730 739 1897 765 monasterio

378 811 453 838 geru.
465 800 563 826 dictam
574 795 775 822 translationem
787 791 936 828 approbavi
945 796 970 816 et
979 795 1064 816 ratam
1076 789 1170 815 habui.
1181 787 1404 823 Insuperdictam
1415 786 1528 823 garbam
1538 791 1565 812 et
1572 795 1683 812 censum
1692 787 1749 812 sive
1757 785 1897 812 redditum

380 847 563 884 praedictum,
579 842 786 879 qualiscumque
802 848 850 865 seu
868 843 1107 874 quantuscumque
1120 834 1218 866 suerit:⁷
1233 834 1308 860 dicto
1325 833 1490 860 monasterio
1501 842 1532 859 ac
1543 833 1691 859 conventui
1708 833 1769 867 ejus
1787 833 1898 864 remisi,

379 895 480 930 quitam
495 892 551 918 sive
565 890 670 926 quitum
684 887 796 914 clamavi
813 886 882 912 acin
896 889 1060 920 perpetuum
1077 882 1176 909 donavi
1189 881 1241 908 sub
1256 890 1348 907 annuo
1363 889 1447 906 censu
1461 880 1488 906 in
1505 879 1588 906 natali
1601 879 1708 906 Domini
1722 879 1855 906 solvendo
1869 880 1896 906 in

379 943 450 968 hunc
461 939 568 965 modum
580 958 585 968 ,
600 936 701 963 scilicet
715 935 749 960 de
762 933 874 959 bonario
887 936 1008 967 quatuor
1016 930 1143 956 denarios
1158 929 1343 960 flandrenses,
1359 928 1436 953 etsie
1449 927 1484 953 de
1497 927 1604 962 reliqua
1619 931 1698 962 parte
1712 931 1805 953 terrae
1818 935 1899 962 prae-

380 989 466 1014 dictae
482 986 614 1020 reliquam
631 987 734 1018 partem
748 989 845 1007 census
856 978 1044 1005 estimandam.
1062 977 1092 1003 ln
1105 977 1184 1011 cujus
1196 977 1236 1002 rei
1247 976 1432 1002 testimonium
1448 974 1569 1010 sigillum
1582 983 1671 1000 meum
1689 973 1754 1000 duxi
1768 983 1900 1010 praesen-

379 1036 452 1061 tibus
467 1033 564 1060 litteris
583 1029 792 1067 apponen‹lum;
815 1037 865 1063 ego
879 1027 959 1053 ctiam
980 1025 1124 1060 Philippus
1140 1025 1174 1050 de
1196 1024 1318 1060 Vyennes
1334 1023 1434 1049 dictam
1451 1022 1659 1049 translationem
1677 1027 1763 1048 ratam
1778 1022 1898 1055 habens,

379 1083 448 1108 sicut
460 1081 530 1106 dicta
542 1079 649 1105 domina
663 1081 748 1102 mater
761 1084 829 1106 mea„
841 1074 938 1100 dictam
951 1073 1063 1109 garbam
1072 1081 1132 1098 cum
1142 1081 1225 1098 censu
1237 1071 1294 1097 sive
1304 1070 1413 1096 redditu
1426 1069 1568 1106 praedicto
1579 1069 1698 1096 debitam
1710 1069 1784 1096 dicto
1796 1079 1900 1096 monas-

380 1129 448 1155 terio
461 1127 550 1153 remisi
563 1135 593 1151 ac
607 1124 705 1151 donavi
718 1122 797 1148 modo
808 1121 948 1157 praedicto
959 1142 966 1152 ,
981 1125 1008 1146 et
1019 1120 1045 1145 in
1058 1119 1141 1154 hujus
1152 1119 1193 1145 rei
1207 1118 1392 1145 testimonium
1409 1117 1490 1144 etiam
1507 1116 1628 1153 sigillum
1642 1125 1734 1143 meum
1745 1116 1787 1143 his
1799 1116 1899 1144 litteris

383 1175 509 1212 appendi.
522 1174 620 1200 Datum
633 1181 702 1198 anno
714 1170 820 1197 Domini
831 1167 1033 1196 MCCLXXXIX
1046 1189 1052 1193 .
1071 1176 1163 1193 mense
1178 1167 1314 1203 Augusto.

1196 1233 1318 1265 Originat.
1336 1233 1356 1256 le
1368 1239 1438 1256 sceau
1454 1231 1482 1256 de
1494 1231 1582 1256 Marte.
1599 1239 1628 1255 en
1642 1231 1690 1255 cire
1701 1231 1777 1255 brune
1786 1250 1791 1255 .
1803 1235 1838 1255 est
1848 1230 1898 1255 seul

1230 1276 1351 1300 conserui».

1111 1357 1180 1368 l!

1038 1554 1217 1591 CCLXXV
1224 1581 1230 1587 .

384 1656 429 1690 Le
442 1653 611 1688 chevalier
622 1652 714 1686 Jean
726 1651 766 1684 cle
781 1648 987 1684 Lz‘edekerlce
1000 1647 1136 1682 de'elare
1148 1659 1213 1693 que
1227 1645 1386 1692 l’ablmye
1399 1658 1423 1678 a
1436 1644 1623 1679 aclcete‘des
1630 1642 1745 1690 freres
1758 1643 1902 1678 Ge'rard

432 1720 462 1747 et
482 1712 584 1748 Gilles
603 1709 799 1757 d’Eyylae7tz
817 1721 887 1743 une
904 1709 1042 1741 maison
1061 1712 1093 1740 et
1109 1718 1162 1740 un
1180 1717 1302 1752 verger
1319 1703 1439 1750 qu'elle
1457 1704 1536 1738 lem·
1560 1716 1583 1737 a
1605 1701 1700 1736 ce'de's
1725 1705 1859 1737 ensuite
1877 1701 1900 1736 ἁ

431 1772 554 1817 charge
578 1769 666 1803 cl'zm
688 1780 768 1802 cens
785 1767 920 1801 anmcel
928 1781 939 1808 ;
967 1766 995 1800 le
1014 1765 1187 1799 chevalier
1203 1763 1371 1809 confirme
1389 1762 1423 1797 la
1446 1764 1666 1798 transaction
1684 1773 1814 1796 comme
1834 1764 1902 1796 sei·-

430 1842 546 1876 9neur
562 1828 602 1861 cle
616 1827 650 1860 la
668 1832 771 1860 terre.
791 1847 836 1851 —
848 1826 1025 1860 Wommz.

1101 1980 1174 2004 1289.

423 2056 477 2091 Ego
488 2055 625 2081 Johaunes
639 2055 672 2081 de
686 2054 836 2081 Lidekerke
846 2075 853 2086 ‚
869 2053 960 2086 miles,
977 2058 1072 2079 tenens
1085 2052 1234 2078 dominium
1249 2051 1282 2077 de
1299 2050 1428 2087 Apelli-en
1440 2055 1468 2076 et
1481 2049 1515 2075 de
1531 2049 1650 2086 Ethem
1661 2070 1667 2082 ‚
1685 2049 1819 2075 universis
1832 2048 1902 2075 banc

386 2103 507 2138 paginam
520 2103 683 2137 inspecturis
697 2103 722 2128 in
738 2106 913 2137 perpetuum.
928 2101 1026 2127 Notum
1047 2100 1117 2126 facio
1135 2099 1210 2135 quod
1232 2099 1284 2125 viri
1300 2098 1419 2134 religiosi
1434 2097 1518 2124 abbas
1530 2102 1558 2124 et
1572 2101 1725 2123 conventus
1741 2096 1775 2123 de
1788 2096 1884 2122 Ninive
1894 2118 1901 2127 ‚

386 2150 486 2175 ordinis
498 2150 786 2181 praemonstratensis,
806 2153 931 2175 emerunt
947 2149 1068 2184 legitime
1082 2157 1148 2183 erga
1161 2147 1314 2173 Gerardum
1333 2151 1361 2172 et
1380 2145 1525 2182 Aegidium
1540 2144 1655 2177 fratres,
1675 2144 1748 2170 filios
1764 2144 1856 2170 Addae
1869 2144 1903 2171 dc

388 2196 517 2232 Eyqlwrn,
532 2206 581 2231 pro
596 2196 688 2222 decem
704 2196 779 2222 libris
792 2196 988 2231 parisiensibus
1005 2195 1091 2221 eidem
1106 2204 1121 2220 a
1135 2194 1215 2220 dictis
1228 2193 1364 2229 religiosis
1378 2193 1526 2224 exsolutis,
1542 2191 1668 2218 videlieet
1683 2201 1806 2217 mansum
1816 2200 1902 2218 unum

386 2252 445 2268 cuni
462 2245 580 2278 pomerio
594 2243 752 2269 adhaerenti
766 2248 863 2269 etcum
876 2248 933 2269 toto
947 2243 1001 2269 situ
1015 2252 1080 2275 suo⁷
1092 2243 1229 2277 jacentem
1242 2246 1339 2268 contra
1352 2241 1452 2266 atrium
1466 2239 1500 2266 de
1515 2239 1651 2276 Ethem,
1663 2243 1692 2265 et.
1705 2248 1787 2265 unam
1798 2240 1901 2274 peciam

388 2291 441 2315 sive
458 2291 615 2325 particulam
637 2291 853 2325 pratijacentem
876 2291 902 2316 in
920 2290 980 2316 loco
999 2291 1046 2325 qui
1064 2290 1165 2316 dicitur
1183 2289 1352 2325 Lanybroclz,
1373 2289 1399 2314 in
1415 2287 1517 2323 quibus
1537 2286 1648 2323 quidem
1667 2295 1760 2312 manso
1779 2295 1810 2312 ac
1822 2291 1903 2322 prato

388 2336 470 2362 frater
482 2338 576 2363 Petrus
587 2338 619 2363 de
631 2338 832 2364 Geraldituonte
847 2338 1021 2373 pitantiarius
1034 2338 1186 2364 Ninivensis
1200 2337 1322 2373 legitime
1337 2335 1389 2362 fuit
1404 2335 1549 2361 investitus
1560 2356 1566 2367 ,
1582 2335 1638 2360 sive
1653 2333 1836 2367 haeredatus,
1853 2343 1902 2360 no-

388 2384 456 2409 mine
468 2384 600 2410 dictorum
615 2385 720 2411 abbatis
741 2390 767 2411 et
780 2390 932 2411 conventus
949 2390 975 2411 et
996 2385 1030 2410 ad
1048 2394 1117 2420 opus
1135 2384 1265 2420 pitantiae
1282 2382 1442 2410 eorumdem
1462 2391 1512 2417 per
1523 2381 1659 2416 judicium
1676 2381 1850 2407 scabinorum
1867 2381 1901 2408 de

393 2431 514 2465 Apellren
531 2437 557 2457 et
571 2432 603 2458 de
618 2432 734 2468 Ethem
750 2432 864 2459 inferius
882 2432 1083 2458 nominatorum
1097 2442 1111 2458 a
1126 2431 1215 2458 villico
1230 2431 1379 2457 subnotato
1394 2430 1428 2456 ad
1443 2429 1495 2456 hoc
1509 2429 1562 2456 rite
1576 2429 1812 2462 submonitorum,
1827 2428 1905 2455 adhi-

390 2478 450 2503 bitis
463 2480 708 2506 renuntiationibus
720 2485 746 2505 et
760 2480 978 2506 solemnitatibus
992 2480 1091 2506 debitis
1103 2485 1128 2506 et
1141 2480 1289 2505 consuetis.
1304 2478 1411 2514 Quibus
1424 2478 1460 2504 ita
1474 2477 1568 2510 sactis,
1584 2476 1673 2503 dictus
1687 2475 1772 2503 frater
1786 2476 1883 2502 Petrus
1895 2496 1901 2508 ,
