2118 3184
803 441 1092 477 APPENDICES.
1634 443 1702 478 961

827 548 1040 598 cctfxxm.

183 626 230 661 Le
245 629 314 661 sire
326 627 367 661 de
380 625 588 660 Liedekerke
602 625 717 659 donne
730 623 753 658 ἀ
771 625 928 671 [abbaye
941 625 1057 660 ‹liz-ers
1072 638 1222 660 revenus
1230 639 1328 673 pom·
1342 628 1376 660 la
1390 627 1577 672 fondalz‘on
1594 628 1700 662 d’um·

243 685 452 732 chapellem'e
467 684 559 718 dans
576 683 698 730 I'eJqlise
715 685 924 730 paroisse'ale
942 685 983 719 de
1004 685 1223 719 Liedelcerlre.
1243 707 1290 712 —
1307 688 1459 721 Arruns
1475 699 1632 721 mvnsrs.

907 842 979 866 1289.

220 912 276 949 Ego
291 912 362 939 Raso
371 912 406 939 de
419 912 525 939 Gavera
535 933 543 945 ‚
557 912 684 939 dominus
695 913 729 939 de
743 912 912 940 Liedekerte
926 919 954 939 et
966 913 1000 940 de
1012 914 1099 940 Breda
1109 935 1116 946 ,
1131 915 1258 941 omnibus
1273 915 1324 942 hoc
1337 915 1469 950 scriptum
1485 915 1584 942 visuris
1597 915 1623 941 iu
1637 923 1700 950 per-

180 965 306 995 petuum.
322 960 453 987 Noverint
465 960 587 987 universi
603 965 655 987 tam
670 966 830 996 praesentes
840 970 921 996 quam
937 962 1056 997 posteri,
1071 962 1146 997 quod
1160 971 1212 998 ego
1224 963 1259 988 ob
1274 963 1326 989 mei
1337 962 1510 998 dilectaeque
1521 963 1614 988 uxoris
1625 971 1699 988 meae

181 1007 352 1044 Margaretae
363 1009 520 1034 memoriam
534 1008 697 1039 salutarem,
713 1008 818 1034 contuli
833 1008 919 1035 libere
930 1014 957 1035 ct
972 1009 1098 1036 absolute
1111 1009 1250 1036 Ninivensi
1263 1010 1407 1041 ecclesiae,
1424 1009 1700 1036 Praemonstrateusis

180 1055 285 1082 ordinis
294 1076 302 1087 ‚
317 1055 351 1081 ad
363 1064 434 1091 opus
444 1055 613 1091 capellaniae
623 1077 630 1084 .
649 1056 845 1083 deserviendae
859 1057 886 1082 in
897 1056 1010 1083 ecclesia
1026 1056 1175 1092 parochiali
1185 1057 1220 1084 de
1231 1057 1400 1084 Liedekerke
1412 1067 1462 1093 per
1479 1057 1597 1093 aliquem
1611 1057 1646 1083 de
1656 1066 1700 1082 ca—

179 1103 284 1129 nonicis
292 1102 444 1129 Ninivensis
452 1103 582 1129 ecclesiae
593 1124 599 1133 ,
610 1102 703 1129 decem
717 1103 801 1129 libras
813 1103 982 1129 flandrenses
994 1113 1141 1135 novorum,
1157 1104 1244 1131 bonae
1253 1110 1281 1131 et
1293 1105 1396 1131 usualis
1405 1110 1544 1136 monetae,
1557 1104 1697 1130 annuatim

179 1149 351 1185 recipiendas
362 1149 396 1175 de
411 1150 505 1185 primis
519 1149 675 1176 redditibus
689 1150 916 1185 pervenientibus
929 1150 962 1176 ad
981 1156 1101 1177 castrum
1115 1150 1150 1177 de
1163 1150 1333 1178 Liedekerke
1343 1172 1350 1183 ,
1365 1152 1399 1178 ad
1419 1151 1508 1178 natale
1523 1151 1630 1178 Domini
1644 1152 1700 1176 sin-

178 1196 252 1232 gulis
264 1197 358 1230 annis,
379 1198 417 1223 ita
434 1197 509 1233 quod
528 1197 684 1233 praedictae
696 1198 834 1224 &inivensi
852 1198 983 1224 ecclesiae
996 1198 1030 1224 de
1043 1198 1136 1224 decem
1154 1198 1231 1225 libris
1252 1199 1399 1234 praedictis
1416 1199 1451 1226 sit
1467 1208 1575 1234 semper
1589 1199 1698 1234 penitus

178 1243 359 1270 satisfactum.
372 1244 440 1270 Item
452 1265 458 1270 .
474 1253 581 1270 omnem
594 1244 726 1270 decimam
739 1253 824 1270 meam
835 1265 843 1276 ‚
855 1249 883 1270 et
891 1245 1014 1279 quintam
1027 1245 1139 1281 garbam
1151 1254 1232 1280 qnam
1246 1245 1390 1282 hucusque
1402 1247 1495 1282 recepi
1507 1246 1579 1272 inter
1592 1245 1699 1282 Ocstyal

179 1296 207 1316 et
224 1290 351 1323 Bac-rem,
366 1291 470 1317 scilicet
484 1291 510 1316 in
524 1290 566 1317 his
581 1291 646 1317 locis
659 1291 693 1317 de
707 1300 752 1317 sex
763 1291 886 1317 dietariis
901 1296 991 1317 terrae
1006 1291 1158 1318 Ninivensis
1169 1301 1254 1327 supra
1265 1292 1359 1318 linene
1370 1313 1377 1323 ‚
1389 1293 1519 1319 decimam
1535 1293 1569 1319 de
1581 1302 1636 1319 uno
1652 1293 1700 1318 bo-

179 1339 258 1364 nario
276 1347 360 1374 supra
379 1338 564 1364 molendinum
582 1338 714 1364 ecclesiae
732 1338 897 1369 Ninivensis,
919 1338 1051 1364 decimam
1072 1338 1106 1364 de
1125 1339 1214 1365 tribus
1235 1338 1358 1366 dietariis
1376 1339 1418 1366 vel
1439 1340 1549 1366 circiter
1568 1340 1602 1366 de
1624 1344 1698 1366 terra

179 1385 318 1420 quondam
331 1384 465 1416 triennis,
481 1385 612 1410 decimam
623 1385 657 1410 de
667 1385 790 1411 dietariis
804 1390 831 1411 et
845 1385 957 1411 dimidio
971 1385 1121 1411 haeredum
1132 1385 1271 1412 Michaelis
1279 1386 1313 1412 de
1324 1386 1435 1413 Baetem
1445 1408 1452 1419 ‚
1468 1387 1531 1414 item
1542 1387 1575 1413 de
1586 1387 1698 1413 dimidio

178 1433 294 1459 dietario
307 1432 466 1458 eorumdem
476 1453 483 1463 7
505 1431 636 1458 decimam
651 1432 686 1458 de
698 1432 810 1458 dimidio
822 1432 937 1458 bouario
948 1441 1101 1467 pauperum
1113 1432 1147 1458 de
1163 1432 1321 1469 Okenqhem,
1335 1434 1466 1460 decimam
1481 1434 1514 1460 de
1526 1434 1638 1460 dimidio
1651 1434 1701 1460 bo—

179 1480 257 1506 uario
269 1478 342 1505 filiae
355 1478 484 1505 willelmi
498 1478 659 1510 Chammest,
672 1478 803 1505 decimam
815 1478 849 1504 de
860 1478 972 1504 dimidio
987 1479 1102 1505 bouario
1113 1484 1139 1506 et
1151 1479 1263 1506 dimidio
1275 1480 1391 1506 dietario
1405 1480 1555 1507 haeredum
1568 1481 1700 1507 Willelmi

178 1527 244 1554 dicti
257 1526 350 1553 Heius.
364 1526 433 1553 Item
445 1527 480 1552 de
488 1526 600 1552 dimidio
615 1526 730 1553 bouario
739 1526 891 1562 Brekepnls.
905 1527 972 1553 Item
982 1527 1016 1553 de
1026 1536 1073 1553 sex
1083 1527 1206 1554 dietariis
1217 1533 1306 1554 terrae
1316 1528 1468 1555 Ninivensis
1483 1528 1613 1555 ecclesiae
1623 1529 1700 1564 quin-

180 1580 234 1601 tam
249 1574 362 1611 garbam
373 1579 400 1600 et
413 1574 544 1600 decimam
555 1594 563 1605 ‚
577 1575 614 1600 ita
625 1574 700 1609 quod
711 1575 760 1600 ista
773 1574 877 1600 decima
889 1579 917 1600 et
929 1574 1026 1609 quinta
1038 1575 1123 1610 garba
1133 1574 1168 1600 de
1177 1575 1244 1601 locis
1256 1576 1383 1602 omnibus
1398 1576 1544 1611 praedictis
1557 1577 1698 1602 aestimata

179 1627 220 1648 est
233 1621 266 1648 ad
280 1621 400 1648 valorem
413 1621 596 1657 quadraginta
610 1620 760 1647 solidorum
775 1620 972 1647 flandrensium
987 1631 1121 1648 novorum
1133 1643 1139 1654 ,
1159 1627 1271 1657 excepta
1291 1623 1372 1648 tertia
1384 1623 1469 1659 garba
1483 1623 1602 1649 decimae
1616 1633 1697 1658 quam

179 1669 262 1695 habet
274 1669 300 1695 in
320 1668 467 1704 praedictis
480 1668 546 1694 locis
563 1668 691 1694 omnibus
705 1673 819 1694 curatus
839 1668 873 1694 de
894 1668 988 1694 lewes.
1006 1668 1038 1694 Et
1052 1674 1084 1694 ut
1097 1669 1169 1695 dicta
1187 1669 1298 1695 collatio
1313 1675 1420 1696 maneat
1433 1674 1493 1695 rata
1507 1679 1568 1696 cum
1581 1670 1679 1697 effectu
1690 1692 1696 1698 ,

178 1721 351 1753 praesentem
363 1721 465 1742 cartam
478 1715 560 1752 sigilli
576 1716 627 1742 mei
639 1716 740 1742 robore
754 1716 866 1752 dignum
881 1716 946 1742 duxi
958 1716 1152 1742 roborandam.
1166 1716 1248 1750 Item,
1264 1726 1315 1753 ego
1326 1717 1399 1743 Razo
1410 1738 1416 1748 ,
1432 1717 1558 1743 dominus
1569 1717 1604 1743 de
1617 1717 1698 1743 Boen-

177 1762 231 1797 ler,
245 1763 333 1798 major
343 1767 408 1788 natu
421 1763 448 1788 in
461 1762 524 1788 filiis
537 1762 704 1789 dilectissimi
716 1763 801 1797 patris
812 1763 863 1788 mei
878 1763 1026 1798 praedicti,
1042 1763 1076 1789 de
1086 1763 1256 1790 Liedekerke
1264 1769 1291 1790 et
1302 1763 1389 1790 Breda
1399 1763 1515 1796 domini,
1528 1763 1627 1790 dictam
1642 1765 1698 1791 col-

177 1810 306 1837 lationem
320 1814 348 1837 et
360 1809 462 1836 donum
473 1810 598 1845 approbo
608 1831 614 1841 ,
631 1810 713 1836 laudo
725 1815 752 1836 et
766 1810 899 1836 confirmo
910 1811 1066 1837 testimonio
1078 1815 1105 1837 et
1115 1812 1283 1847 appensione
1294 1811 1376 1848 sigilli
1389 1813 1441 1838 mei
1452 1812 1644 1847 praesentibus
1656 1813 1696 1838 his

178 1858 287 1884 annexi.
304 1857 404 1884 Datum
419 1866 491 1884 anno
506 1857 614 1884 Domini
628 1857 830 1885 MCCLXXXIX
840 1879 847 1890 ‚
863 1867 955 1885 mense
969 1858 1076 1885 Martio.

1244 1897 1374 1921 Cartulaire
1383 1897 1412 1921 de
1422 1896 1529 1922 Matines.

830 2088 1024 2124 CCLXXIV
1031 2116 1038 2122 .

182 2163 321 2206 Marie,
353 2170 513 2200 comtesse
532 2165 574 2200 de
609 2166 739 2208 Viam,
766 2166 934 2212 confir-me
964 2165 988 2200 ὰ
1015 2178 1078 2200 son
1104 2172 1186 2200 tour
1211 2166 1246 2200 ῖα-
1265 2167 1433 2202 donatz'on
1458 2168 1500 2202 de
1528 2169 1633 2204 Gilles
1656 2171 1696 2204 de

632 2224 779 2259 Puttere
798 2224 824 2258 ¹.
841 2246 890 2250 —
908 2225 1063 2259 Arruns
1080 2236 1238 2259 mvnnsrs.

898 2380 968 2404 1289.

218 2449 275 2485 Ego
294 2448 396 2481 Maria,
410 2450 546 2476 comitissa
566 2450 753 2486 Vyennensis,
769 2452 877 2478 domina
891 2452 925 2478 de
939 2451 1108 2489 Grimbergis
1119 2458 1146 2479 et
1160 2452 1194 2479 de
1207 2453 1318 2486 Ninive,
1334 2454 1461 2481 omnibus
1478 2454 1527 2481 has
1538 2455 1644 2482 litteras
1657 2457 1698 2482 in-

177 2496 314 2532 specturis
326 2501 354 2523 et
374 2496 512 2524 audituris
521 2498 548 2524 in
565 2503 742 2535 perpetuum.
763 2499 860 2526 Notum
878 2500 962 2532 facio,
979 2500 1052 2536 quod
1069 2510 1129 2526 cum
1145 2500 1290 2537 Aegidius‚
1305 2501 1395 2528 dictus
1412 2502 1507 2529 Puttre
1523 2503 1557 2529 de
1573 2503 1694 2538 hebet-e,

206 2575 212 2587 Ι
229 2573 284 2593 Voir
293 2572 313 2593 la
323 2571 396 2593 charte
408 2577 432 2593 αθ
443 2574 581 2595 CCLXV111.

299 2611 387 2647 Tou.
418 2612 463 2647 ll.
1506 2617 1571 2652 121
