2118 3184
820 440 1105 476 APPENDICES.
1648 440 1717 476 933

191 549 376 575 oblationibus
390 549 442 575 sub
454 558 540 584 poena
551 549 644 575 decem
657 548 788 575 librarum
799 549 996 576 lovaniensium
1005 571 1011 581 ,
1026 555 1084 575 rata
1094 548 1270 575 nihilominus
1281 554 1408 575 manente
1421 548 1593 574 ordinatione
1606 553 1712 573 nostra.

191 597 212 622 si
228 606 314 632 poena
329 597 362 622 ab
381 596 515 623 alterutra
529 597 646 632 partium
661 597 857 622 committatur.
873 597 948 623 Cavit
962 602 1053 623 autem
1069 598 1094 623 in
1109 597 1174 631 jure
1189 606 1280 623 coram
1295 596 1373 622 nobis
1387 596 1470 622 abbas
1484 596 1512 622 S.
1528 594 1648 630 Foyllani
1664 604 1714 630 pro

192 653 220 669 se
233 665 239 671 .
256 650 393 670 conventu
413 653 463 670 suo
485 649 510 670 et
528 644 690 679 presbytero
703 643 736 669 de
749 643 875 670 Arkenna
889 644 1052 679 parochiali,
1070 644 1145 680 quod
1163 645 1213 679 ipsi
1231 644 1455 679 compromissum
1473 649 1500 670 et
1516 642 1714 669 ordinationem

193 700 274 726 quam
283 691 412 717 faciemus
424 696 509 717 ratam
520 690 661 716 habebunt
674 696 700 716 et
716 690 820 716 firmam
831 691 938 716 nomine
949 691 1078 717 ecclesiae
1091 691 1124 717 de
1135 691 1263 717 Arkenua
1275 700 1358 726 supra
1368 690 1466 716 dictae.
1476 690 1528 716 Nos
1537 699 1602 715 vero
1611 710 1617 719 ,
1630 689 1714 715 abbas

193 738 470 764 l‘raemonstratensis
486 746 570 772 supra
578 737 681 766 dictus.
694 738 839 763 statuimus
849 743 876 763 et
887 738 1072 764 ordinavimus
1083 759 1090 769 ,
1101 738 1175 773 quod
1189 738 1273 764 abbas
1287 743 1314 764 et
1328 743 1480 764 conventus
1490 737 1649 763 Ninivenses
1659 737 1713 763 sol-

193 791 257 811 vant
269 785 304 810 de
317 790 426 811 caetero
442 785 582 810 annuatim
595 785 620 810 in
635 783 705 810 sesto
718 785 804 810 sancti
818 785 947 821 Remigii,
962 786 1090 820 incapite
1104 785 1231 811 Octobris
1241 806 1248 817 ‚
1263 785 1370 817 abbati,
1386 785 1533 811 conventui
1545 785 1573 811 S.
1590 784 1712 819 Foyllani

195 838 222 870 ct
237 837 334 858 curato
351 831 385 857 de
398 830 526 857 Arkenna
536 852 543 863 ,
562 836 683 866 quatuor
698 831 799 857 solidos
813 831 983 858 lovanienses
1005 842 1054 867 pro
1068 832 1254 858 oblationibus
1267 832 1300 858 de
1314 837 1424 858 caetero
1447 831 1671 867 pervenientibus
1685 832 1711 857 in

191 879 295 915 capella
309 878 344 904 de
357 878 512 904 lieniersurt
525 878 700 913 supradicta.
717 879 747 904 ln
766 879 846 913 cujus
859 880 899 906 rei
911 880 1095 906 testimonium
1114 884 1273 915 praesentes
1290 879 1396 905 litteras
1411 879 1572 905 tradidimus
1587 879 1712 914 partibus

191 925 357 961 supradictis
369 946 375 952 .
398 925 479 961 sigilli
493 926 579 952 nostri
599 927 766 961 appensione
780 927 924 953 roboratas
935 948 942 957 ‚
962 932 989 953 et
1002 937 1051 953 nos
1065 927 1149 953 abbas
1168 932 1195 953 et
1203 932 1356 953 conventus
1373 927 1402 953 S.
1419 926 1541 962 Foyllani
1553 932 1581 952 et
1599 932 1712 952 curatus

190 972 320 999 ecclesiae
334 972 368 998 de
380 972 508 998 Arkeuua
522 972 671 1000 antedicti.
686 973 794 999 nomine
808 973 939 1000 ccclesiae
951 973 985 1000 de
999 973 1125 1000 Arkenna
1140 979 1167 1000 et
1180 983 1229 1009 pro
1244 974 1302 1009 ipsa
1313 995 1319 1006 ‚
1338 974 1440 1000 dictum
1452 978 1585 999 statutum
1596 978 1623 1000 et
1638 973 1712 1000 ordi-

191 1020 328 1046 nationem
344 1019 511 1054 praedictam
524 1039 530 1048 ,
550 1024 576 1045 et
592 1028 641 1045 nos
656 1020 736 1045 etiam
751 1019 836 1045 abbas
849 1025 876 1046 ct
894 1025 1046 1046 conventus
1060 1020 1093 1046 de
1113 1020 1207 1046 Ninive
1224 1021 1332 1046 nomine
1350 1019 1480 1046 ecclesiae
1495 1025 1604 1046 nostrae
1622 1021 1710 1056 ipsum

190 1071 325 1093 statutum
339 1071 366 1092 et
379 1066 578 1092 ordinationem
596 1066 740 1092 laudamus
753 1072 779 1093 et
793 1067 993 1102 approbamus,
1011 1073 1039 1094 et
1056 1068 1143 1104 sigilla
1158 1073 1251 1094 nostra
1263 1069 1400 1103 praesenti
1411 1068 1513 1103 scripto
1524 1067 1650 1094 duximus
1663 1077 1712 1103 ap-

192 1114 329 1149 ponenda.
344 1114 443 1140 Datum
457 1123 528 1140 anno
541 1114 648 1140 Domini
660 1114 812 1141 MCCthx
824 1135 831 1144 ,
847 1115 872 1141 in
888 1115 1022 1141 Lauduno
1033 1136 1040 1145 ,
1053 1117 1079 1141 in
1093 1115 1155 1142 aula
1169 1115 1289 1151 episcopi
1305 1115 1508 1147 Laudunensis,
1521 1115 1713 1150 praesentibus

192 1161 284 1188 multis
295 1182 303 1193 ‚
316 1160 382 1187 seria
395 1165 494 1196 quarta
507 1160 576 1187 infra
589 1166 698 1187 octavas
714 1162 863 1188 nativitatis
881 1162 966 1188 sancti
983 1162 1116 1189 Johannis
1131 1162 1282 1198 Baptistae,
1299 1163 1458 1188 continuato
1470 1162 1514 1188 die
1525 1162 1711 1198 praecedenti.

1197 1229 1306 1261 Original
1317 1247 1323 1258 7
1336 1236 1404 1253 sceau
1415 1229 1513 1253 detrun.

893 1514 1035 1549 CCXLI.

190 1611 254 1646 Les
267 1611 423 1645 e'eleevins
437 1611 478 1645 (le
495 1611 638 1645 Pamele
651 1617 682 1645 et
694 1611 735 1644 de
750 1610 965 1658 Ledeherylte
979 1611 1188 1657 confirment
1199 1624 1252 1645 un
1270 1617 1411 1646 contrat
1422 1613 1494 1657 saz't
1508 1619 1604 1647 entre
1619 1613 1708 1647 l'ab-

450 1670 537 1716 haye
555 1675 587 1703 et
603 1668 988 1704 Gautoer-le-Pe'cheur
1004 1675 1036 1703 et
1054 1682 1093 1703 sa
1109 1670 1250 1714 femme.
1262 1670 1459 1704 -ΡΑΜΕιΕ,

817 1859 831 1880 Α
852 1856 945 1880 Pamelc
953 1875 960 1886 ,
982 1856 1054 1880 1970.

227 1939 367 1966 L‘niversis
383 1943 541 1974 praesentes
556 1938 661 1965 litteras
676 1938 792 1969 visuris7
812 1938 915 1964 scabini
929 1938 962 1964 de
981 1937 1161 1974 Ledeberghe
1175 1943 1201 1964 et
1219 1938 1252 1964 de
1267 1937 1386 1964 Pamella
1397 1959 1403 1971 ,
1422 1938 1538 1965 salutem
1555 1943 1583 1965 et
1596 1948 1709 1966 noscere

189 1987 343 2013 veritatem.
356 1986 532 2013 Universitati
547 1991 654 2012 vestrae
666 1991 761 2012 notum
777 1985 890 2012 facimus
904 1986 1088 2021 praesentium
1102 1986 1257 2012 testimonio
1271 1985 1426 2012 litterarum
1438 2007 1444 2018 ⁷
1461 1986 1535 2022 quod
1550 1986 1688 2013 walterus
1702 2008 1707 2015 η

189 2033 278 2060 dictus
297 2033 433 2065 Piscator,
453 2038 480 2060 et
494 2033 629 2059 Christina
641 2054 647 2065 ,
665 2033 796 2069 conjuges
808 2033 842 2059 de
857 2032 989 2065 l'amella,
1005 2033 1040 2058 ob
1055 2032 1106 2058 hoc
1120 2033 1146 2058 in
1158 2038 1250 2058 nostra
1267 2033 1422 2068 praesentia
1434 2033 1592 2064 constituti,
1606 2034 1650 2069 pia
1662 2033 1710 2060 de-

191 2081 300 2107 votione
316 2081 442 2106 commoti
455 2081 560 2106 animae
573 2089 639 2105 suae
653 2080 796 2106 consulere
809 2081 951 2115 cupientes
962 2101 968 2112 ,
984 2079 1070 2105 libera
1084 2079 1226 2106 voluntate
1239 2080 1336 2115 viginti
1353 2080 1437 2106 libras
1451 2080 1640 2107 bruxellenses
1653 2090 1710 2107 mo-

190 2132 270 2154 netae
284 2127 409 2162 publicae
421 2133 448 2153 et
463 2126 594 2163 pagabilis
608 2136 692 2162 super
704 2126 816 2153 dimidio
831 2127 945 2153 bonario
959 2126 1030 2162 prati
1048 2126 1122 2162 quod
1135 2126 1201 2152 dicti
1215 2127 1347 2162 conjuges
1361 2126 1500 2153 habebant
1514 2128 1595 2153 situm
1607 2128 1633 2153 in
1648 2127 1708 2154 loco

190 2175 237 2210 qui
251 2174 353 2200 dicitur
365 2174 550 2207 Berlenvoert,
564 2174 590 2199 in
604 2183 701 2209 puram
712 2178 739 2200 et.
751 2179 911 2209 perpetuam
927 2173 1126 2208 eleemosynam
1140 2173 1268 2199 ecclesiae
1279 2173 1454 2199 conventuali
1464 2174 1498 2200 de
1509 2174 1603 2200 Ninive
1613 2174 1711 2201 libera-

189 2223 253 2249 liter
263 2221 452 2248 contulerunt.
470 2221 510 2247 Ita
524 2221 597 2257 quod
612 2221 683 2247 dicta
696 2221 809 2248 ecclesia
822 2221 925 2247 dictum
937 2226 1044 2256 pratum
1059 2220 1244 2256 integralitery
1255 2221 1359 2256 absque
1370 2220 1425 2246 ulla
1435 2220 1569 2247 calumnia
1578 2242 1584 2254 ‚
1596 2226 1709 2249 eatenus

190 2269 356 2304 possidebit,
379 2269 454 2295 velut
474 2269 634 2304 proprium5
651 2274 788 2304 quatenus
801 2269 836 2295 ab
851 2268 1017 2295 haeredibus
1033 2269 1090 2295 sive
1107 2268 1312 2295 successorihus
1326 2269 1462 2295 dictorum
1481 2269 1645 2305 conjugum2
1661 2271 1710 2305 qui

189 2316 223 2343 de
233 2317 298 2351 jure
314 2317 378 2352 ipsis
397 2316 579 2342 successerint
594 2315 666 2341 dicta
684 2316 816 2351 pecuniae
829 2325 934 2342 summa
948 2316 1044 2352 viginti
1060 2315 1193 2342 librarum
1209 2315 1330 2342 totaliter
1343 2325 1397 2341 una
1414 2316 1458 2342 die
1474 2317 1499 2342 in
1515 2315 1586 2342 dicta
1600 2323 1708 2343 moneta

188 2373 236 2390 seu
251 2363 442 2399 aequivalente
451 2363 541 2390 dictae
553 2363 636 2389 suerit
648 2363 779 2390 ecclesiae
791 2364 824 2389 ad
836 2373 916 2390 suum
927 2363 1129 2399 beneplacitum
1143 2363 1283 2399 persoluta
1293 2384 1300 2395 ,
1313 2369 1340 2389 et
1351 2369 1415 2389 tunc
1428 2364 1499 2390 dicta
1512 2364 1625 2391 ecclesia
1636 2365 1708 2392 dicta

190 2411 305 2445 pecunia
324 2416 468 2442 contenta,
487 2410 557 2437 idem
576 2415 684 2446 pratum
699 2410 785 2437 libere
802 2412 916 2437 transiet
933 2411 966 2437 ad
983 2411 1126 2438 haeredes.
1148 2411 1293 2437 Praeterea
1309 2411 1374 2437 dicti
1390 2412 1522 2447 conjuges
1533 2413 1623 2439 omnia
1636 2413 1706 2439 bona

189 2457 299 2484 mobilia
313 2467 384 2493 quae
399 2457 502 2484 habent
513 2458 540 2483 in
555 2457 706 2492 praesenti,
726 2463 753 2484 et
770 2463 835 2484 sunt
850 2459 931 2484 etiam
948 2458 974 2484 in
992 2463 1132 2493 posterum
1147 2457 1286 2491 habituri,
1302 2463 1385 2493 prout
1397 2464 1528 2494 poterunt.
1539 2465 1601 2494 post
1615 2461 1709 2486 ambo—

189 2515 250 2532 rum
263 2505 369 2531 obitum
383 2498 515 2541 reperiri,
535 2505 624 2531 dictae
635 2505 766 2532 ecelesiae
784 2506 811 2531 in
825 2505 1024 2540 eleemosynam
1040 2505 1218 2532 nihilominus
1231 2505 1425 2540 contulerunt3
1439 2511 1514 2532 certa
1532 2506 1708 2542 stipulatione

189 2553 380 2588 promittentes
388 2551 462 2588 quod
475 2561 558 2588 snpra
571 2552 692 2588 ipsorum
707 2553 896 2579 necessitatem
910 2552 1004 2579 eadem
1019 2553 1091 2579 bona
1104 2562 1157 2578 non
1171 2552 1337 2586 diminuent‚
1353 2552 1400 2580 scd
1413 2553 1554 2589 augebunt
1566 2563 1616 2589 pro
1630 2563 1709 2590 posse
