2137 3131
461 379 532 412 272
803 375 979 411 Conlws
1006 374 1337 409 CHRONICORUM
1367 374 1634 408 FLANDRIAE.

463 499 544 534 rege
566 487 737 520 franciae.
771 484 959 517 ‚xudicntes
983 489 1100 516 autem
1126 482 1194 515 hoc
1219 482 1265 515 illi
1291 481 1335 515 (le
1360 482 1520 516 Tornaco
1544 483 1671 515 reversi
1695 489 1773 515 sunt
1802 494 1914 528 usque
1936 480 1979 514 ad

462 546 552 591 regis
575 545 683 577 aciem
711 549 745 575 ct
766 543 955 575 clamorem
982 541 1110 574 falsum
1136 552 1209 574 csse
1235 541 1459 574 invenerunt.
1487 540 1597 573 Causa
1619 546 1736 573 autem
1761 540 1926 573 motionis
1947 546 1982 572 ct

462 602 641 635 levationis
669 601 771 634 castri
796 600 887 647 regis
913 599 1075 632 Franciae
1101 598 1186 639 fuit‚
1212 599 1296 644 quia
1322 599 1396 644 ipsc
1423 605 1569 644 propter
1597 610 1692 631 mare
1714 604 1747 631 et
1774 597 1981 643 parvitatem

461 671 666 705 camporum
688 665 718 691 ct
748 658 814 691 loci
834 657 1119 691 insufficientiam
1143 668 1214 689 non
1234 662 1372 701 poterat
1392 656 1522 690 habere
1545 668 1723 690 accessum
1746 655 1789 689 ad
1812 667 1894 689 suos
1921 655 1982 688 ini-

460 719 568 751 micos
589 728 703 762 neque
723 728 801 749 suas
820 723 942 763 gentes
960 715 1137 749 ordinare.

510 776 640 809 Relatio
663 781 781 808 autem
806 775 1005 808 communis
1032 780 1125 817 erat7
1153 773 1250 819 quod
1274 786 1332 807 rex
1361 774 1522 807 franciae
1547 774 1583 807 in
1607 786 1670 807 suo
1695 773 1864 806 comitatu
1893 772 1981 805 etin

459 846 519 867 sua
541 834 614 867 acie
633 833 787 866 habebat
805 833 943 866 circiter
960 832 1105 880 triginta
1123 832 1283 878 quinque
1303 832 1409 865 millia
1428 832 1591 878 equitum
1610 838 1643 865 et
1658 831 1846 864 hominum
1865 842 1982 864 arma-

460 900 596 926 torum.
619 899 653 925 et
671 891 715 925 (le
735 891 914 937 peditibus
934 891 1076 924 armatis
1095 897 1335 939 congruenter
1358 891 1498 924 circiter
1521 897 1664 924 centum
1684 890 1803 923 millia.
1828 889 1870 922 Et
1884 894 1983 934 post-

460 963 566 997 quam
584 963 641 983 rex
658 950 781 983 levavit
796 950 907 983 aciem
925 962 1024 983 suam
1039 976 1046 989 ‚
1064 949 1138 995 ipse
1151 949 1245 982 venit
1261 948 1357 995 apud
1371 948 1647 995 chlcenherylie
1661 954 1694 981 et
1708 947 1804 993 apud
1819 946 1981 993 Haydin,

461 1017 490 1043 et
516 1010 611 1042 veuit
630 1009 801 1042 Attrebati
823 1015 854 1042 et
874 1009 923 1042 ibi
944 1008 1133 1041 licentiavit
1153 1014 1275 1055 gentes
1295 1020 1374 1041 suas
1393 1008 1429 1040 iu
1449 1007 1506 1041 die
1529 1007 1621 1040 beati
1641 1006 1833 1040 Laurentii.

509 1067 700 1102 Sciendum
727 1074 776 1101 est
797 1074 915 1101 autem
939 1066 1057 1112 quod,
1085 1065 1230 1113 quando
1254 1078 1313 1099 rex
1334 1066 1497 1099 Franciae
1524 1072 1597 1098 erat
1620 1065 1715 1111 apud
1736 1065 1958 1099 Attrebatum
1972 1090 1981 1106 7

462 1134 652 1173 autequam
676 1125 904 1160 descenderet
924 1138 1044 1159 versus
1065 1125 1198 1167 Calai-5¹,
1216 1124 1396 1158 mandax-it
1410 1124 1710 1172 gubernatoribus
1729 1124 1878 1158 civitatis
1899 1123 1985 1156 Tor-

461 1186 619 1219 naeensis
632 1212 639 1218 .
674 1185 827 1218 intrante
865 1196 983 1217 mense
1016 1184 1107 1217 Maio
1120 1211 1127 1217 .
1163 1190 1338 1230 quatenus
1370 1183 1435 1216 sibi
1463 1183 1692 1216 subvenirent
1723 1182 1767 1216 de
1798 1181 1982 1230 gentibus7

460 1251 637 1291 quantum
656 1250 811 1290 possent.
835 1243 929 1276 bono
947 1242 1074 1285 modo‚
1092 1249 1163 1275 tam
1184 1242 1228 1276 de
1247 1242 1428 1288 equitibus
1443 1255 1551 1288 quam
1567 1242 1610 1276 de
1630 1241 1822 1287 peditibus.
1846 1240 1986 1275 Guber-

461 1310 601 1336 natores
617 1309 734 1336 autem
752 1333 756 1344 „
775 1308 897 1335 vocata
918 1314 1045 1349 magna
1064 1308 1163 1347 parte
1183 1301 1426 1343 communiae.¹
1449 1308 1489 1334 ut
1508 1302 1616 1335 moris
1633 1308 1686 1334 est
1698 1328 1706 1343 -,
1731 1300 1985 1334 deliberatione

460 1361 582 1395 habita
596 1360 775 1408 diligenti7
797 1359 1102 1394 concordaverunt
1119 1371 1309 1392 numerum
1326 1358 1419 1392 mille
1437 1359 1596 1392 virorum
1611 1365 1683 1392 tam
1698 1359 1860 1404 equitum
1876 1370 1985 1404 quam

461 1419 623 1466 peditum
644 1419 717 1466 regi
737 1418 970 1461 mittendumff
994 1425 1025 1451 et
1046 1418 1229 1465 elegerunt
1248 1418 1445 1463 provisores
1459 1445 1466 1450 .
1489 1418 1549 1464 qui
1569 1417 1795 1464 providerent
1814 1429 1872 1459 ea7
1894 1429 1985 1463 quae

461 1485 576 1512 essent
600 1478 804 1511 necessaria.
832 1477 1093 1511 Gubernatores
1116 1483 1234 1510 autem
1262 1483 1296 1510 et
1319 1477 1502 1510 consilium
1529 1476 1677 1510 civitatis
1700 1476 1859 1510 fecerunt
1887 1474 1984 1509 ordi—

462 1538 641 1579 nationes5
672 1543 704 1569 et
736 1542 865 1569 statuta
893 1542 925 1568 et
953 1535 1166 1581 quamplura
1194 1535 1386 1568 necessaria
1412 1546 1476 1580 pro
1503 1534 1599 1568 dicto
1623 1534 1733 1577 facto„
1763 1546 1854 1580 quae
1878 1546 1986 1580 penes

462 1608 520 1629 eos
543 1601 624 1628 sunt
647 1595 848 1642 registrata.
871 1606 962 1640 quae
981 1594 1134 1627 scribere
1153 1594 1299 1641 longum
1319 1600 1407 1626 esset
1421 1620 1429 1635 ,Ι
1452 1599 1485 1626 et
1506 1592 1637 1626 idcireo
1656 1606 1695 1626 ea
1713 1593 1859 1636 omitto7
1881 1599 1916 1626 et
1934 1599 1986 1627 est

463 1666 579 1687 causa.
600 1654 747 1700 fuitque
762 1653 942 1699 provisum
962 1652 1006 1686 de
1026 1653 1143 1699 equis.
1162 1652 1206 1685 de
1224 1652 1430 1685 armaturis.
1449 1651 1492 1685 de
1511 1652 1693 1685 curribus.
1715 1651 1759 1685 de
1778 1651 1899 1699 targiis
1911 1679 1920 1690 „
1941 1651 1985 1685 de

460 1713 620 1746 tentoriis
633 1739 641 1754 ‚
664 1712 708 1745 de
727 1712 901 1758 paraturis
918 1718 952 1744 et
969 1710 1013 1745 de
1029 1711 1195 1744 omnibus
1209 1711 1411 1745 necessariis
1429 1711 1745 1758 congruentissime
1763 1710 1982 1754 ordinatum,

462 1778 495 1805 et
517 1772 664 1805 fuerunt
692 1771 773 1805 facti
797 1778 952 1817 quatuor
975 1770 1165 1816 capitanei.
1192 1769 1355 1804 videlieet
1373 1770 1578 1803 XVillermus
1601 1769 1646 1803 de
1665 1770 1792 1812 Porco7
1814 1769 1939 1803 Petrus
1961 1769 1990 1803 li

461 1830 608 1871 llluz'sis,
630 1830 836 1864 Vincentius
855 1829 979 1863 d'Aire
999 1836 1030 1863 et
1051 1829 1245 1870 Quintinus
1268 1828 1440 1875 Garqate.
1461 1835 1493 1862 et
1513 1841 1596 1862 cum
1612 1829 1660 1862 eis
1674 1828 1820 1862 fuerunt
1832 1828 1982 1874 equites,

460 1901 574 1935 usque
597 1888 641 1922 ad
660 1901 852 1922 numerum
872 1888 1109 1936 quadraginta
1131 1888 1291 1934 quinque
1313 1887 1493 1934 equitum.
1522 1887 1604 1933 ipsis
1628 1886 1859 1932 computatis.)
1884 1892 1919 1919 et
1939 1885 1984 1919 de

462 1947 642 1994 peditibus
667 1948 882 1982 habentibus
910 1954 1092 1993 paraturas
1123 1947 1262 1980 circiter
1287 1947 1399 1989 mille„
1433 1945 1477 1980 de
1508 1946 1638 1992 quibus
1666 1946 1811 1979 fuerunt
1841 1944 1985 1978 ducenti

461 2006 628 2040 balistarii
650 2013 685 2040 et
706 2007 833 2052 septies
853 2006 977 2054 viginti
997 2005 1192 2047 archistaffi
1214 2012 1247 2038 et
1266 2004 1310 2039 de
1330 2004 1404 2038 aliis
1424 2005 1541 2050 plures
1560 2004 1683 2037 famuli
1703 2016 1783 2037 cum
1805 2003 1933 2037 lanceis
1951 2009 1985 2036 et

462 2064 607 2098 diversis
633 2065 821 2098 armaturis
847 2071 882 2098 et
909 2063 1055 2110 quidam
1082 2064 1310 2109 carpentarii.
1341 2063 1449 2096 fabri.
1478 2062 1655 2105 officiariiff
1689 2062 1881 2096 necessaria
1904 2073 1986 2107 ope-

460 2131 578 2157 rantes
597 2131 629 2157 et
650 2124 899 2158 ministrantes.

512 2184 613 2215 Anno
646 2182 912 2226 MCCCXLVIL
943 2181 1141 2225 dominica„
1173 2194 1243 2228 qua
1276 2182 1343 2215 fuit
1368 2181 1442 2215 dies
1470 2181 1562 2215 beati
1591 2181 1762 2215 Johannis
1790 2180 1984 2226 Baptistam

463 2248 703 2285 convenerunt
723 2241 759 2274 in
778 2240 992 2274 monasterio
1010 2239 1045 2273 S.
1068 2240 1211 2274 Martini
1230 2241 1366 2287 equites
1385 2247 1419 2273 et
1441 2239 1576 2286 pedites
1598 2251 1680 2273 cum
1702 2239 1774 2272 suis
1792 2238 1983 2285 paraturis‚

463 2300 524 2345 qui
552 2300 690 2333 missuri
711 2306 809 2333 erant
829 2299 873 2333 ad
893 2311 1013 2347 regem
1026 2326 1034 2332 .
1059 2305 1094 2332 et
1111 2298 1205 2333 dicta
1225 2299 1282 2333 die
1306 2305 1539 2332 recesserunt.
1568 2298 1608 2331 Et
1631 2298 1884 2346 gubernatores
1906 2296 1988 2330 civi-

462 2357 542 2390 tatis
565 2364 596 2390 et
615 2370 742 2405 magna
760 2370 840 2404 pars
862 2358 1087 2391 communiae
1106 2358 1265 2391 associati
1280 2364 1363 2391 sunt
1381 2369 1458 2400 eos7
1480 2369 1594 2403 usque
1613 2355 1658 2390 ad
1677 2356 1883 2389 banleucam
1899 2367 1986 2389 con-

464 2413 632 2449 ducentes
652 2428 733 2449 eum
757 2416 875 2450 sonitu
895 2428 1104 2462 campanae:
1127 2416 1345 2463 fueruntque
1367 2422 1463 2450 extra
1488 2416 1663 2449 civitatem
1687 2421 1721 2448 et
1742 2420 1989 2448 remanserunt

463 2485 577 2519 usque
597 2473 639 2507 ad
660 2474 812 2519 spatium
829 2480 963 2519 septem
984 2473 1311 2508 hebdomadarum.
1335 2473 1590 2519 redieruntque
1609 2479 1643 2506 et
1665 2473 1886 2506 intraverunt
1903 2472 1988 2506 Tor-
