<?xml version="1.0" encoding="UTF-8"?>
<!DOCTYPE html PUBLIC "-//W3C//DTD XHTML 1.0 Transitional//EN"
    "http://www.w3.org/TR/xhtml1/DTD/xhtml1-transitional.dtd">
<html xmlns="http://www.w3.org/1999/xhtml" xml:lang="en" lang="en">
 <head>
  <title>
</title>
<meta http-equiv="Content-Type" content="text/html;charset=utf-8" />
  <meta name='ocr-system' content='tesseract 3.04.00' />
  <meta name='ocr-capabilities' content='ocr_page ocr_carea ocr_par ocr_line ocrx_word'/>
</head>
<body>
  <div class='ocr_page' id='page_1' title='image "./corpuschronicoru02smetuoft_0736.png"; bbox 0 0 2137 3131; ppageno 0'>
   <div class='ocr_carea' id='block_1_1' title="bbox 465 416 1622 458">
    <p class='ocr_par' dir='ltr' id='par_1_1' title="bbox 465 416 1622 458">
     <span class='ocr_line' id='line_1_1' title="bbox 465 416 1622 458; baseline -0.005 0"><span class='ocrx_word' id='word_1_1' title='bbox 465 423 532 458; x_wconf 67' lang='lat'>70-74</span> <span class='ocrx_word' id='word_1_2' title='bbox 802 418 976 455; x_wconf 85' lang='lat' dir='ltr'>CORPUS</span> <span class='ocrx_word' id='word_1_3' title='bbox 1002 416 1331 452; x_wconf 85' lang='lat' dir='ltr'>CHRONICORUM</span> <span class='ocrx_word' id='word_1_4' title='bbox 1358 418 1622 452; x_wconf 81' lang='lat' dir='ltr'><strong>FLANDRIAE.</strong></span> 
     </span>
    </p>
   </div>
   <div class='ocr_carea' id='block_1_2' title="bbox 467 523 1975 635">
    <p class='ocr_par' dir='ltr' id='par_1_2' title="bbox 467 523 1975 635">
     <span class='ocr_line' id='line_1_2' title="bbox 467 523 1975 571; baseline -0.003 -8"><span class='ocrx_word' id='word_1_5' title='bbox 467 531 562 563; x_wconf 88' lang='lat' dir='ltr'>omni</span> <span class='ocrx_word' id='word_1_6' title='bbox 584 528 725 562; x_wconf 83' lang='lat' dir='ltr'>scientia</span> <span class='ocrx_word' id='word_1_7' title='bbox 754 533 824 560; x_wconf 89' lang='lat' dir='ltr'>tam</span> <span class='ocrx_word' id='word_1_8' title='bbox 851 525 996 559; x_wconf 88' lang='lat' dir='ltr'>seculari</span> <span class='ocrx_word' id='word_1_9' title='bbox 1022 536 1128 570; x_wconf 69' lang='lat' dir='ltr'>spiam</span> <span class='ocrx_word' id='word_1_10' title='bbox 1151 523 1268 558; x_wconf 86' lang='lat' dir='ltr'>divina</span> <span class='ocrx_word' id='word_1_11' title='bbox 1287 525 1389 570; x_wconf 87' lang='lat' dir='ltr'>plane</span> <span class='ocrx_word' id='word_1_12' title='bbox 1408 525 1612 559; x_wconf 88' lang='lat' dir='ltr'>melioribus</span> <span class='ocrx_word' id='word_1_13' title='bbox 1635 525 1899 571; x_wconf 85' lang='lat' dir='ltr'>praeferendus.</span> <span class='ocrx_word' id='word_1_14' title='bbox 1929 527 1975 560; x_wconf 86' lang='lat' dir='ltr'>De</span> 
     </span>
     <span class='ocr_line' id='line_1_3' title="bbox 468 583 913 635; baseline -0.013 -13"><span class='ocrx_word' id='word_1_15' title='bbox 468 601 540 635; x_wconf 80' lang='lat' dir='ltr'>quo</span> <span class='ocrx_word' id='word_1_16' title='bbox 564 586 738 620; x_wconf 84' lang='lat' dir='ltr'>verissime</span> <span class='ocrx_word' id='word_1_17' title='bbox 756 583 886 617; x_wconf 89' lang='lat' dir='ltr'>dicitur</span> <span class='ocrx_word' id='word_1_18' title='bbox 907 596 913 615; x_wconf 89' lang='lat'>:</span> 
     </span>
    </p>
   </div>
   <div class='ocr_carea' id='block_1_3' title="bbox 864 670 1573 707">
    <p class='ocr_par' dir='ltr' id='par_1_3' title="bbox 864 670 1573 707">
     <span class='ocr_line' id='line_1_4' title="bbox 864 670 1573 707; baseline 0 -10"><span class='ocrx_word' id='word_1_19' title='bbox 864 671 1020 706; x_wconf 75' lang='lat' dir='ltr'>plusquam</span> <span class='ocrx_word' id='word_1_20' title='bbox 1036 670 1164 696; x_wconf 82' lang='lat' dir='ltr'>laudatur</span> <span class='ocrx_word' id='word_1_21' title='bbox 1179 676 1220 697; x_wconf 85' lang='lat' dir='ltr'>est</span> <span class='ocrx_word' id='word_1_22' title='bbox 1232 671 1306 706; x_wconf 86' lang='lat' dir='ltr'>quod</span> <span class='ocrx_word' id='word_1_23' title='bbox 1321 670 1449 697; x_wconf 84' lang='lat' dir='ltr'>laudetur</span> <span class='ocrx_word' id='word_1_24' title='bbox 1461 671 1487 697; x_wconf 88' lang='lat' dir='ltr'>in</span> <span class='ocrx_word' id='word_1_25' title='bbox 1505 672 1573 707; x_wconf 85' lang='lat' dir='ltr'>ipso.</span> 
     </span>
    </p>
   </div>
   <div class='ocr_carea' id='block_1_4' title="bbox 464 761 1983 2446">
    <p class='ocr_par' dir='ltr' id='par_1_4' title="bbox 464 761 1981 1395">
     <span class='ocr_line' id='line_1_5' title="bbox 514 761 1980 810; baseline -0.001 -12"><span class='ocrx_word' id='word_1_26' title='bbox 514 766 581 806; x_wconf 87' lang='lat' dir='ltr'>Qui</span> <span class='ocrx_word' id='word_1_27' title='bbox 592 765 625 797; x_wconf 88' lang='lat' dir='ltr'>in</span> <span class='ocrx_word' id='word_1_28' title='bbox 636 770 754 797; x_wconf 87' lang='lat' dir='ltr'>sancta</span> <span class='ocrx_word' id='word_1_29' title='bbox 764 762 931 810; x_wconf 76' lang='lat' dir='ltr'>religione</span> <span class='ocrx_word' id='word_1_30' title='bbox 941 762 1012 795; x_wconf 85' lang='lat' dir='ltr'>fere</span> <span class='ocrx_word' id='word_1_31' title='bbox 1022 761 1157 795; x_wconf 76' lang='lat' dir='ltr'>cunctis</span> <span class='ocrx_word' id='word_1_32' title='bbox 1169 761 1376 795; x_wconf 78' lang='lat' dir='ltr'>mortalibus</span> <span class='ocrx_word' id='word_1_33' title='bbox 1386 761 1649 807; x_wconf 53' lang='lat' dir='ltr'>praeferendus„</span> <span class='ocrx_word' id='word_1_34' title='bbox 1662 763 1776 808; x_wconf 87' lang='lat' dir='ltr'>primo</span> <span class='ocrx_word' id='word_1_35' title='bbox 1786 763 1980 796; x_wconf 87' lang='lat' dir='ltr'>conversio-</span> 
     </span>
     <span class='ocr_line' id='line_1_6' title="bbox 466 820 1979 868; baseline -0.001 -11"><span class='ocrx_word' id='word_1_36' title='bbox 466 825 517 857; x_wconf 87' lang='lat' dir='ltr'>nis</span> <span class='ocrx_word' id='word_1_37' title='bbox 527 834 631 865; x_wconf 68' lang='lat' dir='ltr'>aan</span> <span class='ocrx_word' id='word_1_38' title='bbox 645 822 838 868; x_wconf 82' lang='lat' dir='ltr'>prioratum</span> <span class='ocrx_word' id='word_1_39' title='bbox 849 820 1068 866; x_wconf 47' lang='lat' dir='ltr'>adipiscitum,</span> <span class='ocrx_word' id='word_1_40' title='bbox 1083 832 1188 866; x_wconf 85' lang='lat' dir='ltr'>quem</span> <span class='ocrx_word' id='word_1_41' title='bbox 1200 820 1431 865; x_wconf 74' lang='lat' dir='ltr'>probabiliter</span> <span class='ocrx_word' id='word_1_42' title='bbox 1441 833 1503 866; x_wconf 88' lang='lat' dir='ltr'>per</span> <span class='ocrx_word' id='word_1_43' title='bbox 1517 821 1572 854; x_wconf 77' lang='lat' dir='ltr'>xlv</span> <span class='ocrx_word' id='word_1_44' title='bbox 1586 833 1696 855; x_wconf 91' lang='lat' dir='ltr'>annos</span> <span class='ocrx_word' id='word_1_45' title='bbox 1707 822 1789 855; x_wconf 81' lang='lat' dir='ltr'>rexit</span> <span class='ocrx_word' id='word_1_46' title='bbox 1807 828 1841 855; x_wconf 91' lang='lat' dir='ltr'>et</span> <span class='ocrx_word' id='word_1_47' title='bbox 1854 821 1899 855; x_wconf 87' lang='lat' dir='ltr'>ad</span> <span class='ocrx_word' id='word_1_48' title='bbox 1910 833 1979 854; x_wconf 91' lang='lat' dir='ltr'>me-</span> 
     </span>
     <span class='ocr_line' id='line_1_7' title="bbox 466 878 1980 925; baseline -0.003 -9"><span class='ocrx_word' id='word_1_49' title='bbox 466 884 586 916; x_wconf 88' lang='lat' dir='ltr'>liorem</span> <span class='ocrx_word' id='word_1_50' title='bbox 605 887 734 914; x_wconf 83' lang='lat' dir='ltr'>statum</span> <span class='ocrx_word' id='word_1_51' title='bbox 750 879 926 925; x_wconf 62' lang='lat' dir='ltr'>provexit,</span> <span class='ocrx_word' id='word_1_52' title='bbox 947 878 1061 912; x_wconf 86' lang='lat' dir='ltr'>donec</span> <span class='ocrx_word' id='word_1_53' title='bbox 1076 890 1196 911; x_wconf 85' lang='lat' dir='ltr'>vocem</span> <span class='ocrx_word' id='word_1_54' title='bbox 1216 878 1280 911; x_wconf 88' lang='lat' dir='ltr'>sibi</span> <span class='ocrx_word' id='word_1_55' title='bbox 1302 878 1478 912; x_wconf 75' lang='lat' dir='ltr'>dicentem</span> <span class='ocrx_word' id='word_1_56' title='bbox 1494 878 1634 912; x_wconf 70' lang='lat' dir='ltr'>andiret</span> <span class='ocrx_word' id='word_1_57' title='bbox 1651 893 1657 912; x_wconf 75' lang='grc' dir='ltr'>ε</span> <span class='ocrx_word' id='word_1_58' title='bbox 1680 879 1816 921; x_wconf 68' lang='lat' dir='ltr'>Amice,</span> <span class='ocrx_word' id='word_1_59' title='bbox 1835 879 1980 913; x_wconf 76' lang='lat' dir='ltr'><strong><em>ascende</em></strong></span> 
     </span>
     <span class='ocr_line' id='line_1_8' title="bbox 465 936 1979 987; baseline -0.002 -13"><span class='ocrx_word' id='word_1_60' title='bbox 465 942 640 987; x_wconf 64' lang='lat' dir='ltr'>superius.</span> <span class='ocrx_word' id='word_1_61' title='bbox 659 939 758 972; x_wconf 89' lang='lat' dir='ltr'>Hunc</span> <span class='ocrx_word' id='word_1_62' title='bbox 773 950 854 971; x_wconf 89' lang='lat' dir='ltr'>cum</span> <span class='ocrx_word' id='word_1_63' title='bbox 870 937 1032 983; x_wconf 86' lang='lat' dir='ltr'>pluribus</span> <span class='ocrx_word' id='word_1_64' title='bbox 1051 936 1171 970; x_wconf 87' lang='lat' dir='ltr'>amicis</span> <span class='ocrx_word' id='word_1_65' title='bbox 1186 936 1230 970; x_wconf 88' lang='lat' dir='ltr'>ad</span> <span class='ocrx_word' id='word_1_66' title='bbox 1245 937 1509 970; x_wconf 77' lang='lat' dir='ltr'>conversionem</span> <span class='ocrx_word' id='word_1_67' title='bbox 1526 938 1634 971; x_wconf 84' lang='lat' dir='ltr'>secuti</span> <span class='ocrx_word' id='word_1_68' title='bbox 1650 944 1734 971; x_wconf 88' lang='lat' dir='ltr'>sunt</span> <span class='ocrx_word' id='word_1_69' title='bbox 1748 950 1817 971; x_wconf 87' lang='lat' dir='ltr'>una</span> <span class='ocrx_word' id='word_1_70' title='bbox 1832 949 1931 971; x_wconf 90' lang='lat' dir='ltr'>soror</span> <span class='ocrx_word' id='word_1_71' title='bbox 1945 943 1979 970; x_wconf 88' lang='lat' dir='ltr'>et</span> 
     </span>
     <span class='ocr_line' id='line_1_9' title="bbox 465 995 1980 1043; baseline -0.002 -11"><span class='ocrx_word' id='word_1_72' title='bbox 465 999 536 1033; x_wconf 88' lang='lat' dir='ltr'>duo</span> <span class='ocrx_word' id='word_1_73' title='bbox 551 999 691 1040; x_wconf 56' lang='lat' dir='ltr'>fratres„</span> <span class='ocrx_word' id='word_1_74' title='bbox 711 1009 864 1043; x_wconf 82' lang='lat' dir='ltr'>quorum</span> <span class='ocrx_word' id='word_1_75' title='bbox 879 996 984 1037; x_wconf 50' lang='lat' dir='ltr'>alter5</span> <span class='ocrx_word' id='word_1_76' title='bbox 1004 995 1193 1029; x_wconf 84' lang='lat' dir='ltr'>Damianus</span> <span class='ocrx_word' id='word_1_77' title='bbox 1209 996 1364 1038; x_wconf 62' lang='lat' dir='ltr'>nomine„</span> <span class='ocrx_word' id='word_1_78' title='bbox 1381 995 1469 1029; x_wconf 88' lang='lat' dir='ltr'>adeo</span> <span class='ocrx_word' id='word_1_79' title='bbox 1484 996 1518 1029; x_wconf 92' lang='lat' dir='ltr'>in</span> <span class='ocrx_word' id='word_1_80' title='bbox 1534 996 1729 1030; x_wconf 72' lang='lat' dir='ltr'>litteratura</span> <span class='ocrx_word' id='word_1_81' title='bbox 1744 1003 1778 1030; x_wconf 89' lang='lat' dir='ltr'>ct</span> <span class='ocrx_word' id='word_1_82' title='bbox 1792 997 1980 1042; x_wconf 82' lang='lat' dir='ltr'>praecipue</span> 
     </span>
     <span class='ocr_line' id='line_1_10' title="bbox 464 1054 1980 1101; baseline -0.003 -10"><span class='ocrx_word' id='word_1_83' title='bbox 464 1059 497 1091; x_wconf 86' lang='lat' dir='ltr'>iu</span> <span class='ocrx_word' id='word_1_84' title='bbox 520 1057 650 1090; x_wconf 87' lang='lat' dir='ltr'>musica</span> <span class='ocrx_word' id='word_1_85' title='bbox 669 1056 782 1090; x_wconf 88' lang='lat' dir='ltr'>clarus</span> <span class='ocrx_word' id='word_1_86' title='bbox 796 1054 945 1098; x_wconf 72' lang='lat' dir='ltr'>effulsit,</span> <span class='ocrx_word' id='word_1_87' title='bbox 966 1061 1007 1088; x_wconf 88' lang='lat' dir='ltr'>ut</span> <span class='ocrx_word' id='word_1_88' title='bbox 1022 1061 1226 1088; x_wconf 87' lang='lat' dir='ltr'>sanctorum</span> <span class='ocrx_word' id='word_1_89' title='bbox 1241 1061 1364 1088; x_wconf 86' lang='lat' dir='ltr'>cantus</span> <span class='ocrx_word' id='word_1_90' title='bbox 1383 1055 1428 1088; x_wconf 87' lang='lat' dir='ltr'>ab</span> <span class='ocrx_word' id='word_1_91' title='bbox 1447 1055 1522 1101; x_wconf 91' lang='lat' dir='ltr'>ipso</span> <span class='ocrx_word' id='word_1_92' title='bbox 1541 1055 1727 1101; x_wconf 83' lang='lat' dir='ltr'>compositi</span> <span class='ocrx_word' id='word_1_93' title='bbox 1747 1055 1874 1100; x_wconf 88' lang='lat' dir='ltr'>raptim</span> <span class='ocrx_word' id='word_1_94' title='bbox 1894 1067 1913 1088; x_wconf 87' lang='lat' dir='ltr'>a</span> <span class='ocrx_word' id='word_1_95' title='bbox 1932 1054 1980 1087; x_wconf 87' lang='lat' dir='ltr'>vi·</span> 
     </span>
     <span class='ocr_line' id='line_1_11' title="bbox 465 1113 1980 1160; baseline -0.001 -11"><span class='ocrx_word' id='word_1_96' title='bbox 465 1117 550 1150; x_wconf 88' lang='lat' dir='ltr'>cinis</span> <span class='ocrx_word' id='word_1_97' title='bbox 569 1116 721 1149; x_wconf 88' lang='lat' dir='ltr'>ecclesiis</span> <span class='ocrx_word' id='word_1_98' title='bbox 736 1120 939 1160; x_wconf 87' lang='lat' dir='ltr'>peterentur</span> <span class='ocrx_word' id='word_1_99' title='bbox 953 1120 987 1147; x_wconf 88' lang='lat' dir='ltr'>et</span> <span class='ocrx_word' id='word_1_100' title='bbox 1005 1126 1087 1159; x_wconf 85' lang='lat' dir='ltr'>prae</span> <span class='ocrx_word' id='word_1_101' title='bbox 1102 1114 1272 1147; x_wconf 77' lang='lat' dir='ltr'>suavitate</span> <span class='ocrx_word' id='word_1_102' title='bbox 1291 1113 1461 1147; x_wconf 81' lang='lat' dir='ltr'>melodiae</span> <span class='ocrx_word' id='word_1_103' title='bbox 1479 1126 1592 1160; x_wconf 87' lang='lat' dir='ltr'>usque</span> <span class='ocrx_word' id='word_1_104' title='bbox 1608 1114 1642 1147; x_wconf 93' lang='lat' dir='ltr'>in</span> <span class='ocrx_word' id='word_1_105' title='bbox 1662 1126 1824 1160; x_wconf 83' lang='lat' dir='ltr'>praesens</span> <span class='ocrx_word' id='word_1_106' title='bbox 1839 1113 1883 1147; x_wconf 89' lang='lat' dir='ltr'>ab</span> <span class='ocrx_word' id='word_1_107' title='bbox 1898 1113 1980 1158; x_wconf 88' lang='lat' dir='ltr'>ipsis</span> 
     </span>
     <span class='ocr_line' id='line_1_12' title="bbox 466 1171 1981 1220; baseline -0.002 -12"><span class='ocrx_word' id='word_1_108' title='bbox 466 1174 664 1220; x_wconf 83' lang='lat' dir='ltr'>inexplebili</span> <span class='ocrx_word' id='word_1_109' title='bbox 687 1172 851 1207; x_wconf 82' lang='lat' dir='ltr'>aviditate</span> <span class='ocrx_word' id='word_1_110' title='bbox 871 1172 1153 1218; x_wconf 83' lang='lat' dir='ltr'>frequententur.</span> <span class='ocrx_word' id='word_1_111' title='bbox 1178 1171 1386 1205; x_wconf 86' lang='lat' dir='ltr'>Sanctorum</span> <span class='ocrx_word' id='word_1_112' title='bbox 1412 1183 1556 1218; x_wconf 83' lang='lat' dir='ltr'>quoque</span> <span class='ocrx_word' id='word_1_113' title='bbox 1580 1179 1811 1218; x_wconf 81' lang='lat' dir='ltr'>patronorum</span> <span class='ocrx_word' id='word_1_114' title='bbox 1840 1177 1981 1205; x_wconf 90' lang='lat' dir='ltr'>nostro—</span> 
     </span>
     <span class='ocr_line' id='line_1_13' title="bbox 466 1229 1980 1277; baseline -0.003 -10"><span class='ocrx_word' id='word_1_115' title='bbox 466 1246 545 1268; x_wconf 82' lang='lat' dir='ltr'>rum</span> <span class='ocrx_word' id='word_1_116' title='bbox 565 1232 714 1267; x_wconf 87' lang='lat' dir='ltr'>Cornelii</span> <span class='ocrx_word' id='word_1_117' title='bbox 734 1239 767 1265; x_wconf 90' lang='lat' dir='ltr'>et</span> <span class='ocrx_word' id='word_1_118' title='bbox 787 1231 950 1277; x_wconf 72' lang='lat' dir='ltr'>Cypriani</span> <span class='ocrx_word' id='word_1_119' title='bbox 973 1231 1157 1276; x_wconf 82' lang='lat' dir='ltr'>proprium</span> <span class='ocrx_word' id='word_1_120' title='bbox 1184 1237 1326 1264; x_wconf 86' lang='lat' dir='ltr'>cantum</span> <span class='ocrx_word' id='word_1_121' title='bbox 1349 1231 1570 1276; x_wconf 81' lang='lat' dir='ltr'>composuit7</span> <span class='ocrx_word' id='word_1_122' title='bbox 1599 1243 1706 1277; x_wconf 88' lang='lat' dir='ltr'>quem</span> <span class='ocrx_word' id='word_1_123' title='bbox 1726 1242 1838 1276; x_wconf 86' lang='lat' dir='ltr'>usque</span> <span class='ocrx_word' id='word_1_124' title='bbox 1857 1230 1893 1263; x_wconf 90' lang='lat' dir='ltr'>in</span> <span class='ocrx_word' id='word_1_125' title='bbox 1912 1229 1980 1263; x_wconf 91' lang='lat' dir='ltr'>ho-</span> 
     </span>
     <span class='ocr_line' id='line_1_14' title="bbox 467 1287 1980 1335; baseline -0.003 -9"><span class='ocrx_word' id='word_1_126' title='bbox 467 1292 630 1327; x_wconf 88' lang='lat' dir='ltr'>diernum</span> <span class='ocrx_word' id='word_1_127' title='bbox 641 1290 733 1324; x_wconf 88' lang='lat' dir='ltr'>diem</span> <span class='ocrx_word' id='word_1_128' title='bbox 746 1291 780 1323; x_wconf 86' lang='lat' dir='ltr'>in</span> <span class='ocrx_word' id='word_1_129' title='bbox 791 1296 967 1323; x_wconf 84' lang='lat' dir='ltr'>conventu</span> <span class='ocrx_word' id='word_1_130' title='bbox 978 1289 1169 1322; x_wconf 86' lang='lat' dir='ltr'>recolentes</span> <span class='ocrx_word' id='word_1_131' title='bbox 1180 1289 1254 1334; x_wconf 89' lang='lat' dir='ltr'>ejus</span> <span class='ocrx_word' id='word_1_132' title='bbox 1263 1289 1470 1322; x_wconf 75' lang='lat' dir='ltr'>suavitatem</span> <span class='ocrx_word' id='word_1_133' title='bbox 1480 1290 1576 1322; x_wconf 90' lang='lat' dir='ltr'>omni</span> <span class='ocrx_word' id='word_1_134' title='bbox 1588 1288 1690 1322; x_wconf 91' lang='lat' dir='ltr'>laude</span> <span class='ocrx_word' id='word_1_135' title='bbox 1700 1287 1980 1335; x_wconf 84' lang='lat' dir='ltr'>amplectendam</span> 
     </span>
     <span class='ocr_line' id='line_1_15' title="bbox 468 1347 1138 1395; baseline -0.006 -11"><span class='ocrx_word' id='word_1_136' title='bbox 468 1358 502 1384; x_wconf 88' lang='lat' dir='ltr'>et</span> <span class='ocrx_word' id='word_1_137' title='bbox 516 1349 748 1384; x_wconf 76' lang='lat' dir='ltr'>admiratione</span> <span class='ocrx_word' id='word_1_138' title='bbox 765 1347 908 1395; x_wconf 73' lang='lat' dir='ltr'>dignam</span> <span class='ocrx_word' id='word_1_139' title='bbox 924 1347 1138 1392; x_wconf 86' lang='lat' dir='ltr'>judicamus.</span> 
     </span>
    </p>

    <p class='ocr_par' dir='ltr' id='par_1_5' title="bbox 466 1405 1983 2389">
     <span class='ocr_line' id='line_1_16' title="bbox 518 1405 1981 1447; baseline -0.003 -5"><span class='ocrx_word' id='word_1_140' title='bbox 518 1411 618 1443; x_wconf 86' lang='lat' dir='ltr'>Anno</span> <span class='ocrx_word' id='word_1_141' title='bbox 640 1407 776 1441; x_wconf 87' lang='lat' dir='ltr'>Domini</span> <span class='ocrx_word' id='word_1_142' title='bbox 798 1406 954 1440; x_wconf 76' lang='lat' dir='ltr'>MCXLII</span> <span class='ocrx_word' id='word_1_143' title='bbox 970 1433 978 1447; x_wconf 88' lang='lat'>·.</span> <span class='ocrx_word' id='word_1_144' title='bbox 1001 1406 1034 1439; x_wconf 94' lang='lat' dir='ltr'>in</span> <span class='ocrx_word' id='word_1_145' title='bbox 1060 1406 1184 1439; x_wconf 77' lang='lat' dir='ltr'>vicinia</span> <span class='ocrx_word' id='word_1_146' title='bbox 1205 1406 1409 1439; x_wconf 76' lang='lat' dir='ltr'>Lovaniensi</span> <span class='ocrx_word' id='word_1_147' title='bbox 1432 1418 1552 1439; x_wconf 83' lang='lat' dir='ltr'>verum</span> <span class='ocrx_word' id='word_1_148' title='bbox 1573 1406 1641 1439; x_wconf 86' lang='lat' dir='ltr'>mel</span> <span class='ocrx_word' id='word_1_149' title='bbox 1659 1405 1703 1439; x_wconf 89' lang='lat' dir='ltr'>de</span> <span class='ocrx_word' id='word_1_150' title='bbox 1723 1406 1820 1439; x_wconf 88' lang='lat' dir='ltr'>coelo</span> <span class='ocrx_word' id='word_1_151' title='bbox 1841 1405 1981 1439; x_wconf 78' lang='lat' dir='ltr'>stillavit</span> 
     </span>
     <span class='ocr_line' id='line_1_17' title="bbox 468 1464 1979 1510; baseline -0.003 -9"><span class='ocrx_word' id='word_1_152' title='bbox 468 1470 503 1502; x_wconf 90' lang='lat' dir='ltr'>in</span> <span class='ocrx_word' id='word_1_153' title='bbox 530 1466 675 1500; x_wconf 86' lang='lat' dir='ltr'>modum</span> <span class='ocrx_word' id='word_1_154' title='bbox 700 1465 800 1499; x_wconf 88' lang='lat' dir='ltr'>roris.</span> <span class='ocrx_word' id='word_1_155' title='bbox 831 1464 959 1498; x_wconf 89' lang='lat' dir='ltr'>Eodem</span> <span class='ocrx_word' id='word_1_156' title='bbox 982 1477 1091 1508; x_wconf 74' lang='lat' dir='ltr'>anno7</span> <span class='ocrx_word' id='word_1_157' title='bbox 1113 1464 1278 1498; x_wconf 88' lang='lat' dir='ltr'>dominns</span> <span class='ocrx_word' id='word_1_158' title='bbox 1298 1465 1528 1508; x_wconf 70' lang='lat' dir='ltr'>Gillebertus,</span> <span class='ocrx_word' id='word_1_159' title='bbox 1554 1465 1689 1510; x_wconf 88' lang='lat' dir='ltr'>primus</span> <span class='ocrx_word' id='word_1_160' title='bbox 1711 1465 1818 1498; x_wconf 88' lang='lat' dir='ltr'>abbas</span> <span class='ocrx_word' id='word_1_161' title='bbox 1840 1470 1979 1506; x_wconf 73' lang='lat' dir='ltr'>noster7</span> 
     </span>
     <span class='ocr_line' id='line_1_18' title="bbox 468 1523 1981 1572; baseline -0.002 -12"><span class='ocrx_word' id='word_1_162' title='bbox 468 1527 593 1572; x_wconf 87' lang='lat' dir='ltr'>quinto</span> <span class='ocrx_word' id='word_1_163' title='bbox 609 1537 700 1559; x_wconf 89' lang='lat' dir='ltr'>anno</span> <span class='ocrx_word' id='word_1_164' title='bbox 716 1524 895 1571; x_wconf 77' lang='lat' dir='ltr'>regiminis</span> <span class='ocrx_word' id='word_1_165' title='bbox 909 1524 960 1557; x_wconf 88' lang='lat' dir='ltr'>sui</span> <span class='ocrx_word' id='word_1_166' title='bbox 978 1524 1012 1556; x_wconf 92' lang='lat' dir='ltr'>in</span> <span class='ocrx_word' id='word_1_167' title='bbox 1028 1524 1180 1571; x_wconf 72' lang='lat' dir='ltr'>generali</span> <span class='ocrx_word' id='word_1_168' title='bbox 1202 1524 1355 1569; x_wconf 85' lang='lat' dir='ltr'>capitulo</span> <span class='ocrx_word' id='word_1_169' title='bbox 1371 1524 1643 1557; x_wconf 74' lang='lat' dir='ltr'>praemonstrati</span> <span class='ocrx_word' id='word_1_170' title='bbox 1659 1523 1702 1557; x_wconf 88' lang='lat' dir='ltr'>de</span> <span class='ocrx_word' id='word_1_171' title='bbox 1717 1524 1898 1557; x_wconf 89' lang='lat' dir='ltr'>communi</span> <span class='ocrx_word' id='word_1_172' title='bbox 1917 1535 1981 1569; x_wconf 87' lang='lat' dir='ltr'>pa-</span> 
     </span>
     <span class='ocr_line' id='line_1_19' title="bbox 468 1581 1981 1627; baseline -0.002 -9"><span class='ocrx_word' id='word_1_173' title='bbox 468 1592 562 1618; x_wconf 90' lang='lat' dir='ltr'>trum</span> <span class='ocrx_word' id='word_1_174' title='bbox 578 1583 722 1617; x_wconf 87' lang='lat' dir='ltr'>consilio</span> <span class='ocrx_word' id='word_1_175' title='bbox 740 1595 758 1615; x_wconf 88' lang='lat' dir='ltr'>a</span> <span class='ocrx_word' id='word_1_176' title='bbox 778 1582 939 1627; x_wconf 89' lang='lat' dir='ltr'>pastorali</span> <span class='ocrx_word' id='word_1_177' title='bbox 952 1593 1035 1615; x_wconf 90' lang='lat' dir='ltr'>cura</span> <span class='ocrx_word' id='word_1_178' title='bbox 1050 1582 1254 1615; x_wconf 72' lang='lat' dir='ltr'>absolvitur.</span> <span class='ocrx_word' id='word_1_179' title='bbox 1273 1581 1406 1627; x_wconf 72' lang='lat' dir='ltr'>Nempe</span> <span class='ocrx_word' id='word_1_180' title='bbox 1421 1582 1544 1615; x_wconf 85' lang='lat' dir='ltr'>fratres</span> <span class='ocrx_word' id='word_1_181' title='bbox 1559 1582 1667 1615; x_wconf 78' lang='lat' dir='ltr'>nostri</span> <span class='ocrx_word' id='word_1_182' title='bbox 1688 1588 1809 1615; x_wconf 88' lang='lat' dir='ltr'>contra</span> <span class='ocrx_word' id='word_1_183' title='bbox 1824 1594 1905 1615; x_wconf 89' lang='lat' dir='ltr'>eum</span> <span class='ocrx_word' id='word_1_184' title='bbox 1919 1593 1981 1615; x_wconf 86' lang='lat' dir='ltr'>ve-</span> 
     </span>
     <span class='ocr_line' id='line_1_20' title="bbox 470 1640 1980 1686; baseline -0.001 -10"><span class='ocrx_word' id='word_1_185' title='bbox 470 1644 603 1676; x_wconf 87' lang='lat' dir='ltr'>nientes</span> <span class='ocrx_word' id='word_1_186' title='bbox 622 1641 665 1675; x_wconf 87' lang='lat' dir='ltr'>ad</span> <span class='ocrx_word' id='word_1_187' title='bbox 682 1641 873 1686; x_wconf 86' lang='lat' dir='ltr'>capitulum</span> <span class='ocrx_word' id='word_1_188' title='bbox 885 1667 893 1682; x_wconf 58' lang='grc'>,</span> <span class='ocrx_word' id='word_1_189' title='bbox 911 1640 1080 1673; x_wconf 84' lang='lat' dir='ltr'>nuditatis</span> <span class='ocrx_word' id='word_1_190' title='bbox 1097 1647 1130 1673; x_wconf 82' lang='lat' dir='ltr'>et</span> <span class='ocrx_word' id='word_1_191' title='bbox 1149 1641 1364 1685; x_wconf 80' lang='lat' dir='ltr'>paupertatis</span> <span class='ocrx_word' id='word_1_192' title='bbox 1379 1652 1461 1673; x_wconf 85' lang='lat' dir='ltr'>suae</span> <span class='ocrx_word' id='word_1_193' title='bbox 1476 1640 1748 1686; x_wconf 65' lang='lat' dir='ltr'>lacrymabiliter</span> <span class='ocrx_word' id='word_1_194' title='bbox 1762 1646 1980 1686; x_wconf 87' lang='lat' dir='ltr'>opponentes</span> 
     </span>
     <span class='ocr_line' id='line_1_21' title="bbox 468 1697 1981 1746; baseline -0.002 -12"><span class='ocrx_word' id='word_1_195' title='bbox 468 1699 709 1741; x_wconf 69' lang='lat' dir='ltr'>incommoda7</span> <span class='ocrx_word' id='word_1_196' title='bbox 729 1699 843 1744; x_wconf 90' lang='lat' dir='ltr'>ipsum</span> <span class='ocrx_word' id='word_1_197' title='bbox 861 1697 1091 1731; x_wconf 85' lang='lat' dir='ltr'>multimodae</span> <span class='ocrx_word' id='word_1_198' title='bbox 1107 1697 1364 1732; x_wconf 83' lang='lat' dir='ltr'>indiscretionis</span> <span class='ocrx_word' id='word_1_199' title='bbox 1381 1705 1609 1741; x_wconf 52' lang='lat' dir='ltr'>accusarunt2</span> <span class='ocrx_word' id='word_1_200' title='bbox 1627 1705 1661 1731; x_wconf 87' lang='lat' dir='ltr'>et</span> <span class='ocrx_word' id='word_1_201' title='bbox 1681 1711 1798 1732; x_wconf 80' lang='lat' dir='ltr'>revera</span> <span class='ocrx_word' id='word_1_202' title='bbox 1813 1699 1981 1746; x_wconf 79' lang='lat' dir='ltr'>religione</span> 
     </span>
     <span class='ocr_line' id='line_1_22' title="bbox 466 1756 1982 1806; baseline -0.002 -13"><span class='ocrx_word' id='word_1_203' title='bbox 466 1760 600 1806; x_wconf 84' lang='lat' dir='ltr'>pollens</span> <span class='ocrx_word' id='word_1_204' title='bbox 616 1759 731 1791; x_wconf 87' lang='lat' dir='ltr'>minus</span> <span class='ocrx_word' id='word_1_205' title='bbox 750 1756 944 1803; x_wconf 82' lang='lat' dir='ltr'>prudenter</span> <span class='ocrx_word' id='word_1_206' title='bbox 962 1763 1079 1790; x_wconf 85' lang='lat' dir='ltr'>tamen</span> <span class='ocrx_word' id='word_1_207' title='bbox 1099 1769 1134 1790; x_wconf 88' lang='lat' dir='ltr'>se</span> <span class='ocrx_word' id='word_1_208' title='bbox 1155 1757 1300 1805; x_wconf 64' lang='lat' dir='ltr'>agebat,</span> <span class='ocrx_word' id='word_1_209' title='bbox 1322 1757 1404 1803; x_wconf 86' lang='lat' dir='ltr'>quia</span> <span class='ocrx_word' id='word_1_210' title='bbox 1422 1769 1492 1790; x_wconf 93' lang='lat' dir='ltr'>non</span> <span class='ocrx_word' id='word_1_211' title='bbox 1513 1763 1722 1802; x_wconf 87' lang='lat' dir='ltr'>computans</span> <span class='ocrx_word' id='word_1_212' title='bbox 1737 1769 1827 1803; x_wconf 87' lang='lat' dir='ltr'>quae</span> <span class='ocrx_word' id='word_1_213' title='bbox 1845 1757 1909 1791; x_wconf 90' lang='lat' dir='ltr'>sibi</span> <span class='ocrx_word' id='word_1_214' title='bbox 1925 1757 1982 1790; x_wconf 86' lang='lat' dir='ltr'>fo-</span> 
     </span>
     <span class='ocr_line' id='line_1_23' title="bbox 469 1816 1981 1862; baseline -0.001 -11"><span class='ocrx_word' id='word_1_215' title='bbox 469 1824 547 1851; x_wconf 85' lang='lat' dir='ltr'>rent</span> <span class='ocrx_word' id='word_1_216' title='bbox 561 1817 750 1850; x_wconf 85' lang='lat' dir='ltr'>necessaria</span> <span class='ocrx_word' id='word_1_217' title='bbox 763 1843 770 1849; x_wconf 93' lang='lat'><strong>.</strong></span> <span class='ocrx_word' id='word_1_218' title='bbox 788 1816 961 1861; x_wconf 88' lang='lat' dir='ltr'>populum</span> <span class='ocrx_word' id='word_1_219' title='bbox 978 1816 1162 1861; x_wconf 87' lang='lat' dir='ltr'>utriusque</span> <span class='ocrx_word' id='word_1_220' title='bbox 1177 1828 1278 1849; x_wconf 75' lang='lat' dir='ltr'>sexus</span> <span class='ocrx_word' id='word_1_221' title='bbox 1296 1816 1489 1861; x_wconf 88' lang='lat' dir='ltr'>plurimum</span> <span class='ocrx_word' id='word_1_222' title='bbox 1504 1843 1511 1857; x_wconf 53' lang='lat'><em>7</em></span> <span class='ocrx_word' id='word_1_223' title='bbox 1529 1823 1564 1849; x_wconf 87' lang='lat' dir='ltr'>et</span> <span class='ocrx_word' id='word_1_224' title='bbox 1580 1828 1685 1862; x_wconf 89' lang='lat' dir='ltr'>quem</span> <span class='ocrx_word' id='word_1_225' title='bbox 1701 1822 1896 1849; x_wconf 86' lang='lat' dir='ltr'>sustentare</span> <span class='ocrx_word' id='word_1_226' title='bbox 1911 1828 1981 1849; x_wconf 92' lang='lat' dir='ltr'>non</span> 
     </span>
     <span class='ocr_line' id='line_1_24' title="bbox 469 1874 1983 1921; baseline -0.001 -11"><span class='ocrx_word' id='word_1_227' title='bbox 469 1876 606 1910; x_wconf 84' lang='lat' dir='ltr'>suffecit</span> <span class='ocrx_word' id='word_1_228' title='bbox 620 1874 876 1908; x_wconf 84' lang='lat' dir='ltr'>inconsiderate</span> <span class='ocrx_word' id='word_1_229' title='bbox 886 1881 1085 1907; x_wconf 79' lang='lat' dir='ltr'>attraxerat.</span> <span class='ocrx_word' id='word_1_230' title='bbox 1105 1875 1187 1908; x_wconf 87' lang='lat' dir='ltr'>Post</span> <span class='ocrx_word' id='word_1_231' title='bbox 1199 1887 1305 1921; x_wconf 89' lang='lat' dir='ltr'>quem</span> <span class='ocrx_word' id='word_1_232' title='bbox 1321 1875 1445 1908; x_wconf 86' lang='lat' dir='ltr'>fratres</span> <span class='ocrx_word' id='word_1_233' title='bbox 1459 1875 1565 1908; x_wconf 88' lang='lat' dir='ltr'>alium</span> <span class='ocrx_word' id='word_1_234' title='bbox 1577 1887 1657 1908; x_wconf 87' lang='lat' dir='ltr'>mox</span> <span class='ocrx_word' id='word_1_235' title='bbox 1674 1874 1983 1917; x_wconf 61' lang='lat' dir='ltr'>Gillebe1·ttim‚ca-</span> 
     </span>
     <span class='ocr_line' id='line_1_25' title="bbox 470 1931 1980 1980; baseline -0.001 -13"><span class='ocrx_word' id='word_1_236' title='bbox 470 1934 635 1968; x_wconf 88' lang='lat' dir='ltr'>nonicum</span> <span class='ocrx_word' id='word_1_237' title='bbox 648 1934 867 1975; x_wconf 49' lang='lat' dir='ltr'>ParcensenL</span> <span class='ocrx_word' id='word_1_238' title='bbox 882 1931 1068 1978; x_wconf 87' lang='lat' dir='ltr'>prudentia</span> <span class='ocrx_word' id='word_1_239' title='bbox 1084 1939 1118 1965; x_wconf 90' lang='lat' dir='ltr'>et</span> <span class='ocrx_word' id='word_1_240' title='bbox 1132 1932 1300 1980; x_wconf 74' lang='lat' dir='ltr'>religione</span> <span class='ocrx_word' id='word_1_241' title='bbox 1315 1933 1462 1975; x_wconf 64' lang='lat' dir='ltr'>clarum,</span> <span class='ocrx_word' id='word_1_242' title='bbox 1475 1933 1509 1966; x_wconf 91' lang='lat' dir='ltr'>in</span> <span class='ocrx_word' id='word_1_243' title='bbox 1520 1933 1683 1966; x_wconf 86' lang='lat' dir='ltr'>abbatem</span> <span class='ocrx_word' id='word_1_244' title='bbox 1699 1933 1894 1980; x_wconf 77' lang='lat' dir='ltr'>elegerunt.</span> <span class='ocrx_word' id='word_1_245' title='bbox 1911 1932 1980 1973; x_wconf 88' lang='lat' dir='ltr'>Qui</span> 
     </span>
     <span class='ocr_line' id='line_1_26' title="bbox 469 1990 1982 2037; baseline -0.001 -11"><span class='ocrx_word' id='word_1_246' title='bbox 469 2005 548 2026; x_wconf 90' lang='lat' dir='ltr'>cum</span> <span class='ocrx_word' id='word_1_247' title='bbox 573 2004 635 2037; x_wconf 87' lang='lat' dir='ltr'>per</span> <span class='ocrx_word' id='word_1_248' title='bbox 652 1991 741 2024; x_wconf 86' lang='lat' dir='ltr'>duos</span> <span class='ocrx_word' id='word_1_249' title='bbox 761 2003 896 2023; x_wconf 87' lang='lat' dir='ltr'>menses</span> <span class='ocrx_word' id='word_1_250' title='bbox 910 1991 962 2023; x_wconf 81' lang='lat' dir='ltr'>vel</span> <span class='ocrx_word' id='word_1_251' title='bbox 978 2002 1018 2023; x_wconf 91' lang='lat' dir='ltr'>eo</span> <span class='ocrx_word' id='word_1_252' title='bbox 1039 1990 1189 2036; x_wconf 86' lang='lat' dir='ltr'>amplius</span> <span class='ocrx_word' id='word_1_253' title='bbox 1208 2003 1289 2024; x_wconf 88' lang='lat' dir='ltr'>cum</span> <span class='ocrx_word' id='word_1_254' title='bbox 1309 1992 1357 2024; x_wconf 82' lang='lat' dir='ltr'>eis</span> <span class='ocrx_word' id='word_1_255' title='bbox 1376 1998 1602 2025; x_wconf 83' lang='lat' dir='ltr'>conversatus</span> <span class='ocrx_word' id='word_1_256' title='bbox 1621 1991 1747 2024; x_wconf 86' lang='lat' dir='ltr'>nimiae</span> <span class='ocrx_word' id='word_1_257' title='bbox 1767 1991 1982 2037; x_wconf 85' lang='lat' dir='ltr'>paupertatis</span> 
     </span>
     <span class='ocr_line' id='line_1_27' title="bbox 469 2048 1983 2097; baseline -0.001 -13"><span class='ocrx_word' id='word_1_258' title='bbox 469 2057 502 2084; x_wconf 87' lang='lat' dir='ltr'>et</span> <span class='ocrx_word' id='word_1_259' title='bbox 523 2050 629 2095; x_wconf 80' lang='lat' dir='ltr'>hujus</span> <span class='ocrx_word' id='word_1_260' title='bbox 649 2049 751 2082; x_wconf 83' lang='lat' dir='ltr'>officii</span> <span class='ocrx_word' id='word_1_261' title='bbox 772 2048 928 2094; x_wconf 88' lang='lat' dir='ltr'>pondere</span> <span class='ocrx_word' id='word_1_262' title='bbox 951 2055 1162 2092; x_wconf 56' lang='lat' dir='ltr'>terreretur7</span> <span class='ocrx_word' id='word_1_263' title='bbox 1191 2049 1234 2082; x_wconf 87' lang='lat' dir='ltr'>ab</span> <span class='ocrx_word' id='word_1_264' title='bbox 1254 2049 1302 2082; x_wconf 88' lang='lat' dir='ltr'>eis</span> <span class='ocrx_word' id='word_1_265' title='bbox 1321 2048 1535 2083; x_wconf 87' lang='lat' dir='ltr'>clandestina</span> <span class='ocrx_word' id='word_1_266' title='bbox 1556 2049 1639 2097; x_wconf 79' lang='lat' dir='ltr'>fuga</span> <span class='ocrx_word' id='word_1_267' title='bbox 1659 2049 1796 2094; x_wconf 89' lang='lat' dir='ltr'>elapsus</span> <span class='ocrx_word' id='word_1_268' title='bbox 1814 2055 1878 2082; x_wconf 89' lang='lat' dir='ltr'>est.</span> <span class='ocrx_word' id='word_1_269' title='bbox 1898 2049 1983 2083; x_wconf 90' lang='lat' dir='ltr'>Post</span> 
     </span>
     <span class='ocr_line' id='line_1_28' title="bbox 469 2107 1982 2155; baseline 0 -13"><span class='ocrx_word' id='word_1_270' title='bbox 469 2109 533 2142; x_wconf 87' lang='lat' dir='ltr'>hos</span> <span class='ocrx_word' id='word_1_271' title='bbox 548 2109 582 2142; x_wconf 90' lang='lat' dir='ltr'>in</span> <span class='ocrx_word' id='word_1_272' title='bbox 603 2108 765 2141; x_wconf 87' lang='lat' dir='ltr'>abbatem</span> <span class='ocrx_word' id='word_1_273' title='bbox 786 2107 927 2155; x_wconf 75' lang='lat' dir='ltr'>eligitur</span> <span class='ocrx_word' id='word_1_274' title='bbox 946 2107 1113 2141; x_wconf 88' lang='lat' dir='ltr'>dominus</span> <span class='ocrx_word' id='word_1_275' title='bbox 1131 2107 1326 2150; x_wconf 77' lang='lat' dir='ltr'>Gerardus7</span> <span class='ocrx_word' id='word_1_276' title='bbox 1351 2107 1593 2141; x_wconf 87' lang='lat' dir='ltr'>Laudnnensis</span> <span class='ocrx_word' id='word_1_277' title='bbox 1612 2108 1820 2151; x_wconf 62' lang='lat' dir='ltr'>canonicus,</span> <span class='ocrx_word' id='word_1_278' title='bbox 1840 2108 1875 2141; x_wconf 91' lang='lat' dir='ltr'>in</span> <span class='ocrx_word' id='word_1_279' title='bbox 1895 2120 1982 2142; x_wconf 92' lang='lat' dir='ltr'>con-</span> 
     </span>
     <span class='ocr_line' id='line_1_29' title="bbox 468 2166 1982 2212; baseline 0 -13"><span class='ocrx_word' id='word_1_280' title='bbox 468 2167 662 2201; x_wconf 69' lang='lat' dir='ltr'>versatione</span> <span class='ocrx_word' id='word_1_281' title='bbox 677 2173 835 2199; x_wconf 84' lang='lat' dir='ltr'>maturus</span> <span class='ocrx_word' id='word_1_282' title='bbox 850 2193 857 2209; x_wconf 58' lang='lat'><em>7</em></span> <span class='ocrx_word' id='word_1_283' title='bbox 881 2166 995 2199; x_wconf 87' lang='lat' dir='ltr'>forma</span> <span class='ocrx_word' id='word_1_284' title='bbox 1010 2166 1112 2212; x_wconf 93' lang='lat' dir='ltr'>plane</span> <span class='ocrx_word' id='word_1_285' title='bbox 1129 2167 1306 2212; x_wconf 88' lang='lat' dir='ltr'>speciosus</span> <span class='ocrx_word' id='word_1_286' title='bbox 1317 2193 1325 2209; x_wconf 64' lang='lat'><em>7</em></span> <span class='ocrx_word' id='word_1_287' title='bbox 1349 2167 1571 2212; x_wconf 85' lang='lat' dir='ltr'>simplicitate</span> <span class='ocrx_word' id='word_1_288' title='bbox 1586 2173 1621 2199; x_wconf 88' lang='lat' dir='ltr'>et</span> <span class='ocrx_word' id='word_1_289' title='bbox 1639 2178 1779 2199; x_wconf 88' lang='lat' dir='ltr'>morum</span> <span class='ocrx_word' id='word_1_290' title='bbox 1800 2166 1982 2200; x_wconf 86' lang='lat' dir='ltr'>honestate</span> 
     </span>
     <span class='ocr_line' id='line_1_30' title="bbox 469 2224 1979 2271; baseline -0.001 -12"><span class='ocrx_word' id='word_1_291' title='bbox 469 2226 691 2271; x_wconf 87' lang='lat' dir='ltr'>praecipuus.</span> <span class='ocrx_word' id='word_1_292' title='bbox 710 2225 777 2258; x_wconf 88' lang='lat' dir='ltr'>Iste</span> <span class='ocrx_word' id='word_1_293' title='bbox 791 2224 966 2258; x_wconf 83' lang='lat' dir='ltr'>Gerardus</span> <span class='ocrx_word' id='word_1_294' title='bbox 981 2226 1116 2271; x_wconf 88' lang='lat' dir='ltr'>primus</span> <span class='ocrx_word' id='word_1_295' title='bbox 1127 2225 1290 2259; x_wconf 86' lang='lat' dir='ltr'>ecclesiae</span> <span class='ocrx_word' id='word_1_296' title='bbox 1309 2232 1447 2259; x_wconf 87' lang='lat' dir='ltr'>nostrae</span> <span class='ocrx_word' id='word_1_297' title='bbox 1462 2225 1570 2258; x_wconf 83' lang='lat' dir='ltr'>abbas</span> <span class='ocrx_word' id='word_1_298' title='bbox 1582 2225 1748 2258; x_wconf 85' lang='lat' dir='ltr'>scribitur</span> <span class='ocrx_word' id='word_1_299' title='bbox 1760 2252 1768 2268; x_wconf 64' lang='lat'><em>7</em></span> <span class='ocrx_word' id='word_1_300' title='bbox 1787 2231 1821 2258; x_wconf 87' lang='lat' dir='ltr'>et</span> <span class='ocrx_word' id='word_1_301' title='bbox 1835 2225 1979 2258; x_wconf 87' lang='lat' dir='ltr'>merito:</span> 
     </span>
     <span class='ocr_line' id='line_1_31' title="bbox 470 2283 1983 2330; baseline 0.001 -14"><span class='ocrx_word' id='word_1_302' title='bbox 470 2285 604 2329; x_wconf 87' lang='lat' dir='ltr'>primus</span> <span class='ocrx_word' id='word_1_303' title='bbox 619 2285 711 2317; x_wconf 83' lang='lat' dir='ltr'>enim</span> <span class='ocrx_word' id='word_1_304' title='bbox 727 2296 803 2317; x_wconf 83' lang='lat' dir='ltr'>eam</span> <span class='ocrx_word' id='word_1_305' title='bbox 818 2296 835 2317; x_wconf 90' lang='lat' dir='ltr'>a</span> <span class='ocrx_word' id='word_1_306' title='bbox 852 2290 1057 2329; x_wconf 84' lang='lat' dir='ltr'>paupertate</span> <span class='ocrx_word' id='word_1_307' title='bbox 1073 2284 1253 2327; x_wconf 54' lang='lat' dir='ltr'>relevavit7</span> <span class='ocrx_word' id='word_1_308' title='bbox 1272 2283 1402 2317; x_wconf 81' lang='lat' dir='ltr'>divitiis</span> <span class='ocrx_word' id='word_1_309' title='bbox 1420 2291 1455 2318; x_wconf 87' lang='lat' dir='ltr'>et</span> <span class='ocrx_word' id='word_1_310' title='bbox 1468 2284 1743 2330; x_wconf 90' lang='lat' dir='ltr'>possessionibus</span> <span class='ocrx_word' id='word_1_311' title='bbox 1758 2284 1937 2329; x_wconf 85' lang='lat' dir='ltr'>ampliavit</span> <span class='ocrx_word' id='word_1_312' title='bbox 1949 2291 1983 2317; x_wconf 90' lang='lat' dir='ltr'>et</span> 
     </span>
     <span class='ocr_line' id='line_1_32' title="bbox 471 2341 1131 2389; baseline 0.002 -15"><span class='ocrx_word' id='word_1_313' title='bbox 471 2342 513 2375; x_wconf 86' lang='lat' dir='ltr'>ad</span> <span class='ocrx_word' id='word_1_314' title='bbox 534 2342 719 2375; x_wconf 77' lang='lat' dir='ltr'>maximam</span> <span class='ocrx_word' id='word_1_315' title='bbox 734 2341 942 2389; x_wconf 75' lang='lat' dir='ltr'>dignitatem</span> <span class='ocrx_word' id='word_1_316' title='bbox 960 2343 1131 2388; x_wconf 81' lang='lat' dir='ltr'>provexit.</span> 
     </span>
    </p>

    <p class='ocr_par' dir='ltr' id='par_1_6' title="bbox 520 2399 1979 2446">
     <span class='ocr_line' id='line_1_33' title="bbox 520 2399 1979 2446; baseline 0.001 -13"><span class='ocrx_word' id='word_1_317' title='bbox 520 2399 711 2433; x_wconf 82' lang='lat' dir='ltr'>Godefrido</span> <span class='ocrx_word' id='word_1_318' title='bbox 725 2407 851 2446; x_wconf 84' lang='lat' dir='ltr'>quarto</span> <span class='ocrx_word' id='word_1_319' title='bbox 867 2413 960 2433; x_wconf 87' lang='lat' dir='ltr'>anno</span> <span class='ocrx_word' id='word_1_320' title='bbox 976 2400 1126 2434; x_wconf 88' lang='lat' dir='ltr'>ducatus</span> <span class='ocrx_word' id='word_1_321' title='bbox 1140 2402 1192 2435; x_wconf 89' lang='lat' dir='ltr'>sui</span> <span class='ocrx_word' id='word_1_322' title='bbox 1210 2408 1364 2437; x_wconf 59' lang='lat' dir='ltr'>mortum</span> <span class='ocrx_word' id='word_1_323' title='bbox 1382 2400 1537 2435; x_wconf 86' lang='lat' dir='ltr'>succedit</span> <span class='ocrx_word' id='word_1_324' title='bbox 1553 2401 1644 2434; x_wconf 90' lang='lat' dir='ltr'>filius</span> <span class='ocrx_word' id='word_1_325' title='bbox 1662 2402 1736 2446; x_wconf 84' lang='lat' dir='ltr'>ejus</span> <span class='ocrx_word' id='word_1_326' title='bbox 1755 2400 1979 2441; x_wconf 58' lang='lat' dir='ltr'>Godefridus7</span> 
     </span>
    </p>
   </div>
   <div class='ocr_carea' id='block_1_5' title="bbox 472 2457 1984 2562">
    <p class='ocr_par' dir='ltr' id='par_1_7' title="bbox 472 2457 1984 2562">
     <span class='ocr_line' id='line_1_34' title="bbox 472 2457 1984 2506; baseline 0.001 -16"><span class='ocrx_word' id='word_1_327' title='bbox 472 2458 625 2503; x_wconf 88' lang='lat' dir='ltr'>primum</span> <span class='ocrx_word' id='word_1_328' title='bbox 640 2457 757 2492; x_wconf 86' lang='lat' dir='ltr'>adbuc</span> <span class='ocrx_word' id='word_1_329' title='bbox 777 2471 882 2506; x_wconf 76' lang='lat' dir='ltr'>agens</span> <span class='ocrx_word' id='word_1_330' title='bbox 900 2459 1021 2492; x_wconf 86' lang='lat' dir='ltr'>aetatis</span> <span class='ocrx_word' id='word_1_331' title='bbox 1039 2472 1172 2493; x_wconf 87' lang='lat' dir='ltr'>annum</span> <span class='ocrx_word' id='word_1_332' title='bbox 1184 2487 1192 2502; x_wconf 66' lang='lat'><em>‚</em></span> <span class='ocrx_word' id='word_1_333' title='bbox 1213 2460 1268 2493; x_wconf 91' lang='lat' dir='ltr'>cui</span> <span class='ocrx_word' id='word_1_334' title='bbox 1287 2460 1478 2506; x_wconf 84' lang='lat' dir='ltr'>imperator</span> <span class='ocrx_word' id='word_1_335' title='bbox 1497 2460 1665 2493; x_wconf 88' lang='lat' dir='ltr'>concessit</span> <span class='ocrx_word' id='word_1_336' title='bbox 1681 2458 1857 2505; x_wconf 87' lang='lat' dir='ltr'>quidquid</span> <span class='ocrx_word' id='word_1_337' title='bbox 1875 2459 1984 2492; x_wconf 86' lang='lat' dir='ltr'>bene-</span> 
     </span>
     <span class='ocr_line' id='line_1_35' title="bbox 473 2516 1114 2562; baseline 0.002 -14"><span class='ocrx_word' id='word_1_338' title='bbox 473 2516 540 2548; x_wconf 81' lang='lat' dir='ltr'>ficii</span> <span class='ocrx_word' id='word_1_339' title='bbox 560 2522 793 2549; x_wconf 86' lang='lat' dir='ltr'>antecessores</span> <span class='ocrx_word' id='word_1_340' title='bbox 807 2516 881 2561; x_wconf 85' lang='lat' dir='ltr'>ejus</span> <span class='ocrx_word' id='word_1_341' title='bbox 895 2523 1114 2562; x_wconf 86' lang='lat' dir='ltr'>acceperant.</span> 
     </span>
    </p>
   </div>
  </div>
 </body>
</html>
