2118 3184
539 420 763 455 CHRON‘let
793 421 958 455 Alimon
990 421 1028 454 Ll
1059 421 1223 455 Mulsls.
1579 423 1645 456 :397

132 528 278 562 modum
298 529 458 562 volebant
478 528 680 570 ‹2xc·.·‹lq¹1‹10
699 529 981 564 ΙιειΙἊϊιῖειιΙειι-ἰει.
1001 530 1149 563 maxime
1168 530 1251 575 quia
1270 529 1302 562 in
1324 536 1397 562 loto
1414 541 1524 577 regno
1543 530 1643 562 Fran-

134 588 206 621 ciae
225 588 384 621 currebat
407 594 545 620 moneta
563 587 686 620 debilis
708 594 738 621 et
760 588 855 621 omni
876 587 932 621 dii·
955 587 1219 622 debilitabaunn
1247 588 1395 634 Propter
1418 600 1506 634 quas
1526 600 1645 622 causas

132 645 262 691 incepit
279 658 297 679 a
317 644 493 691 praedicta
513 645 571 678 die
597 645 719 678 natalis
739 646 876 678 Domini
897 652 929 678 et
949 645 1114 691 deinceps
1142 658 1267 693 magna
1290 646 1426 680 caristia
1442 673 1450 689 7
1477 647 1523 680 ita
1548 646 1643 692 quod

133 704 296 741 bladum,
324 704 444 738 vinum
474 710 505 737 et
533 705 651 737 omnia
671 704 847 747 victualia.
877 717 938 738 nee
964 717 1033 737 non
1061 711 1095 738 et
1120 705 1237 738 omnia
1265 705 1396 738 venalia
1422 705 1526 739 nimis
1546 712 1640 739 erant

133 774 233 798 cara.
264 763 297 795 in
326 769 462 796 tantum
489 763 586 809 quod
609 776 730 797 omnes
753 763 935 796 divites-et.
959 776 1130 809 pauperes
1155 764 1459 810 quamplurimum
1487 776 1647 810 conque-

133 821 301 854 rebantur
328 827 361 854 et
384 834 419 853 se
445 821 606 854 tenebant
637 834 700 867 pro
724 822 910 867 oppressis.
939 822 1012 855 Fuit
1037 828 1155 857 autem
1186 828 1257 855 tola
1282 822 1406 867 hyems
1434 823 1590 868 pluviosa
1613 830 1647 856 et.

132 891 258 925 parum
279 879 346 912 fuit
361 878 406 911 de
424 879 522 925 gelu.
545 886 576 912 et
597 880 722 913 mensis
740 879 854 913 Martii
874 880 986 913 siccus
1006 886 1039 913 et
1057 880 1138 913 satis
1154 880 1328 927 gratiosus
1341 907 1349 922 ,Ι
1372 881 1501 914 mensis
1520 882 1646 927 Aprilis

134 938 404 983 incompositus.
428 937 577 985 frigidus
598 945 633 971 et
652 945 830 971 ventosus.

182 996 301 1031 Sciant
324 998 429 1030 etiam
449 996 576 1030 futuri.
601 996 698 1043 quod
721 1009 778 1030 rex
799 997 979 1037 Franciae.¹
1009 997 1129 1030 habito
1155 997 1319 1039 consilio.
1346 1005 1524 1031 monetam
1547 1010 1646 1032 suam

133 1056 282 1089 mutavit
299 1056 357 1089 tali
378 1055 484 1088 modo
503 1055 600 1102 quod
621 1056 774 1089 ilorvnus
792 1055 835 1088 ad
855 1062 1013 1098 scutum.
1042 1056 1103 1102 qui
1127 1056 1291 1089 currebat
1315 1068 1379 1101 pro
1402 1057 1546 1104 triginta
1563 1058 1647 1090 soli-

132 1113 186 1147 dis
205 1114 469 1160 parisiensium.
488 1115 622 1159 positus
640 1114 703 1147 fuit
725 1113 769 1147 ad
787 1113 990 1159 quindecim
1010 1113 1139 1147 solidos
1155 1115 1413 1160 parisiensium.
1446 1116 1486 1148 Ei
1505 1116 1553 1149 sic
1572 1123 1644 1150 tota

134 1179 275 1206 moneta
294 1173 417 1220 reg-alis
431 1172 520 1206 (luos
538 1173 699 1206 denarios
716 1173 832 1206 valens
848 1173 960 1218 posita
976 1173 1043 1205 fuit
1058 1172 1102 1205 ad
1122 1185 1232 1206 unum
1249 1172 1434 1206 denarium
1451 1200 1459 1216 7
1480 1180 1515 1207 et
1533 1175 1647 1207 omnis

134 1238 275 1265 moneta
293 1243 363 1264 non
381 1231 503 1278 regalis
519 1231 585 1264 fuit
606 1231 795 1276 prohibita.
818 1229 948 1263 Cursus
966 1237 1083 1263 autem
1103 1230 1228 1263 debilis
1243 1237 1404 1263 monetae
1423 1231 1490 1265 fuit
1512 1232 1546 1265 in
1563 1232 1647 1266 Tor-

134 1302 222 1323 naco
243 1302 354 1335 usque
376 1289 420 1323 ad
443 1290 598 1334 primum
622 1288 715 1322 diem
739 1289 866 1322 mensis
886 1288 980 1321 Maii.
1004 1289 1043 1321 In
1066 1301 1137 1334 qua
1159 1288 1236 1332 die7
1263 1301 1354 1334 quae
1376 1290 1442 1323 fuit
1468 1302 1531 1335 per
1553 1291 1646 1325 diem

133 1347 296 1390 Sabbati7
326 1348 580 1395 gubernatores
601 1347 700 1380 villae
726 1346 770 1380 de
797 1346 963 1380 mandato
982 1347 1073 1394 regis
1091 1347 1252 1380 fecerunt
1273 1360 1349 1381 eam
1377 1349 1594 1393 proclamare
1613 1358 1642 1383 et

133 1406 333 1452 publicare,
355 1417 461 1451 super
477 1418 568 1451 quos
585 1405 652 1438 fuit
671 1417 834 1438 murmur
856 1405 988 1438 multus
1009 1405 1042 1438 in
1061 1406 1206 1451 populo.

182 1465 253 1500 Nee
278 1471 328 1498 est
360 1463 657 1510 praetereundum
683 1463 781 1510 quod
805 1476 863 1497 rex
893 1464 1055 1497 Franciae
1077 1476 1158 1498 cum
1187 1465 1284 1498 lucro
1310 1471 1533 1499 monetarum
1566 1467 1645 1500 fecit

132 1523 192 1558 illo
209 1535 302 1558 anno
324 1535 466 1557 currere
486 1535 612 1556 novam
631 1522 805 1565 assisiam7
831 1528 866 1555 et
884 1522 952 1556 hoc
970 1535 1032 1568 per
1054 1522 1227 1556 cautelam
1246 1522 1299 1556 sui
1318 1523 1451 1556 consilii
1468 1524 1643 1558 allevavit:

133 1581 295 1617 videlicet
311 1581 409 1628 quod
426 1581 470 1615 de
490 1582 655 1615 omnibus
680 1581 887 1615 mercaturis
906 1588 941 1615 et
959 1581 1003 1615 de
1022 1582 1187 1615 omnibus
1206 1593 1296 1628 quae
1320 1582 1355 1615 in
1379 1595 1489 1629 regno
1518 1584 1649 1617 vende-

135 1647 275 1685 rentur.
291 1639 454 1674 venditor
473 1646 626 1686 quatuor
649 1639 810 1673 denarios
827 1652 891 1685 pro
908 1640 1065 1686 qualibet
1084 1640 1171 1673 libra
1184 1667 1192 1683 ‚
1215 1647 1355 1686 emptor
1372 1641 1476 1675 etiam
1496 1650 1650 1688 quatuor

134 1699 296 1734 denarios
315 1711 379 1745 pro
398 1698 556 1745 qualibet
579 1698 665 1732 libra
685 1698 925 1744 persolverent
944 1698 1040 1731 omni
1057 1697 1126 1731 die.
1152 1698 1193 1731 Et.
1211 1698 1274 1732 ista
1300 1705 1351 1732 est
1366 1699 1456 1732 actio
1476 1712 1494 1733 a
1514 1701 1648 1746 sapien-

135 1759 231 1793 tibus
249 1758 430 1793 aestimata
449 1757 592 1790 maximi
608 1757 711 1803 pretii
729 1764 763 1790 et
779 1757 916 1791 valoris.

184 1818 224 1851 In
242 1817 301 1851 illo
327 1828 420 1849 anno
438 1816 505 1849 fuit
531 1822 643 1849 aestas
670 1816 752 1849 satis
771 1815 883 1850 calida
906 1822 941 1848 et
961 1816 1133 1864 gratiosa,
1163 1822 1196 1849 et
1217 1816 1338 1850 vineae
1365 1815 1583 1861 floruerunt7
1614 1825 1644 1851 et

134 1877 202 1911 fuit
220 1888 349 1923 magna
366 1875 464 1920 copia
486 1886 706 1908 racemorum
721 1901 729 1916 2
748 1880 784 1907 et
802 1873 1019 1907 abundantia
1042 1886 1169 1922 magna
1184 1874 1255 1908 vini
1275 1875 1479 1921 apparebat.
1502 1875 1649 1922 Insuper

134 1936 227 1969 bona
246 1941 378 1977 terrae,
405 1932 508 1966 blada
528 1940 562 1966 et
580 1933 698 1967 omnia
717 1945 825 1981 grana
839 1960 847 1975 ,
869 1933 1004 1966 fructus
1022 1933 1126 1966 etiam
1146 1933 1314 1966 arborum
1333 1934 1537 1967 crescebant
1555 1947 1648 1980 quo-

134 1993 237 2036 tidie7
257 1999 291 2026 et
308 1992 470 2038 sperabat
491 1991 643 2037 populus
661 1991 792 2025 habere
811 2003 975 2039 magnam
996 1990 1251 2025 abundantiam
1270 1991 1448 2025 bonorum
1465 1993 1624 2026 omnium
1639 2021 1646 2029 .

134 2058 242 2099 prout
262 2051 396 2097 ubique
418 2051 622 2096 apparebat.
652 2050 759 2084 Modo
784 2049 912 2084 accidit
938 2049 1036 2096 quod
1063 2050 1153 2084 circa
1177 2050 1391 2096 principium
1420 2051 1548 2084 mensis
1576 2053 1648 2085 Au-

136 2110 228 2158 gusti
247 2109 316 2143 fuit
337 2121 400 2154 per
420 2108 556 2154 aliquos
577 2107 651 2142 dies
675 2115 815 2154 tempus
838 2107 992 2142 calidum
1011 2114 1046 2141 et
1064 2120 1266 2142 amoenum.

184 2168 268 2202 Post
284 2178 390 2213 quam
411 2165 624 2200 caliditatem
643 2167 853 2212 inceperunt
869 2166 1007 2212 pluviae
1026 2178 1108 2199 cum
1131 2178 1258 2214 magna
1275 2166 1376 2212 copia
1389 2193 1397 2209 ,Ι
1419 2173 1454 2200 et
1472 2179 1585 2213 usque
1604 2168 1648 2201 ad

136 2228 296 2262 ultimam
315 2224 577 2259 hebdomadam
593 2226 721 2259 mensis
738 2225 886 2273 Augusti
901 2224 1136 2266 duraveruntg
1154 2231 1189 2257 et
1202 2225 1238 2257 in
1257 2224 1315 2258 illo
1333 2225 1474 2270 pluviali
1489 2231 1648 2271 tempore

135 2287 228 2320 bona
250 2291 364 2318 terrae
394 2289 428 2316 et
454 2283 589 2317 Fructus
615 2284 783 2317 arborum
810 2296 892 2317 cum
922 2295 1050 2330 magno
1077 2282 1208 2316 damno
1236 2289 1381 2328 propter
1404 2289 1647 2329 tempestatem

136 2344 273 2391 pluviae
298 2342 515 2376 levabantur.
543 2341 670 2375 Vineae
691 2341 796 2375 etiam
816 2341 1122 2387 quamplurimum
1142 2341 1288 2374 fuerunt
1306 2340 1515 2375 retardatae.
1538 2342 1579 2375 Et
1601 2343 1649 2375 sic

137 2415 215 2449 spes
236 2403 330 2436 bona
349 2414 445 2435 versa
465 2408 516 2435 est
534 2401 571 2434 in
591 2399 758 2434 taedium.
783 2400 823 2433 In
840 2400 910 2433 fine
925 2406 1042 2434 autem
1060 2399 1206 2447 Augusti
1222 2426 1230 2443 7
1247 2406 1281 2433 et
1300 2406 1398 2445 post,
1423 2400 1560 2446 pluviae
1579 2413 1649 2434 ces-

137 2467 301 2495 saverunt
318 2467 353 2494 et
374 2461 467 2494 bona
485 2460 690 2493 levabantur
702 2486 710 2502 7
736 2466 771 2492 et
789 2458 930 2493 duravit
952 2458 1039 2493 illud
1057 2465 1197 2505 tempus
1217 2470 1419 2492 amoenum.

186 2519 376 2554 Sciendum
394 2526 445 2553 est
460 2519 563 2553 etiam
583 2517 680 2565 quod
696 2518 731 2552 in
752 2518 807 2552 illa
822 2524 952 2552 aestate
968 2524 1139 2553 venerunt
1152 2517 1225 2552 duo
1244 2518 1387 2564 praelati
1408 2518 1512 2562 certi7
1534 2518 1648 2552 nuntii
