2137 3131
459 384 529 418 574
804 381 978 417 CORPUS
1005 380 1335 416 CHRONICORUM
1366 381 1629 415 FLANDRIAE.

464 491 592 525 mando
607 498 641 524 et
654 502 775 523 eorum
797 494 1013 522 sacramenta
1029 486 1274 521 comburendo
1288 501 1296 528 ς
1315 494 1434 533 postea
1450 488 1602 521 Parisius
1618 500 1679 533 per
1693 500 1774 521 suos
1791 489 1973 523 servitores

461 549 693 596 depraedatus
713 548 801 581 obiit
819 554 853 580 et
872 547 1031 592 sepultus
1053 553 1106 579 cst
1123 546 1159 579 in
1179 546 1323 580 ccclesia
1343 547 1534 580 minorum.

512 607 644 641 Ibidem
669 606 697 638 ei
718 605 884 639 successit
906 604 1104 638 Ludovicus
1127 603 1171 637 de
1194 604 1392 647 Trimollia7
1420 605 1638 639 consiliarius
1660 604 1794 638 domini
1820 604 1972 650 Philippi

460 666 624 707 senioris,
646 664 746 697 ducis
766 663 1013 710 Burgundiac7
1036 674 1098 708 pcr
1118 675 1244 708 papam
1263 662 1478 697 Clementem
1498 663 1559 696 VII
1580 669 1786 709 promotus„
1808 662 1869 708 qui
1888 662 1972 696 dicti

459 724 591 758 ‹lomiui
612 722 713 756 ducis
734 722 872 755 comitis
894 721 1074 755 Flandriae
1093 721 1240 764 auxilio,
1262 722 1362 767 quasi
1382 728 1493 755 totam
1515 721 1712 755 Flandriam
1735 720 1779 755 ad
1800 720 1972 754 obedien-

461 785 540 817 tiam
568 781 721 815 matricis
749 780 913 814 eeclesiae
944 779 1175 813 Tornacensis
1202 791 1283 812 cum
1317 780 1436 813 multis
1463 780 1643 813 laboribus
1670 785 1705 812 et
1730 779 1889 825 expensis
1917 792 1974 812 re-

457 841 574 881 duxit„
597 839 725 873 deinde
741 839 880 872 Parisiis
898 839 1006 881 obiit,
1023 838 1181 884 sepultus
1199 838 1235 871 in
1254 838 1397 872 ccclesia
1413 838 1710 884 praedicatorum.
1729 838 1792 872 Cui
1807 839 1973 872 successit

456 899 633 932 ¹lohannes
652 896 696 930 de
720 896 853 938 Thoz'sz',
877 895 1045 942 praedicti
1066 896 1219 942 Philippi
1241 909 1379 930 necnon
1397 897 1570 931 ,Iohannis
1587 903 1621 930 et
1637 897 1790 942 Philippi
1812 897 1974 944 Burgun-

456 958 550 999 diae,
572 956 705 990 ducum
724 962 759 989 et
779 955 950 989 comitum
972 954 1171 997 Flandriae,
1192 955 1384 989 successive
1404 955 1639 997 consiliarius„
1662 955 1777 1001 primo
1802 955 1973 989 Autissio-

456 1016 635 1059 dorensis,
664 1014 792 1049 deinde
819 1014 1049 1048 Tornacensis
1072 1014 1258 1060 episcopus
1281 1026 1343 1060 per
1368 1026 1495 1060 papam
1521 1014 1720 1048 Johannem
1743 1014 1858 1047 XXIII
1887 1026 1972 1060 pro-

457 1082 592 1117 motus7
629 1087 722 1108 anno
755 1072 910 1107 MCCCC.
941 1072 1048 1118 Cujus
1080 1079 1238 1119 tempore
1267 1072 1488 1118 praedictum
1516 1073 1667 1106 schisma
1694 1073 1855 1119 sopitur.
1890 1085 1972 1106 nam

456 1133 627 1167 Martinus
653 1144 742 1178 papa
767 1132 913 1178 quintus
939 1131 974 1164 in
1004 1131 1152 1165 concilio
1177 1131 1435 1165 Constanticnsi
1464 1131 1745 1179 Moguntincnsis
1773 1131 1972 1177 provinciae

455 1192 657 1226 assumitur.
682 1191 768 1224 Item
783 1217 791 1225 .
813 1202 906 1223 anno
929 1189 1211 1233 MCCCCXXIII,
1240 1190 1275 1222 in
1301 1189 1458 1235 profesto
1479 1190 1588 1223 sancti
1616 1188 1795 1228 Medardi.
1820 1190 1971 1236 populus

457 1250 687 1284 'l'ornaeensis
707 1249 895 1295 assumpsit
916 1249 1124 1282 auctoritate
1146 1248 1288 1294 propria
1307 1255 1341 1282 et
1361 1248 1470 1282 crexit
1485 1248 1606 1282 vexilla
1620 1261 1701 1291 sua7
1721 1248 1872 1282 decanos
1892 1248 1970 1282 offi-

456 1310 590 1343 ciorum
611 1307 810 1342 ordinando
833 1314 868 1341 et
889 1307 954 1340 sibi
977 1307 1076 1353 quasi
1096 1306 1248 1340 totaliter
1267 1306 1550 1352 jurisdictionem
1571 1306 1800 1340 attribuendo
1815 1313 1850 1341 et
1871 1319 1969 1341 assu—

456 1368 597 1402 mendo.
617 1367 774 1400 Decimas
792 1366 973 1400 vinearum
993 1372 1028 1398 et
1046 1365 1233 1399 hortorum
1249 1365 1339 1398 ultra
1360 1364 1520 1399 Scaldam
1540 1371 1572 1398 el
1592 1365 1726 1413 foragia
1743 1366 1907 1399 vinorum
1929 1378 1969 1399 ex

455 1427 557 1460 dictis
573 1426 681 1459 vineis
697 1425 994 1471 provenientium,
1013 1423 1167 1470 quadam
1182 1422 1238 1456 die
1252 1436 1270 1456 a
1285 1423 1440 1469 capitulo
1455 1424 1487 1457 vi
1502 1430 1537 1456 et
1552 1423 1655 1456 minis
1668 1423 1733 1456 sibi
1747 1423 1823 1457 dari
1838 1430 1872 1457 et
1887 1436 1969 1470 per-

456 1492 563 1531 petuo
590 1485 721 1518 remitti
741 1485 806 1518 sibi
831 1489 1080 1530 procurarunt.
1107 1482 1253 1517 Nemine
1276 1483 1528 1516 canonicorum
1555 1488 1639 1515 tunc
1661 1482 1696 1515 in
1724 1483 1879 1528 capitulo
1903 1495 1969 1516 au-

454 1544 559 1578 dente
575 1543 828 1586 contradicere,
851 1548 995 1588 propter
1010 1548 1144 1575 metum
1159 1539 1291 1574 eisdem
1305 1541 1486 1574 incussum
1504 1567 1512 1583 ,
1533 1553 1639 1586 super
1658 1553 1730 1587 quo
1744 1540 1829 1574 dicti
1844 1541 1968 1575 decani

454 1603 598 1636 diversis
621 1602 755 1635 vicibus
775 1601 1035 1647 requisiverunt
1052 1600 1118 1633 sibi
1138 1599 1268 1632 litteras
1287 1598 1432 1633 concedi
1453 1605 1487 1632 et
1505 1598 1579 1633 dari
1594 1626 1602 1642 7
1627 1612 1715 1645 quas
1738 1599 1881 1633 tandem
1904 1600 1970 1634 ha-

454 1662 535 1695 here
551 1661 797 1707 nequiverunt.
818 1660 904 1693 Item
919 1665 953 1692 et
967 1658 1091 1692 eodem
1106 1665 1266 1703 tempore
1281 1658 1443 1703 pluribus
1461 1658 1561 1691 annis
1579 1658 1693 1692 coloni
1710 1658 1965 1700 Tornacenses,

455 1726 636 1766 praetextu
656 1719 834 1753 dictorum
853 1718 1059 1752 vexillorum
1078 1717 1231 1751 decimas
1250 1717 1400 1762 majores
1419 1724 1453 1751 et
1472 1718 1642 1760 minores.
1664 1724 1735 1751 tam
1755 1718 1841 1752 citra
1859 1730 1967 1763 quam

454 1779 543 1812 ultra
568 1777 749 1821 Scaldam,
778 1784 812 1811 et
833 1778 1034 1811 braxatores
1057 1777 1249 1809 multuram
1272 1776 1377 1809 brasii
1401 1783 1436 1809 et
1457 1776 1589 1824 foragia
1612 1783 1767 1822 quatuor
1791 1777 1964 1820 lotorum,

453 1849 516 1883 pro
541 1836 743 1870 centenario
765 1848 913 1869 numero
936 1834 1076 1877 debita,
1102 1834 1146 1868 de
1173 1835 1265 1868 facto
1287 1834 1420 1868 solvere
1443 1841 1637 1868 renuerunt
1663 1842 1698 1868 et
1723 1835 1788 1868 sibi
1810 1836 1967 1869 retinue-

453 1902 547 1930 runt.
572 1896 727 1941 Populus
749 1895 853 1928 etiam
870 1894 1118 1937 Tornacensis7
1140 1894 1213 1927 sine
1232 1894 1437 1939 exceptione
1454 1906 1685 1940 personarum
1703 1895 1795 1928 viros
1810 1894 1967 1928 ecclesia-

450 1955 554 1988 sticos
577 1955 744 1988 laicorum
765 1953 996 1987 servientibus
1015 1953 1166 2001 subegit.
1192 1953 1242 1986 Ita
1263 1952 1362 1999 quod
1387 1953 1478 1987 sicut
1495 1953 1650 1999 populus
1668 1953 1715 1986 ita
1733 1959 1767 1986 et
1787 1952 1963 1987 sacerdos.

452 2014 517 2047 Iste
537 2012 635 2046 dedit
659 2012 897 2046 thesaurariae
913 2012 1124 2045 Tornacensi
1148 2024 1256 2045 unam
1284 2012 1475 2059 imaginem
1492 2011 1825 2046 Nostrae-Dominae
1843 2023 1967 2060 argen-

450 2079 541 2106 team
565 2071 731 2118 ponderis
752 2084 792 2104 xx
820 2071 1044 2105 marcharum
1068 2071 1121 2104 vel
1143 2071 1295 2104 circiter.
1321 2071 1428 2113 Item,
1451 2070 1551 2104 dedit
1571 2070 1685 2104 officio
1707 2070 1882 2104 refectorii
1901 2082 1966 2116 pro

451 2144 514 2165 suo
542 2131 779 2164 anniversario
806 2130 1017 2164 celebrando
1042 2129 1234 2176 quamdam
1258 2136 1394 2176 partem
1421 2130 1456 2163 in
1483 2129 1620 2163 decima
1646 2129 1690 2163 de
1717 2128 1966 2176 Helseweylzem,

452 2189 610 2223 videlicet
636 2188 860 2222 medietatem
887 2201 995 2234 quam
1018 2188 1124 2234 paulo
1150 2194 1230 2221 ante
1258 2188 1333 2234 ejus
1357 2188 1495 2221 obitum
1521 2194 1654 2221 emerat
1682 2194 1717 2221 et
1742 2187 1965 2221 admortizari

452 2254 711 2293 procuraverat.
736 2247 843 2293 Cujus
863 2248 1141 2281 anniversarium
1161 2247 1358 2281 celebratur
1378 2246 1535 2280 secundo
1555 2259 1664 2280 nonas
1683 2246 1792 2280 Junii.

501 2307 599 2339 Dicto
618 2305 698 2339 Joh.
721 2305 765 2339 de
796 2305 942 2352 Thoysz',
970 2305 1136 2339 successit
1158 2305 1239 2339 Joh.
1262 2304 1307 2338 de
1326 2305 1527 2348 Haricuria,
1556 2305 1670 2350 prImo
1698 2304 1961 2346 Ambianensis,

451 2363 578 2397 deinde
602 2364 831 2397 Tornacensis
856 2364 1061 2410 episcopus7
1086 2375 1148 2409 per
1171 2376 1299 2410 papam
1323 2370 1509 2410 promotus
1533 2376 1626 2397 anno
1650 2362 1960 2397 MCCCCXXXIII.

452 2421 521 2461 Qui
540 2428 657 2455 tamen
676 2423 780 2467 paulo
804 2429 881 2468 post
901 2435 963 2468 per
984 2421 1120 2456 dictum
1143 2434 1270 2468 papam
1296 2422 1340 2456 ad
1360 2423 1644 2469 prosecutionem
1667 2422 1821 2468 Philippi
1834 2448 1842 2462 2
1863 2420 1963 2455 ducis

453 2478 677 2526 Burgundiae
699 2486 729 2513 et
761 2480 898 2513 comitis
925 2479 1125 2523 Flandriae‚
1156 2481 1302 2514 volentis
1329 2480 1374 2514 ad
1400 2480 1536 2515 dictum
1559 2481 1799 2527 episcopatum
1827 2479 1964 2513 Torna-
