<?xml version="1.0" encoding="UTF-8"?>
<!DOCTYPE html PUBLIC "-//W3C//DTD XHTML 1.0 Transitional//EN"
    "http://www.w3.org/TR/xhtml1/DTD/xhtml1-transitional.dtd">
<html xmlns="http://www.w3.org/1999/xhtml" xml:lang="en" lang="en">
 <head>
  <title>
</title>
<meta http-equiv="Content-Type" content="text/html;charset=utf-8" />
  <meta name='ocr-system' content='tesseract 3.04.00' />
  <meta name='ocr-capabilities' content='ocr_page ocr_carea ocr_par ocr_line ocrx_word'/>
</head>
<body>
  <div class='ocr_page' id='page_1' title='image "./corpuschronicoru02smetuoft_0438.png"; bbox 0 0 2137 3131; ppageno 0'>
   <div class='ocr_carea' id='block_1_1' title="bbox 466 359 1634 402">
    <p class='ocr_par' dir='ltr' id='par_1_1' title="bbox 466 359 1634 402">
     <span class='ocr_line' id='line_1_1' title="bbox 466 359 1634 402; baseline -0.007 -1"><span class='ocrx_word' id='word_1_1' title='bbox 466 367 537 402; x_wconf 60' lang='lat' dir='ltr'>100ss</span> <span class='ocrx_word' id='word_1_2' title='bbox 810 362 984 398; x_wconf 73' lang='lat' dir='ltr'>CORPUS</span> <span class='ocrx_word' id='word_1_3' title='bbox 1010 359 1340 396; x_wconf 71' lang='lat' dir='ltr'><strong>CHRONICORUM</strong></span> <span class='ocrx_word' id='word_1_4' title='bbox 1370 359 1634 394; x_wconf 69' lang='lat' dir='ltr'>FLANDRIAE.</span> 
     </span>
    </p>
   </div>
   <div class='ocr_carea' id='block_1_2' title="bbox 463 467 1994 2506">
    <p class='ocr_par' dir='ltr' id='par_1_2' title="bbox 463 467 1994 2506">
     <span class='ocr_line' id='line_1_2' title="bbox 468 467 1976 522; baseline -0.006 -12"><span class='ocrx_word' id='word_1_5' title='bbox 468 489 528 522; x_wconf 80' lang='lat' dir='ltr'>per</span> <span class='ocrx_word' id='word_1_6' title='bbox 550 475 770 521; x_wconf 85' lang='lat' dir='ltr'>supradictos</span> <span class='ocrx_word' id='word_1_7' title='bbox 795 479 896 505; x_wconf 82' lang='lat' dir='ltr'>testes</span> <span class='ocrx_word' id='word_1_8' title='bbox 916 470 1194 517; x_wconf 67' lang='lat' dir='ltr'>recognitionem</span> <span class='ocrx_word' id='word_1_9' title='bbox 1214 481 1232 502; x_wconf 93' lang='lat' dir='ltr'>a</span> <span class='ocrx_word' id='word_1_10' title='bbox 1258 467 1354 501; x_wconf 89' lang='lat' dir='ltr'>dicto</span> <span class='ocrx_word' id='word_1_11' title='bbox 1381 467 1543 501; x_wconf 85' lang='lat' dir='ltr'>Johanne</span> <span class='ocrx_word' id='word_1_12' title='bbox 1568 468 1695 501; x_wconf 85' lang='lat' dir='ltr'>factam</span> <span class='ocrx_word' id='word_1_13' title='bbox 1718 468 1976 513; x_wconf 77' lang='lat' dir='ltr'>probaverunt:</span> 
     </span>
     <span class='ocr_line' id='line_1_3' title="bbox 468 526 1981 575; baseline -0.005 -8"><span class='ocrx_word' id='word_1_14' title='bbox 468 543 497 569; x_wconf 70' lang='lat' dir='ltr'>et</span> <span class='ocrx_word' id='word_1_15' title='bbox 527 536 592 568; x_wconf 76' lang='lat' dir='ltr'>lior</span> <span class='ocrx_word' id='word_1_16' title='bbox 612 534 678 567; x_wconf 83' lang='lat' dir='ltr'>fnit</span> <span class='ocrx_word' id='word_1_17' title='bbox 700 532 758 565; x_wconf 81' lang='lat' dir='ltr'>Dei</span> <span class='ocrx_word' id='word_1_18' title='bbox 779 531 935 572; x_wconf 52' lang='lat' dir='ltr'>donum³</span> <span class='ocrx_word' id='word_1_19' title='bbox 965 529 1049 575; x_wconf 86' lang='lat' dir='ltr'>quia</span> <span class='ocrx_word' id='word_1_20' title='bbox 1078 528 1142 561; x_wconf 87' lang='lat' dir='ltr'>nisi</span> <span class='ocrx_word' id='word_1_21' title='bbox 1166 528 1288 561; x_wconf 82' lang='lat' dir='ltr'>fuisset</span> <span class='ocrx_word' id='word_1_22' title='bbox 1311 527 1445 560; x_wconf 85' lang='lat' dir='ltr'>cautela</span> <span class='ocrx_word' id='word_1_23' title='bbox 1470 538 1577 572; x_wconf 87' lang='lat' dir='ltr'>quam</span> <span class='ocrx_word' id='word_1_24' title='bbox 1597 526 1752 560; x_wconf 78' lang='lat' dir='ltr'><strong>fecerant</strong></span> <span class='ocrx_word' id='word_1_25' title='bbox 1771 526 1981 560; x_wconf 76' lang='lat' dir='ltr'>cambitores</span> 
     </span>
     <span class='ocr_line' id='line_1_4' title="bbox 470 584 1978 632; baseline -0.005 -6"><span class='ocrx_word' id='word_1_26' title='bbox 470 593 580 626; x_wconf 84' lang='lat' dir='ltr'>bulliti</span> <span class='ocrx_word' id='word_1_27' title='bbox 598 591 744 624; x_wconf 80' lang='lat' dir='ltr'>fuissent</span> <span class='ocrx_word' id='word_1_28' title='bbox 759 595 794 622; x_wconf 86' lang='lat' dir='ltr'>et</span> <span class='ocrx_word' id='word_1_29' title='bbox 807 587 990 621; x_wconf 73' lang='lat' dir='ltr'>destructi.</span> <span class='ocrx_word' id='word_1_30' title='bbox 1005 586 1153 632; x_wconf 84' lang='lat' dir='ltr'>Fuitque</span> <span class='ocrx_word' id='word_1_31' title='bbox 1168 585 1386 619; x_wconf 82' lang='lat' dir='ltr'>examinatus</span> <span class='ocrx_word' id='word_1_32' title='bbox 1396 585 1554 630; x_wconf 84' lang='lat' dir='ltr'>pluriesa</span> <span class='ocrx_word' id='word_1_33' title='bbox 1565 584 1772 630; x_wconf 85' lang='lat' dir='ltr'>praepositis</span> <span class='ocrx_word' id='word_1_34' title='bbox 1788 584 1958 629; x_wconf 86' lang='lat' dir='ltr'>etjuratis</span> <span class='ocrx_word' id='word_1_35' title='bbox 1970 611 1978 627; x_wconf 62' lang='lat'>7</span> 
     </span>
     <span class='ocr_line' id='line_1_5' title="bbox 466 642 1978 696; baseline -0.005 -13"><span class='ocrx_word' id='word_1_36' title='bbox 466 651 526 696; x_wconf 79' lang='lat' dir='ltr'>qni</span> <span class='ocrx_word' id='word_1_37' title='bbox 553 646 801 694; x_wconf 80' lang='lat' dir='ltr'>compatiendo</span> <span class='ocrx_word' id='word_1_38' title='bbox 834 646 863 679; x_wconf 90' lang='lat' dir='ltr'>ei</span> <span class='ocrx_word' id='word_1_39' title='bbox 896 645 960 678; x_wconf 88' lang='lat' dir='ltr'>nisi</span> <span class='ocrx_word' id='word_1_40' title='bbox 988 650 1071 678; x_wconf 88' lang='lat' dir='ltr'>sunt</span> <span class='ocrx_word' id='word_1_41' title='bbox 1102 644 1233 689; x_wconf 87' lang='lat' dir='ltr'>pluries</span> <span class='ocrx_word' id='word_1_42' title='bbox 1264 655 1364 685; x_wconf 60' lang='lat' dir='ltr'>eum7</span> <span class='ocrx_word' id='word_1_43' title='bbox 1394 643 1421 676; x_wconf 92' lang='lat' dir='ltr'>si</span> <span class='ocrx_word' id='word_1_44' title='bbox 1452 649 1593 688; x_wconf 81' lang='lat' dir='ltr'><strong>possent</strong></span> <span class='ocrx_word' id='word_1_45' title='bbox 1621 642 1713 675; x_wconf 82' lang='lat' dir='ltr'>salva</span> <span class='ocrx_word' id='word_1_46' title='bbox 1740 642 1953 676; x_wconf 88' lang='lat' dir='ltr'>conscientia</span> <span class='ocrx_word' id='word_1_47' title='bbox 1971 669 1978 686; x_wconf 67' lang='lat' dir='ltr'>e</span> 
     </span>
     <span class='ocr_line' id='line_1_6' title="bbox 467 701 1980 750; baseline -0.005 -9"><span class='ocrx_word' id='word_1_48' title='bbox 467 710 624 742; x_wconf 79' lang='lat' dir='ltr'>liberare.</span> <span class='ocrx_word' id='word_1_49' title='bbox 649 705 810 739; x_wconf 78' lang='lat' dir='ltr'>Finaliter</span> <span class='ocrx_word' id='word_1_50' title='bbox 830 710 907 750; x_wconf 84' lang='lat' dir='ltr'>post</span> <span class='ocrx_word' id='word_1_51' title='bbox 932 703 1059 737; x_wconf 88' lang='lat' dir='ltr'>multas</span> <span class='ocrx_word' id='word_1_52' title='bbox 1085 702 1359 735; x_wconf 79' lang='lat' dir='ltr'>examinationes</span> <span class='ocrx_word' id='word_1_53' title='bbox 1379 701 1452 746; x_wconf 90' lang='lat' dir='ltr'>ipse</span> <span class='ocrx_word' id='word_1_54' title='bbox 1474 701 1606 734; x_wconf 86' lang='lat' dir='ltr'>factum</span> <span class='ocrx_word' id='word_1_55' title='bbox 1629 713 1734 734; x_wconf 89' lang='lat' dir='ltr'>suum</span> <span class='ocrx_word' id='word_1_56' title='bbox 1755 701 1958 748; x_wconf 78' lang='lat' dir='ltr'>recognovit</span> <span class='ocrx_word' id='word_1_57' title='bbox 1973 728 1980 741; x_wconf 56' lang='lat'>‚</span> 
     </span>
     <span class='ocr_line' id='line_1_7' title="bbox 468 759 1983 810; baseline -0.005 -10"><span class='ocrx_word' id='word_1_58' title='bbox 468 780 529 800; x_wconf 80' lang='lat' dir='ltr'>nec</span> <span class='ocrx_word' id='word_1_59' title='bbox 550 777 708 810; x_wconf 88' lang='lat' dir='ltr'>unquam</span> <span class='ocrx_word' id='word_1_60' title='bbox 727 762 826 809; x_wconf 90' lang='lat' dir='ltr'>quod</span> <span class='ocrx_word' id='word_1_61' title='bbox 843 762 990 796; x_wconf 87' lang='lat' dir='ltr'>clericus</span> <span class='ocrx_word' id='word_1_62' title='bbox 1007 768 1096 795; x_wconf 88' lang='lat' dir='ltr'>esset</span> <span class='ocrx_word' id='word_1_63' title='bbox 1116 760 1301 806; x_wconf 76' lang='lat' dir='ltr'>proposuit</span> <span class='ocrx_word' id='word_1_64' title='bbox 1313 786 1321 794; x_wconf 81' lang='grc'>,</span> <span class='ocrx_word' id='word_1_65' title='bbox 1344 759 1433 792; x_wconf 86' lang='lat' dir='ltr'>sieut</span> <span class='ocrx_word' id='word_1_66' title='bbox 1453 771 1575 792; x_wconf 92' lang='lat' dir='ltr'>omnes</span> <span class='ocrx_word' id='word_1_67' title='bbox 1594 759 1811 792; x_wconf 89' lang='lat' dir='ltr'>asserebant.</span> <span class='ocrx_word' id='word_1_68' title='bbox 1838 772 1901 805; x_wconf 91' lang='lat' dir='ltr'>per</span> <span class='ocrx_word' id='word_1_69' title='bbox 1921 771 1983 793; x_wconf 87' lang='lat' dir='ltr'>sua</span> 
     </span>
     <span class='ocr_line' id='line_1_8' title="bbox 463 816 1985 869; baseline -0.003 -12"><span class='ocrx_word' id='word_1_70' title='bbox 463 826 680 869; x_wconf 79' lang='lat' dir='ltr'>juramenta.</span> <span class='ocrx_word' id='word_1_71' title='bbox 701 834 764 855; x_wconf 87' lang='lat' dir='ltr'>nec</span> <span class='ocrx_word' id='word_1_72' title='bbox 780 821 863 855; x_wconf 86' lang='lat' dir='ltr'>fecit</span> <span class='ocrx_word' id='word_1_73' title='bbox 880 833 916 854; x_wconf 91' lang='lat' dir='ltr'>se</span> <span class='ocrx_word' id='word_1_74' title='bbox 935 820 1114 865; x_wconf 82' lang='lat' dir='ltr'>requirere</span> <span class='ocrx_word' id='word_1_75' title='bbox 1130 830 1192 864; x_wconf 90' lang='lat' dir='ltr'>per</span> <span class='ocrx_word' id='word_1_76' title='bbox 1211 817 1446 852; x_wconf 88' lang='lat' dir='ltr'>ordinarium.</span> <span class='ocrx_word' id='word_1_77' title='bbox 1466 816 1624 850; x_wconf 81' lang='lat' dir='ltr'>Tandem</span> <span class='ocrx_word' id='word_1_78' title='bbox 1641 816 1796 851; x_wconf 76' lang='lat' dir='ltr'>dictante</span> <span class='ocrx_word' id='word_1_79' title='bbox 1810 817 1947 863; x_wconf 88' lang='lat' dir='ltr'>justitia</span> <span class='ocrx_word' id='word_1_80' title='bbox 1965 830 1985 852; x_wconf 88' lang='lat' dir='ltr'>a</span> 
     </span>
     <span class='ocr_line' id='line_1_9' title="bbox 467 875 1983 927; baseline -0.004 -11"><span class='ocrx_word' id='word_1_81' title='bbox 467 883 569 917; x_wconf 87' lang='lat' dir='ltr'>dictis</span> <span class='ocrx_word' id='word_1_82' title='bbox 591 881 797 927; x_wconf 89' lang='lat' dir='ltr'>praepositis</span> <span class='ocrx_word' id='word_1_83' title='bbox 817 886 849 913; x_wconf 91' lang='lat' dir='ltr'>et</span> <span class='ocrx_word' id='word_1_84' title='bbox 865 879 992 925; x_wconf 84' lang='lat' dir='ltr'>juratis</span> <span class='ocrx_word' id='word_1_85' title='bbox 1014 878 1118 912; x_wconf 89' lang='lat' dir='ltr'>morti</span> <span class='ocrx_word' id='word_1_86' title='bbox 1143 884 1195 911; x_wconf 86' lang='lat' dir='ltr'>est</span> <span class='ocrx_word' id='word_1_87' title='bbox 1217 876 1461 922; x_wconf 63' lang='lat' dir='ltr'>adjudicatus7</span> <span class='ocrx_word' id='word_1_88' title='bbox 1487 883 1521 909; x_wconf 87' lang='lat' dir='ltr'>et</span> <span class='ocrx_word' id='word_1_89' title='bbox 1543 875 1689 922; x_wconf 89' lang='lat' dir='ltr'>quidem</span> <span class='ocrx_word' id='word_1_90' title='bbox 1708 876 1801 909; x_wconf 90' lang='lat' dir='ltr'>facto</span> <span class='ocrx_word' id='word_1_91' title='bbox 1823 876 1983 924; x_wconf 75' lang='lat' dir='ltr'>exigente</span> 
     </span>
     <span class='ocr_line' id='line_1_10' title="bbox 468 934 1979 985; baseline -0.005 -11"><span class='ocrx_word' id='word_1_92' title='bbox 468 941 664 975; x_wconf 86' lang='lat' dir='ltr'>bulliretur.</span> <span class='ocrx_word' id='word_1_93' title='bbox 685 939 833 985; x_wconf 84' lang='lat' dir='ltr'>Fuitque</span> <span class='ocrx_word' id='word_1_94' title='bbox 849 937 893 971; x_wconf 90' lang='lat' dir='ltr'>de</span> <span class='ocrx_word' id='word_1_95' title='bbox 909 938 983 984; x_wconf 89' lang='lat' dir='ltr'>ipso</span> <span class='ocrx_word' id='word_1_96' title='bbox 1000 938 1091 971; x_wconf 87' lang='lat' dir='ltr'>facta</span> <span class='ocrx_word' id='word_1_97' title='bbox 1106 936 1240 982; x_wconf 82' lang='lat' dir='ltr'>justitia</span> <span class='ocrx_word' id='word_1_98' title='bbox 1252 963 1260 970; x_wconf 77' lang='grc'>,</span> <span class='ocrx_word' id='word_1_99' title='bbox 1282 935 1429 969; x_wconf 88' lang='lat' dir='ltr'>sabbato</span> <span class='ocrx_word' id='word_1_100' title='bbox 1448 935 1611 968; x_wconf 81' lang='lat' dir='ltr'>vicesima</span> <span class='ocrx_word' id='word_1_101' title='bbox 1630 947 1723 968; x_wconf 88' lang='lat' dir='ltr'>nona</span> <span class='ocrx_word' id='word_1_102' title='bbox 1738 934 1794 968; x_wconf 91' lang='lat' dir='ltr'>die</span> <span class='ocrx_word' id='word_1_103' title='bbox 1810 935 1979 968; x_wconf 86' lang='lat' dir='ltr'>Januarii.</span> 
     </span>
     <span class='ocr_line' id='line_1_11' title="bbox 468 993 1984 1041; baseline -0.003 -9"><span class='ocrx_word' id='word_1_104' title='bbox 468 1000 612 1032; x_wconf 75' lang='lat' dir='ltr'>interim</span> <span class='ocrx_word' id='word_1_105' title='bbox 634 998 741 1031; x_wconf 87' lang='lat' dir='ltr'>frater</span> <span class='ocrx_word' id='word_1_106' title='bbox 759 997 843 1031; x_wconf 90' lang='lat' dir='ltr'>dicti</span> <span class='ocrx_word' id='word_1_107' title='bbox 865 997 1037 1030; x_wconf 86' lang='lat' dir='ltr'>Johannis</span> <span class='ocrx_word' id='word_1_108' title='bbox 1051 1002 1084 1029; x_wconf 88' lang='lat' dir='ltr'>et</span> <span class='ocrx_word' id='word_1_109' title='bbox 1104 995 1178 1041; x_wconf 86' lang='lat' dir='ltr'>ejus</span> <span class='ocrx_word' id='word_1_110' title='bbox 1196 995 1298 1028; x_wconf 88' lang='lat' dir='ltr'>amici</span> <span class='ocrx_word' id='word_1_111' title='bbox 1320 1000 1551 1040; x_wconf 82' lang='lat' dir='ltr'>portaverunt</span> <span class='ocrx_word' id='word_1_112' title='bbox 1571 1006 1677 1027; x_wconf 87' lang='lat' dir='ltr'>unam</span> <span class='ocrx_word' id='word_1_113' title='bbox 1701 994 1852 1027; x_wconf 80' lang='lat' dir='ltr'>litteram</span> <span class='ocrx_word' id='word_1_114' title='bbox 1868 993 1914 1028; x_wconf 88' lang='lat' dir='ltr'>ad</span> <span class='ocrx_word' id='word_1_115' title='bbox 1932 994 1984 1027; x_wconf 87' lang='lat' dir='ltr'>of-</span> 
     </span>
     <span class='ocr_line' id='line_1_12' title="bbox 472 1052 1985 1100; baseline -0.003 -9"><span class='ocrx_word' id='word_1_116' title='bbox 472 1058 618 1091; x_wconf 76' lang='lat' dir='ltr'>ficialem</span> <span class='ocrx_word' id='word_1_117' title='bbox 643 1055 882 1098; x_wconf 71' lang='lat' dir='ltr'>antedictum,</span> <span class='ocrx_word' id='word_1_118' title='bbox 908 1055 1037 1089; x_wconf 77' lang='lat' dir='ltr'>virtute</span> <span class='ocrx_word' id='word_1_119' title='bbox 1059 1055 1160 1100; x_wconf 89' lang='lat' dir='ltr'>eujus</span> <span class='ocrx_word' id='word_1_120' title='bbox 1180 1054 1296 1100; x_wconf 88' lang='lat' dir='ltr'>ipsum</span> <span class='ocrx_word' id='word_1_121' title='bbox 1322 1054 1603 1086; x_wconf 83' lang='lat' dir='ltr'>informaverunt</span> <span class='ocrx_word' id='word_1_122' title='bbox 1626 1052 1763 1086; x_wconf 90' lang='lat' dir='ltr'>dictum</span> <span class='ocrx_word' id='word_1_123' title='bbox 1785 1053 1985 1087; x_wconf 89' lang='lat' dir='ltr'>Johannem</span> 
     </span>
     <span class='ocr_line' id='line_1_13' title="bbox 467 1111 1986 1159; baseline -0.002 -12"><span class='ocrx_word' id='word_1_124' title='bbox 467 1129 539 1149; x_wconf 71' lang='lat' dir='ltr'>esse</span> <span class='ocrx_word' id='word_1_125' title='bbox 554 1115 722 1150; x_wconf 90' lang='lat' dir='ltr'>clericum</span> <span class='ocrx_word' id='word_1_126' title='bbox 735 1141 744 1157; x_wconf 62' lang='lat'>7</span> <span class='ocrx_word' id='word_1_127' title='bbox 771 1114 937 1159; x_wconf 82' lang='lat' dir='ltr'>misitque</span> <span class='ocrx_word' id='word_1_128' title='bbox 957 1113 1073 1147; x_wconf 89' lang='lat' dir='ltr'>dictus</span> <span class='ocrx_word' id='word_1_129' title='bbox 1091 1112 1247 1146; x_wconf 81' lang='lat' dir='ltr'>officialis</span> <span class='ocrx_word' id='word_1_130' title='bbox 1269 1112 1507 1158; x_wconf 79' lang='lat' dir='ltr'>apparitorem</span> <span class='ocrx_word' id='word_1_131' title='bbox 1528 1123 1633 1144; x_wconf 84' lang='lat' dir='ltr'>suum</span> <span class='ocrx_word' id='word_1_132' title='bbox 1650 1111 1712 1157; x_wconf 92' lang='lat' dir='ltr'>qui</span> <span class='ocrx_word' id='word_1_133' title='bbox 1728 1111 1892 1159; x_wconf 79' lang='lat' dir='ltr'>bigamus</span> <span class='ocrx_word' id='word_1_134' title='bbox 1911 1118 1986 1145; x_wconf 90' lang='lat' dir='ltr'>erat</span> 
     </span>
     <span class='ocr_line' id='line_1_14' title="bbox 467 1169 1982 1220; baseline -0.003 -12"><span class='ocrx_word' id='word_1_135' title='bbox 467 1175 509 1209; x_wconf 85' lang='lat' dir='ltr'>ad</span> <span class='ocrx_word' id='word_1_136' title='bbox 526 1187 608 1208; x_wconf 86' lang='lat' dir='ltr'>eun]</span> <span class='ocrx_word' id='word_1_137' title='bbox 627 1173 903 1220; x_wconf 61' lang='lat' dir='ltr'>requi1·en(lum‚</span> <span class='ocrx_word' id='word_1_138' title='bbox 926 1172 987 1206; x_wconf 81' lang='lat' dir='ltr'>secl</span> <span class='ocrx_word' id='word_1_139' title='bbox 1002 1173 1075 1218; x_wconf 89' lang='lat' dir='ltr'>jam</span> <span class='ocrx_word' id='word_1_140' title='bbox 1095 1178 1167 1205; x_wconf 90' lang='lat' dir='ltr'>erat</span> <span class='ocrx_word' id='word_1_141' title='bbox 1182 1170 1363 1217; x_wconf 84' lang='lat' dir='ltr'>judicatus</span> <span class='ocrx_word' id='word_1_142' title='bbox 1382 1177 1415 1204; x_wconf 92' lang='lat' dir='ltr'>et</span> <span class='ocrx_word' id='word_1_143' title='bbox 1434 1171 1619 1204; x_wconf 77' lang='lat' dir='ltr'>transierat</span> <span class='ocrx_word' id='word_1_144' title='bbox 1634 1170 1669 1203; x_wconf 88' lang='lat' dir='ltr'>in</span> <span class='ocrx_word' id='word_1_145' title='bbox 1683 1182 1757 1203; x_wconf 87' lang='lat' dir='ltr'>rem</span> <span class='ocrx_word' id='word_1_146' title='bbox 1772 1169 1982 1215; x_wconf 85' lang='lat' dir='ltr'>judicatam.</span> 
     </span>
     <span class='ocr_line' id='line_1_15' title="bbox 470 1229 1984 1279; baseline -0.002 -12"><span class='ocrx_word' id='word_1_147' title='bbox 470 1233 661 1279; x_wconf 81' lang='lat' dir='ltr'>Praepositi</span> <span class='ocrx_word' id='word_1_148' title='bbox 679 1239 796 1266; x_wconf 88' lang='lat' dir='ltr'>autem</span> <span class='ocrx_word' id='word_1_149' title='bbox 817 1238 851 1265; x_wconf 87' lang='lat' dir='ltr'>et</span> <span class='ocrx_word' id='word_1_150' title='bbox 866 1232 973 1277; x_wconf 88' lang='lat' dir='ltr'>jurati</span> <span class='ocrx_word' id='word_1_151' title='bbox 986 1230 1162 1276; x_wconf 82' lang='lat' dir='ltr'>judicium</span> <span class='ocrx_word' id='word_1_152' title='bbox 1183 1231 1315 1263; x_wconf 83' lang='lat' dir='ltr'>factum</span> <span class='ocrx_word' id='word_1_153' title='bbox 1339 1230 1626 1275; x_wconf 86' lang='lat' dir='ltr'>compleverunt.</span> <span class='ocrx_word' id='word_1_154' title='bbox 1649 1236 1682 1262; x_wconf 93' lang='lat' dir='ltr'>et</span> <span class='ocrx_word' id='word_1_155' title='bbox 1702 1241 1886 1275; x_wconf 87' lang='lat' dir='ltr'>nunquam</span> <span class='ocrx_word' id='word_1_156' title='bbox 1906 1229 1984 1264; x_wconf 87' lang='lat' dir='ltr'>dic-</span> 
     </span>
     <span class='ocr_line' id='line_1_16' title="bbox 469 1288 1986 1336; baseline -0.004 -10"><span class='ocrx_word' id='word_1_157' title='bbox 469 1300 523 1326; x_wconf 85' lang='lat' dir='ltr'>tus</span> <span class='ocrx_word' id='word_1_158' title='bbox 543 1292 747 1325; x_wconf 83' lang='lat' dir='ltr'>malefactor</span> <span class='ocrx_word' id='word_1_159' title='bbox 761 1292 797 1324; x_wconf 89' lang='lat' dir='ltr'>in</span> <span class='ocrx_word' id='word_1_160' title='bbox 816 1297 994 1324; x_wconf 85' lang='lat' dir='ltr'>tormento</span> <span class='ocrx_word' id='word_1_161' title='bbox 1014 1302 1077 1323; x_wconf 88' lang='lat' dir='ltr'>nec</span> <span class='ocrx_word' id='word_1_162' title='bbox 1093 1302 1212 1323; x_wconf 87' lang='lat' dir='ltr'>coram</span> <span class='ocrx_word' id='word_1_163' title='bbox 1231 1288 1363 1334; x_wconf 89' lang='lat' dir='ltr'>populo</span> <span class='ocrx_word' id='word_1_164' title='bbox 1377 1300 1412 1321; x_wconf 88' lang='lat' dir='ltr'>se</span> <span class='ocrx_word' id='word_1_165' title='bbox 1427 1288 1594 1322; x_wconf 89' lang='lat' dir='ltr'>clericum</span> <span class='ocrx_word' id='word_1_166' title='bbox 1610 1300 1682 1321; x_wconf 89' lang='lat' dir='ltr'>esse</span> <span class='ocrx_word' id='word_1_167' title='bbox 1697 1288 1933 1336; x_wconf 43' lang='lat' dir='ltr'>provulgaritff</span> <span class='ocrx_word' id='word_1_168' title='bbox 1951 1295 1986 1321; x_wconf 72' lang='lat' dir='ltr'>etv</span> 
     </span>
     <span class='ocr_line' id='line_1_17' title="bbox 470 1345 1987 1395; baseline -0.003 -11"><span class='ocrx_word' id='word_1_169' title='bbox 470 1352 536 1385; x_wconf 82' lang='lat' dir='ltr'>boc</span> <span class='ocrx_word' id='word_1_170' title='bbox 550 1349 688 1395; x_wconf 83' lang='lat' dir='ltr'>judices</span> <span class='ocrx_word' id='word_1_171' title='bbox 703 1349 925 1383; x_wconf 80' lang='lat' dir='ltr'>affirmabant</span> <span class='ocrx_word' id='word_1_172' title='bbox 943 1348 1009 1381; x_wconf 88' lang='lat' dir='ltr'>sub</span> <span class='ocrx_word' id='word_1_173' title='bbox 1023 1360 1087 1381; x_wconf 88' lang='lat' dir='ltr'>suo</span> <span class='ocrx_word' id='word_1_174' title='bbox 1102 1347 1317 1392; x_wconf 84' lang='lat' dir='ltr'>juramento.</span> <span class='ocrx_word' id='word_1_175' title='bbox 1338 1345 1503 1380; x_wconf 84' lang='lat' dir='ltr'>Officialis</span> <span class='ocrx_word' id='word_1_176' title='bbox 1519 1353 1637 1379; x_wconf 87' lang='lat' dir='ltr'>autem</span> <span class='ocrx_word' id='word_1_177' title='bbox 1658 1345 1873 1380; x_wconf 87' lang='lat' dir='ltr'>antedictus.</span> <span class='ocrx_word' id='word_1_178' title='bbox 1887 1345 1987 1392; x_wconf 77' lang='lat' dir='ltr'>judi-</span> 
     </span>
     <span class='ocr_line' id='line_1_18' title="bbox 470 1399 1988 1452; baseline -0.003 -10"><span class='ocrx_word' id='word_1_179' title='bbox 470 1410 568 1443; x_wconf 80' lang='lat' dir='ltr'>cibus</span> <span class='ocrx_word' id='word_1_180' title='bbox 595 1421 666 1442; x_wconf 90' lang='lat' dir='ltr'>non</span> <span class='ocrx_word' id='word_1_181' title='bbox 687 1408 837 1449; x_wconf 60' lang='lat' dir='ltr'>vocatisq</span> <span class='ocrx_word' id='word_1_182' title='bbox 866 1406 990 1440; x_wconf 80' lang='lat' dir='ltr'>sedens</span> <span class='ocrx_word' id='word_1_183' title='bbox 1017 1419 1081 1452; x_wconf 92' lang='lat' dir='ltr'>pro</span> <span class='ocrx_word' id='word_1_184' title='bbox 1109 1406 1296 1447; x_wconf 37' lang='lat' dir='ltr'>tribunaliff</span> <span class='ocrx_word' id='word_1_185' title='bbox 1325 1405 1578 1439; x_wconf 83' lang='lat' dir='ltr'>sententialiter</span> <span class='ocrx_word' id='word_1_186' title='bbox 1598 1404 1819 1438; x_wconf 61' lang='lat' dir='ltr'>denuntiavit</span> <span class='ocrx_word' id='word_1_187' title='bbox 1844 1399 1988 1439; x_wconf 81' lang='lat' dir='ltr'>excom-</span> 
     </span>
     <span class='ocr_line' id='line_1_19' title="bbox 471 1463 1989 1512; baseline -0.002 -11"><span class='ocrx_word' id='word_1_188' title='bbox 471 1468 668 1501; x_wconf 85' lang='lat' dir='ltr'>municatos</span> <span class='ocrx_word' id='word_1_189' title='bbox 695 1479 767 1500; x_wconf 88' lang='lat' dir='ltr'>esse</span> <span class='ocrx_word' id='word_1_190' title='bbox 795 1466 1012 1512; x_wconf 88' lang='lat' dir='ltr'>praepositos</span> <span class='ocrx_word' id='word_1_191' title='bbox 1039 1472 1073 1499; x_wconf 91' lang='lat' dir='ltr'>et</span> <span class='ocrx_word' id='word_1_192' title='bbox 1095 1465 1247 1511; x_wconf 51' lang='lat' dir='ltr'>juratos.¹</span> <span class='ocrx_word' id='word_1_193' title='bbox 1280 1465 1399 1497; x_wconf 65' lang='lat' dir='ltr'>xolens</span> <span class='ocrx_word' id='word_1_194' title='bbox 1427 1464 1540 1497; x_wconf 88' lang='lat' dir='ltr'>facere</span> <span class='ocrx_word' id='word_1_195' title='bbox 1567 1476 1700 1497; x_wconf 87' lang='lat' dir='ltr'>cessare</span> <span class='ocrx_word' id='word_1_196' title='bbox 1727 1476 1745 1496; x_wconf 95' lang='lat' dir='ltr'>a</span> <span class='ocrx_word' id='word_1_197' title='bbox 1773 1463 1900 1497; x_wconf 81' lang='lat' dir='ltr'>divinis</span> <span class='ocrx_word' id='word_1_198' title='bbox 1926 1476 1989 1510; x_wconf 90' lang='lat' dir='ltr'>per</span> 
     </span>
     <span class='ocr_line' id='line_1_20' title="bbox 471 1523 1990 1571; baseline -0.003 -12"><span class='ocrx_word' id='word_1_199' title='bbox 471 1533 579 1559; x_wconf 89' lang='lat' dir='ltr'>totam</span> <span class='ocrx_word' id='word_1_200' title='bbox 603 1526 796 1559; x_wconf 72' lang='lat' dir='ltr'>civitatem.</span> <span class='ocrx_word' id='word_1_201' title='bbox 820 1531 965 1571; x_wconf 88' lang='lat' dir='ltr'>propter</span> <span class='ocrx_word' id='word_1_202' title='bbox 983 1524 1081 1570; x_wconf 88' lang='lat' dir='ltr'>quod</span> <span class='ocrx_word' id='word_1_203' title='bbox 1105 1524 1238 1558; x_wconf 85' lang='lat' dir='ltr'>factum</span> <span class='ocrx_word' id='word_1_204' title='bbox 1262 1524 1385 1571; x_wconf 77' lang='lat' dir='ltr'>ingens</span> <span class='ocrx_word' id='word_1_205' title='bbox 1405 1534 1569 1556; x_wconf 83' lang='lat' dir='ltr'>murmur</span> <span class='ocrx_word' id='word_1_206' title='bbox 1595 1529 1626 1555; x_wconf 89' lang='lat' dir='ltr'>et</span> <span class='ocrx_word' id='word_1_207' title='bbox 1647 1523 1845 1568; x_wconf 89' lang='lat' dir='ltr'>periculum</span> <span class='ocrx_word' id='word_1_208' title='bbox 1869 1523 1990 1556; x_wconf 89' lang='lat' dir='ltr'>immi-</span> 
     </span>
     <span class='ocr_line' id='line_1_21' title="bbox 473 1581 1992 1629; baseline -0.001 -12"><span class='ocrx_word' id='word_1_209' title='bbox 473 1598 556 1618; x_wconf 80' lang='lat' dir='ltr'>nens</span> <span class='ocrx_word' id='word_1_210' title='bbox 575 1584 619 1617; x_wconf 90' lang='lat' dir='ltr'>de</span> <span class='ocrx_word' id='word_1_211' title='bbox 635 1584 890 1617; x_wconf 83' lang='lat' dir='ltr'>communitate</span> <span class='ocrx_word' id='word_1_212' title='bbox 906 1583 973 1616; x_wconf 82' lang='lat' dir='ltr'>fuit</span> <span class='ocrx_word' id='word_1_213' title='bbox 986 1595 1093 1628; x_wconf 89' lang='lat' dir='ltr'>super</span> <span class='ocrx_word' id='word_1_214' title='bbox 1106 1582 1199 1616; x_wconf 88' lang='lat' dir='ltr'>clero</span> <span class='ocrx_word' id='word_1_215' title='bbox 1219 1594 1282 1627; x_wconf 89' lang='lat' dir='ltr'>per</span> <span class='ocrx_word' id='word_1_216' title='bbox 1300 1588 1410 1615; x_wconf 88' lang='lat' dir='ltr'>totam</span> <span class='ocrx_word' id='word_1_217' title='bbox 1431 1581 1606 1614; x_wconf 74' lang='lat' dir='ltr'>civitatem</span> <span class='ocrx_word' id='word_1_218' title='bbox 1621 1594 1627 1613; x_wconf 93' lang='lat'>:</span> <span class='ocrx_word' id='word_1_219' title='bbox 1652 1587 1801 1626; x_wconf 85' lang='lat' dir='ltr'>ortaque</span> <span class='ocrx_word' id='word_1_220' title='bbox 1819 1587 1871 1614; x_wconf 89' lang='lat' dir='ltr'>est</span> <span class='ocrx_word' id='word_1_221' title='bbox 1889 1593 1992 1629; x_wconf 75' lang='lat' dir='ltr'>gran-</span> 
     </span>
     <span class='ocr_line' id='line_1_22' title="bbox 470 1639 1990 1688; baseline -0.001 -12"><span class='ocrx_word' id='word_1_222' title='bbox 470 1643 524 1676; x_wconf 86' lang='lat' dir='ltr'>dis</span> <span class='ocrx_word' id='word_1_223' title='bbox 550 1642 720 1676; x_wconf 83' lang='lat' dir='ltr'>dissensio</span> <span class='ocrx_word' id='word_1_224' title='bbox 746 1642 838 1675; x_wconf 87' lang='lat' dir='ltr'>inter</span> <span class='ocrx_word' id='word_1_225' title='bbox 860 1641 1116 1688; x_wconf 74' lang='lat' dir='ltr'>gubernatores</span> <span class='ocrx_word' id='word_1_226' title='bbox 1143 1646 1177 1673; x_wconf 80' lang='lat' dir='ltr'>et</span> <span class='ocrx_word' id='word_1_227' title='bbox 1203 1639 1398 1684; x_wconf 88' lang='lat' dir='ltr'>capitulum</span> <span class='ocrx_word' id='word_1_228' title='bbox 1413 1666 1421 1681; x_wconf 59' lang='lat' dir='ltr'>a</span> <span class='ocrx_word' id='word_1_229' title='bbox 1446 1645 1481 1672; x_wconf 89' lang='lat' dir='ltr'>et</span> <span class='ocrx_word' id='word_1_230' title='bbox 1502 1639 1795 1684; x_wconf 65' lang='lat' dir='ltr'>protestationes,</span> <span class='ocrx_word' id='word_1_231' title='bbox 1817 1651 1990 1685; x_wconf 85' lang='lat' dir='ltr'>provoca-</span> 
     </span>
     <span class='ocr_line' id='line_1_23' title="bbox 471 1696 1990 1745; baseline -0.002 -10"><span class='ocrx_word' id='word_1_232' title='bbox 471 1703 582 1735; x_wconf 83' lang='lat' dir='ltr'>tiones</span> <span class='ocrx_word' id='word_1_233' title='bbox 601 1707 636 1734; x_wconf 84' lang='lat' dir='ltr'>et</span> <span class='ocrx_word' id='word_1_234' title='bbox 654 1700 905 1745; x_wconf 85' lang='lat' dir='ltr'>appellationes</span> <span class='ocrx_word' id='word_1_235' title='bbox 924 1699 1035 1732; x_wconf 82' lang='lat' dir='ltr'>factae</span> <span class='ocrx_word' id='word_1_236' title='bbox 1055 1699 1099 1732; x_wconf 87' lang='lat' dir='ltr'>ab</span> <span class='ocrx_word' id='word_1_237' title='bbox 1118 1704 1270 1743; x_wconf 87' lang='lat' dir='ltr'>utraque</span> <span class='ocrx_word' id='word_1_238' title='bbox 1289 1704 1400 1743; x_wconf 88' lang='lat' dir='ltr'>parte.</span> <span class='ocrx_word' id='word_1_239' title='bbox 1427 1696 1677 1730; x_wconf 76' lang='lat' dir='ltr'>Convenerunt</span> <span class='ocrx_word' id='word_1_240' title='bbox 1694 1703 1812 1730; x_wconf 88' lang='lat' dir='ltr'>autem</span> <span class='ocrx_word' id='word_1_241' title='bbox 1835 1697 1990 1732; x_wconf 87' lang='lat' dir='ltr'>decanus</span> 
     </span>
     <span class='ocr_line' id='line_1_24' title="bbox 472 1756 1987 1806; baseline -0.002 -13"><span class='ocrx_word' id='word_1_242' title='bbox 472 1768 502 1793; x_wconf 74' lang='lat' dir='ltr'>et</span> <span class='ocrx_word' id='word_1_243' title='bbox 521 1759 735 1806; x_wconf 53' lang='lat' dir='ltr'>capitulumq</span> <span class='ocrx_word' id='word_1_244' title='bbox 759 1765 793 1792; x_wconf 88' lang='lat' dir='ltr'>et</span> <span class='ocrx_word' id='word_1_245' title='bbox 812 1759 905 1792; x_wconf 84' lang='lat' dir='ltr'>exire</span> <span class='ocrx_word' id='word_1_246' title='bbox 926 1757 1103 1791; x_wconf 77' lang='lat' dir='ltr'>civitatem</span> <span class='ocrx_word' id='word_1_247' title='bbox 1121 1756 1428 1791; x_wconf 85' lang='lat' dir='ltr'>concordaverunt</span> <span class='ocrx_word' id='word_1_248' title='bbox 1447 1762 1482 1790; x_wconf 86' lang='lat' dir='ltr'>et</span> <span class='ocrx_word' id='word_1_249' title='bbox 1496 1756 1546 1790; x_wconf 89' lang='lat' dir='ltr'>ire</span> <span class='ocrx_word' id='word_1_250' title='bbox 1562 1756 1595 1789; x_wconf 90' lang='lat' dir='ltr'>in</span> <span class='ocrx_word' id='word_1_251' title='bbox 1613 1756 1729 1789; x_wconf 84' lang='lat' dir='ltr'>villam</span> <span class='ocrx_word' id='word_1_252' title='bbox 1749 1756 1964 1790; x_wconf 88' lang='lat' dir='ltr'>Insulensem</span> <span class='ocrx_word' id='word_1_253' title='bbox 1979 1784 1987 1798; x_wconf 65' lang='lat'><em>‚</em></span> 
     </span>
     <span class='ocr_line' id='line_1_25' title="bbox 473 1815 1991 1864; baseline -0.002 -12"><span class='ocrx_word' id='word_1_254' title='bbox 473 1825 577 1864; x_wconf 91' lang='lat' dir='ltr'>prout</span> <span class='ocrx_word' id='word_1_255' title='bbox 594 1818 701 1863; x_wconf 85' lang='lat' dir='ltr'>aliqui</span> <span class='ocrx_word' id='word_1_256' title='bbox 721 1817 915 1864; x_wconf 76' lang='lat' dir='ltr'>singulares</span> <span class='ocrx_word' id='word_1_257' title='bbox 933 1816 1093 1850; x_wconf 89' lang='lat' dir='ltr'>canonici</span> <span class='ocrx_word' id='word_1_258' title='bbox 1112 1822 1233 1861; x_wconf 86' lang='lat' dir='ltr'>postea</span> <span class='ocrx_word' id='word_1_259' title='bbox 1250 1821 1489 1848; x_wconf 87' lang='lat' dir='ltr'>asseruerunt.</span> <span class='ocrx_word' id='word_1_260' title='bbox 1509 1815 1668 1848; x_wconf 88' lang='lat' dir='ltr'>Decanus</span> <span class='ocrx_word' id='word_1_261' title='bbox 1686 1821 1804 1848; x_wconf 87' lang='lat' dir='ltr'>autem</span> <span class='ocrx_word' id='word_1_262' title='bbox 1824 1821 1859 1848; x_wconf 90' lang='lat' dir='ltr'>et</span> <span class='ocrx_word' id='word_1_263' title='bbox 1872 1815 1991 1849; x_wconf 89' lang='lat' dir='ltr'>archi-</span> 
     </span>
     <span class='ocr_line' id='line_1_26' title="bbox 472 1872 1992 1920; baseline -0.001 -10"><span class='ocrx_word' id='word_1_264' title='bbox 472 1877 642 1910; x_wconf 87' lang='lat' dir='ltr'>diaconus</span> <span class='ocrx_word' id='word_1_265' title='bbox 669 1876 776 1909; x_wconf 87' lang='lat' dir='ltr'>frater</span> <span class='ocrx_word' id='word_1_266' title='bbox 802 1875 894 1920; x_wconf 51' lang='lat' dir='ltr'>ejus.¹</span> <span class='ocrx_word' id='word_1_267' title='bbox 923 1873 1194 1908; x_wconf 85' lang='lat' dir='ltr'>archidiaconus</span> <span class='ocrx_word' id='word_1_268' title='bbox 1219 1874 1324 1907; x_wconf 88' lang='lat' dir='ltr'>etiam</span> <span class='ocrx_word' id='word_1_269' title='bbox 1350 1873 1555 1920; x_wconf 56' lang='lat' dir='ltr'>Brugensis„</span> <span class='ocrx_word' id='word_1_270' title='bbox 1578 1879 1613 1906; x_wconf 84' lang='lat' dir='ltr'>et</span> <span class='ocrx_word' id='word_1_271' title='bbox 1631 1872 1798 1906; x_wconf 89' lang='lat' dir='ltr'>dominus</span> <span class='ocrx_word' id='word_1_272' title='bbox 1817 1873 1992 1908; x_wconf 88' lang='lat' dir='ltr'>Robertus</span> 
     </span>
     <span class='ocr_line' id='line_1_27' title="bbox 472 1931 1988 1976; baseline -0.003 -7"><span class='ocrx_word' id='word_1_273' title='bbox 472 1936 702 1975; x_wconf 69' lang='lat' dir='ltr'>Deseornm‘s,</span> <span class='ocrx_word' id='word_1_274' title='bbox 728 1933 981 1967; x_wconf 85' lang='lat' dir='ltr'>deliberatione</span> <span class='ocrx_word' id='word_1_275' title='bbox 1008 1933 1147 1966; x_wconf 87' lang='lat' dir='ltr'>habita.</span> <span class='ocrx_word' id='word_1_276' title='bbox 1183 1932 1404 1966; x_wconf 86' lang='lat' dir='ltr'>advertentes</span> <span class='ocrx_word' id='word_1_277' title='bbox 1439 1931 1632 1964; x_wconf 76' lang='lat' dir='ltr'>maximum</span> <span class='ocrx_word' id='word_1_278' title='bbox 1664 1943 1736 1964; x_wconf 89' lang='lat' dir='ltr'>esse</span> <span class='ocrx_word' id='word_1_279' title='bbox 1767 1931 1988 1976; x_wconf 65' lang='lat' dir='ltr'>periculum‚</span> 
     </span>
     <span class='ocr_line' id='line_1_28' title="bbox 473 1989 1992 2035; baseline -0.002 -8"><span class='ocrx_word' id='word_1_280' title='bbox 473 2001 503 2027; x_wconf 76' lang='lat' dir='ltr'>et</span> <span class='ocrx_word' id='word_1_281' title='bbox 528 1992 753 2027; x_wconf 86' lang='lat' dir='ltr'>ostendentes</span> <span class='ocrx_word' id='word_1_282' title='bbox 771 1992 819 2025; x_wconf 88' lang='lat' dir='ltr'>eis</span> <span class='ocrx_word' id='word_1_283' title='bbox 838 1991 990 2025; x_wconf 87' lang='lat' dir='ltr'>rationes</span> <span class='ocrx_word' id='word_1_284' title='bbox 1009 1991 1165 2025; x_wconf 83' lang='lat' dir='ltr'>efficaces</span> <span class='ocrx_word' id='word_1_285' title='bbox 1184 1997 1217 2024; x_wconf 89' lang='lat' dir='ltr'>et</span> <span class='ocrx_word' id='word_1_286' title='bbox 1238 1990 1384 2024; x_wconf 59' lang='lat' dir='ltr'>validas.</span> <span class='ocrx_word' id='word_1_287' title='bbox 1406 1990 1657 2023; x_wconf 90' lang='lat' dir='ltr'>concluserunt</span> <span class='ocrx_word' id='word_1_288' title='bbox 1677 1989 1775 2035; x_wconf 89' lang='lat' dir='ltr'>quod</span> <span class='ocrx_word' id='word_1_289' title='bbox 1792 1990 1992 2035; x_wconf 88' lang='lat' dir='ltr'>periculum</span> 
     </span>
     <span class='ocr_line' id='line_1_29' title="bbox 474 2047 1992 2096; baseline -0.001 -11"><span class='ocrx_word' id='word_1_290' title='bbox 474 2053 665 2086; x_wconf 77' lang='lat' dir='ltr'>maximum</span> <span class='ocrx_word' id='word_1_291' title='bbox 687 2057 794 2093; x_wconf 62' lang='lat' dir='ltr'>esset„</span> <span class='ocrx_word' id='word_1_292' title='bbox 815 2051 842 2084; x_wconf 91' lang='lat' dir='ltr'>si</span> <span class='ocrx_word' id='word_1_293' title='bbox 862 2051 1017 2084; x_wconf 85' lang='lat' dir='ltr'>facerent</span> <span class='ocrx_word' id='word_1_294' title='bbox 1034 2049 1121 2083; x_wconf 88' lang='lat' dir='ltr'>illud</span> <span class='ocrx_word' id='word_1_295' title='bbox 1141 2049 1239 2096; x_wconf 90' lang='lat' dir='ltr'>quod</span> <span class='ocrx_word' id='word_1_296' title='bbox 1261 2056 1334 2082; x_wconf 89' lang='lat' dir='ltr'>erat</span> <span class='ocrx_word' id='word_1_297' title='bbox 1357 2048 1612 2082; x_wconf 86' lang='lat' dir='ltr'>concordatum</span> <span class='ocrx_word' id='word_1_298' title='bbox 1626 2075 1633 2084; x_wconf 75' lang='grc'>,</span> <span class='ocrx_word' id='word_1_299' title='bbox 1663 2055 1697 2082; x_wconf 90' lang='lat' dir='ltr'>et</span> <span class='ocrx_word' id='word_1_300' title='bbox 1721 2047 1766 2082; x_wconf 89' lang='lat' dir='ltr'>de</span> <span class='ocrx_word' id='word_1_301' title='bbox 1787 2049 1883 2083; x_wconf 91' lang='lat' dir='ltr'>dicto</span> <span class='ocrx_word' id='word_1_302' title='bbox 1904 2061 1992 2084; x_wconf 89' lang='lat' dir='ltr'>con-</span> 
     </span>
     <span class='ocr_line' id='line_1_30' title="bbox 474 2108 1993 2154; baseline -0.001 -10"><span class='ocrx_word' id='word_1_303' title='bbox 474 2111 618 2144; x_wconf 76' lang='lat' dir='ltr'>eordato</span> <span class='ocrx_word' id='word_1_304' title='bbox 640 2110 899 2143; x_wconf 86' lang='lat' dir='ltr'>dissenserunt.</span> <span class='ocrx_word' id='word_1_305' title='bbox 922 2109 996 2143; x_wconf 90' lang='lat' dir='ltr'>aliis</span> <span class='ocrx_word' id='word_1_306' title='bbox 1018 2110 1051 2142; x_wconf 91' lang='lat' dir='ltr'>in</span> <span class='ocrx_word' id='word_1_307' title='bbox 1077 2121 1141 2143; x_wconf 86' lang='lat' dir='ltr'>suo</span> <span class='ocrx_word' id='word_1_308' title='bbox 1161 2109 1343 2154; x_wconf 85' lang='lat' dir='ltr'>proposito</span> <span class='ocrx_word' id='word_1_309' title='bbox 1371 2108 1657 2150; x_wconf 36' lang='lat' dir='ltr'>remanentibusff</span> <span class='ocrx_word' id='word_1_310' title='bbox 1681 2120 1744 2141; x_wconf 92' lang='lat' dir='ltr'>nec</span> <span class='ocrx_word' id='word_1_311' title='bbox 1765 2109 1993 2154; x_wconf 86' lang='lat' dir='ltr'>acquiescen-</span> 
     </span>
     <span class='ocr_line' id='line_1_31' title="bbox 476 2165 1992 2214; baseline -0.001 -11"><span class='ocrx_word' id='word_1_312' title='bbox 476 2171 568 2203; x_wconf 86' lang='lat' dir='ltr'>tibus</span> <span class='ocrx_word' id='word_1_313' title='bbox 583 2169 778 2203; x_wconf 88' lang='lat' dir='ltr'>rationibus</span> <span class='ocrx_word' id='word_1_314' title='bbox 795 2169 1053 2214; x_wconf 86' lang='lat' dir='ltr'>cujuscumque</span> <span class='ocrx_word' id='word_1_315' title='bbox 1066 2195 1074 2201; x_wconf 85' lang='lat'><strong>.</strong></span> <span class='ocrx_word' id='word_1_316' title='bbox 1091 2167 1152 2201; x_wconf 87' lang='lat' dir='ltr'>sed</span> <span class='ocrx_word' id='word_1_317' title='bbox 1172 2167 1437 2201; x_wconf 85' lang='lat' dir='ltr'>remanentibus</span> <span class='ocrx_word' id='word_1_318' title='bbox 1456 2173 1611 2212; x_wconf 87' lang='lat' dir='ltr'>quatuor</span> <span class='ocrx_word' id='word_1_319' title='bbox 1630 2165 1829 2200; x_wconf 80' lang='lat' dir='ltr'>antedictis.</span> <span class='ocrx_word' id='word_1_320' title='bbox 1852 2167 1915 2200; x_wconf 88' lang='lat' dir='ltr'>Alii</span> <span class='ocrx_word' id='word_1_321' title='bbox 1933 2179 1992 2201; x_wconf 88' lang='lat' dir='ltr'>ca-</span> 
     </span>
     <span class='ocr_line' id='line_1_32' title="bbox 476 2226 1992 2270; baseline -0.002 -9"><span class='ocrx_word' id='word_1_322' title='bbox 476 2229 590 2262; x_wconf 81' lang='lat' dir='ltr'>nonici</span> <span class='ocrx_word' id='word_1_323' title='bbox 618 2229 654 2261; x_wconf 91' lang='lat' dir='ltr'>in</span> <span class='ocrx_word' id='word_1_324' title='bbox 675 2240 824 2261; x_wconf 89' lang='lat' dir='ltr'>numero</span> <span class='ocrx_word' id='word_1_325' title='bbox 848 2227 1000 2261; x_wconf 83' lang='lat' dir='ltr'>sedecim</span> <span class='ocrx_word' id='word_1_326' title='bbox 1026 2233 1262 2260; x_wconf 82' lang='lat' dir='ltr'>recesserunt.</span> <span class='ocrx_word' id='word_1_327' title='bbox 1288 2233 1323 2259; x_wconf 87' lang='lat' dir='ltr'>et</span> <span class='ocrx_word' id='word_1_328' title='bbox 1346 2226 1472 2259; x_wconf 89' lang='lat' dir='ltr'>Insulis</span> <span class='ocrx_word' id='word_1_329' title='bbox 1499 2226 1637 2259; x_wconf 78' lang='lat' dir='ltr'>iverunt</span> <span class='ocrx_word' id='word_1_330' title='bbox 1666 2231 1846 2270; x_wconf 89' lang='lat' dir='ltr'>portantes</span> <span class='ocrx_word' id='word_1_331' title='bbox 1872 2237 1992 2259; x_wconf 89' lang='lat' dir='ltr'>secum</span> 
     </span>
     <span class='ocr_line' id='line_1_33' title="bbox 475 2284 1989 2335; baseline -0.003 -15"><span class='ocrx_word' id='word_1_332' title='bbox 475 2288 585 2335; x_wconf 66' lang='lat' dir='ltr'>sigilla</span> <span class='ocrx_word' id='word_1_333' title='bbox 604 2287 695 2321; x_wconf 86' lang='lat' dir='ltr'>sedis</span> <span class='ocrx_word' id='word_1_334' title='bbox 711 2287 960 2322; x_wconf 74' lang='lat' dir='ltr'>&#39;t&#39;oi-nacensis.</span> <span class='ocrx_word' id='word_1_335' title='bbox 982 2286 1135 2334; x_wconf 78' lang='lat' dir='ltr'>sigillum</span> <span class='ocrx_word' id='word_1_336' title='bbox 1155 2285 1318 2331; x_wconf 89' lang='lat' dir='ltr'>capituli.</span> <span class='ocrx_word' id='word_1_337' title='bbox 1343 2286 1486 2318; x_wconf 86' lang='lat' dir='ltr'>bursam</span> <span class='ocrx_word' id='word_1_338' title='bbox 1502 2291 1536 2317; x_wconf 90' lang='lat' dir='ltr'>et</span> <span class='ocrx_word' id='word_1_339' title='bbox 1554 2296 1719 2331; x_wconf 77' lang='lat' dir='ltr'>magnam</span> <span class='ocrx_word' id='word_1_340' title='bbox 1738 2284 1989 2330; x_wconf 62' lang='lat' dir='ltr'>quantitatem7</span> 
     </span>
     <span class='ocr_line' id='line_1_34' title="bbox 477 2341 1993 2389; baseline -0.002 -11"><span class='ocrx_word' id='word_1_341' title='bbox 477 2351 518 2377; x_wconf 86' lang='lat' dir='ltr'>ut</span> <span class='ocrx_word' id='word_1_342' title='bbox 537 2344 738 2386; x_wconf 64' lang='lat' dir='ltr'>dicebatur„</span> <span class='ocrx_word' id='word_1_343' title='bbox 761 2344 996 2378; x_wconf 73' lang='lat' dir='ltr'>florenorum.</span> <span class='ocrx_word' id='word_1_344' title='bbox 1023 2344 1261 2378; x_wconf 84' lang='lat' dir='ltr'>nescientibus</span> <span class='ocrx_word' id='word_1_345' title='bbox 1281 2350 1315 2377; x_wconf 89' lang='lat' dir='ltr'>et</span> <span class='ocrx_word' id='word_1_346' title='bbox 1338 2344 1454 2376; x_wconf 86' lang='lat' dir='ltr'>invitis</span> <span class='ocrx_word' id='word_1_347' title='bbox 1473 2349 1627 2389; x_wconf 89' lang='lat' dir='ltr'>quatuor</span> <span class='ocrx_word' id='word_1_348' title='bbox 1651 2342 1849 2376; x_wconf 86' lang='lat' dir='ltr'>antedictis.</span> <span class='ocrx_word' id='word_1_349' title='bbox 1871 2341 1993 2375; x_wconf 85' lang='lat' dir='ltr'>Reces-</span> 
     </span>
     <span class='ocr_line' id='line_1_35' title="bbox 476 2400 1992 2448; baseline -0.002 -13"><span class='ocrx_word' id='word_1_350' title='bbox 476 2409 668 2448; x_wconf 87' lang='lat' dir='ltr'>seruntque</span> <span class='ocrx_word' id='word_1_351' title='bbox 693 2403 728 2435; x_wconf 90' lang='lat' dir='ltr'>in</span> <span class='ocrx_word' id='word_1_352' title='bbox 756 2402 813 2436; x_wconf 88' lang='lat' dir='ltr'>die</span> <span class='ocrx_word' id='word_1_353' title='bbox 834 2415 924 2448; x_wconf 89' lang='lat' dir='ltr'>quae</span> <span class='ocrx_word' id='word_1_354' title='bbox 951 2403 1019 2436; x_wconf 88' lang='lat' dir='ltr'>fuit</span> <span class='ocrx_word' id='word_1_355' title='bbox 1045 2403 1168 2436; x_wconf 87' lang='lat' dir='ltr'>ultima</span> <span class='ocrx_word' id='word_1_356' title='bbox 1193 2402 1268 2436; x_wconf 88' lang='lat' dir='ltr'>dies</span> <span class='ocrx_word' id='word_1_357' title='bbox 1295 2402 1423 2435; x_wconf 91' lang='lat' dir='ltr'>mensis</span> <span class='ocrx_word' id='word_1_358' title='bbox 1449 2401 1624 2435; x_wconf 84' lang='lat' dir='ltr'>Januarii.</span> <span class='ocrx_word' id='word_1_359' title='bbox 1655 2405 1918 2445; x_wconf 86' lang='lat' dir='ltr'>tenueruntque</span> <span class='ocrx_word' id='word_1_360' title='bbox 1944 2400 1992 2433; x_wconf 92' lang='lat' dir='ltr'>ibi</span> 
     </span>
     <span class='ocr_line' id='line_1_36' title="bbox 477 2457 1994 2506; baseline -0.002 -12"><span class='ocrx_word' id='word_1_361' title='bbox 477 2461 614 2494; x_wconf 71' lang='lat' dir='ltr'>sedem.</span> <span class='ocrx_word' id='word_1_362' title='bbox 636 2462 856 2506; x_wconf 86' lang='lat' dir='ltr'>publicantes</span> <span class='ocrx_word' id='word_1_363' title='bbox 871 2462 1079 2495; x_wconf 89' lang='lat' dir='ltr'>sententiam</span> <span class='ocrx_word' id='word_1_364' title='bbox 1096 2462 1199 2495; x_wconf 87' lang='lat' dir='ltr'>latam</span> <span class='ocrx_word' id='word_1_365' title='bbox 1216 2473 1279 2506; x_wconf 90' lang='lat' dir='ltr'>per</span> <span class='ocrx_word' id='word_1_366' title='bbox 1297 2460 1479 2494; x_wconf 80' lang='lat' dir='ltr'>officialem</span> <span class='ocrx_word' id='word_1_367' title='bbox 1500 2460 1643 2493; x_wconf 90' lang='lat' dir='ltr'>Insulis.</span> <span class='ocrx_word' id='word_1_368' title='bbox 1668 2457 1822 2492; x_wconf 76' lang='lat' dir='ltr'>Gandavi</span> <span class='ocrx_word' id='word_1_369' title='bbox 1837 2485 1845 2501; x_wconf 90' lang='lat'>·.</span> <span class='ocrx_word' id='word_1_370' title='bbox 1869 2458 1994 2505; x_wconf 79' lang='lat' dir='ltr'>Brugis</span> 
     </span>
    </p>
   </div>
  </div>
 </body>
</html>
