<?xml version="1.0" encoding="UTF-8"?>
<!DOCTYPE html PUBLIC "-//W3C//DTD XHTML 1.0 Transitional//EN"
    "http://www.w3.org/TR/xhtml1/DTD/xhtml1-transitional.dtd">
<html xmlns="http://www.w3.org/1999/xhtml" xml:lang="en" lang="en">
 <head>
  <title>
</title>
<meta http-equiv="Content-Type" content="text/html;charset=utf-8" />
  <meta name='ocr-system' content='tesseract 3.04.00' />
  <meta name='ocr-capabilities' content='ocr_page ocr_carea ocr_par ocr_line ocrx_word'/>
</head>
<body>
  <div class='ocr_page' id='page_1' title='image "./corpuschronicoru02smetuoft_0402.png"; bbox 0 0 2137 3131; ppageno 0'>
   <div class='ocr_carea' id='block_1_1' title="bbox 455 356 1625 400">
    <p class='ocr_par' dir='ltr' id='par_1_1' title="bbox 455 356 1625 400">
     <span class='ocr_line' id='line_1_1' title="bbox 455 356 1625 400; baseline -0.009 0"><span class='ocrx_word' id='word_1_1' title='bbox 455 365 525 400; x_wconf 78' lang='lat'>370</span> <span class='ocrx_word' id='word_1_2' title='bbox 799 360 973 396; x_wconf 81' lang='lat' dir='ltr'>CORPUS</span> <span class='ocrx_word' id='word_1_3' title='bbox 999 357 1329 395; x_wconf 83' lang='lat' dir='ltr'>CHRONICORUM</span> <span class='ocrx_word' id='word_1_4' title='bbox 1358 356 1625 390; x_wconf 70' lang='lat' dir='ltr'><strong>FLANDRIAE.</strong></span> 
     </span>
    </p>
   </div>
   <div class='ocr_carea' id='block_1_2' title="bbox 768 464 1455 2326">
    <p class='ocr_par' dir='ltr' id='par_1_2' title="bbox 768 464 1455 2326">
     <span class='ocr_line' id='line_1_2' title="bbox 868 464 1258 501; baseline -0.01 0"><span class='ocrx_word' id='word_1_5' title='bbox 868 467 1063 501; x_wconf 70' lang='lat' dir='ltr'>Veniebant</span> <span class='ocrx_word' id='word_1_6' title='bbox 1082 464 1258 498; x_wconf 81' lang='lat' dir='ltr'>similiter.</span> 
     </span>
     <span class='ocr_line' id='line_1_3' title="bbox 768 521 1308 568; baseline -0.011 -8"><span class='ocrx_word' id='word_1_7' title='bbox 768 526 838 560; x_wconf 76' lang='lat'>:290</span> <span class='ocrx_word' id='word_1_8' title='bbox 867 526 896 559; x_wconf 87' lang='lat' dir='ltr'>O</span> <span class='ocrx_word' id='word_1_9' title='bbox 917 525 1009 558; x_wconf 87' lang='lat' dir='ltr'>bone</span> <span class='ocrx_word' id='word_1_10' title='bbox 1027 523 1130 563; x_wconf 57' lang='lat' dir='ltr'>Jesu7</span> <span class='ocrx_word' id='word_1_11' title='bbox 1152 521 1308 568; x_wconf 76' lang='lat' dir='ltr'>qualiter</span> 
     </span>
     <span class='ocr_line' id='line_1_4' title="bbox 869 580 1362 627; baseline -0.006 -11"><span class='ocrx_word' id='word_1_12' title='bbox 869 583 953 616; x_wconf 88' lang='lat' dir='ltr'>Volo</span> <span class='ocrx_word' id='word_1_13' title='bbox 973 588 1067 616; x_wconf 87' lang='lat' dir='ltr'>certe</span> <span class='ocrx_word' id='word_1_14' title='bbox 1087 580 1185 627; x_wconf 88' lang='lat' dir='ltr'>quod</span> <span class='ocrx_word' id='word_1_15' title='bbox 1206 587 1243 614; x_wconf 81' lang='lat' dir='ltr'>[u</span> <span class='ocrx_word' id='word_1_16' title='bbox 1265 580 1362 614; x_wconf 84' lang='lat' dir='ltr'>scias.</span> 
     </span>
     <span class='ocr_line' id='line_1_5' title="bbox 867 639 1293 685; baseline -0.007 -10"><span class='ocrx_word' id='word_1_17' title='bbox 867 642 965 675; x_wconf 82' lang='lat' dir='ltr'>Sicut</span> <span class='ocrx_word' id='word_1_18' title='bbox 984 641 1056 674; x_wconf 85' lang='lat' dir='ltr'>itur</span> <span class='ocrx_word' id='word_1_19' title='bbox 1075 639 1118 673; x_wconf 89' lang='lat' dir='ltr'>ad</span> <span class='ocrx_word' id='word_1_20' title='bbox 1139 639 1293 685; x_wconf 75' lang='lat' dir='ltr'><strong>nuptias.</strong></span> 
     </span>
     <span class='ocr_line' id='line_1_6' title="bbox 868 697 1374 744; baseline -0.01 -10"><span class='ocrx_word' id='word_1_21' title='bbox 868 700 956 734; x_wconf 91' lang='lat' dir='ltr'>Nolo</span> <span class='ocrx_word' id='word_1_22' title='bbox 976 698 1020 732; x_wconf 87' lang='lat' dir='ltr'>de</span> <span class='ocrx_word' id='word_1_23' title='bbox 1040 698 1109 732; x_wconf 82' lang='lat' dir='ltr'>hoc</span> <span class='ocrx_word' id='word_1_24' title='bbox 1128 698 1207 744; x_wconf 87' lang='lat' dir='ltr'>plus</span> <span class='ocrx_word' id='word_1_25' title='bbox 1225 697 1345 732; x_wconf 79' lang='lat' dir='ltr'>dicere</span> <span class='ocrx_word' id='word_1_26' title='bbox 1367 710 1374 729; x_wconf 74' lang='grc' dir='ltr'>ε</span> 
     </span>
     <span class='ocr_line' id='line_1_7' title="bbox 870 754 1310 796; baseline -0.007 -6"><span class='ocrx_word' id='word_1_27' title='bbox 870 757 958 790; x_wconf 81' lang='lat' dir='ltr'>Nam</span> <span class='ocrx_word' id='word_1_28' title='bbox 978 755 1102 788; x_wconf 87' lang='lat' dir='ltr'>melius</span> <span class='ocrx_word' id='word_1_29' title='bbox 1119 761 1172 788; x_wconf 81' lang='lat' dir='ltr'>est</span> <span class='ocrx_word' id='word_1_30' title='bbox 1188 754 1288 788; x_wconf 84' lang='lat' dir='ltr'>silere</span> <span class='ocrx_word' id='word_1_31' title='bbox 1302 781 1310 796; x_wconf 47' lang='grc' dir='ltr'><strong><em>Ἴ</em></strong></span> 
     </span>
     <span class='ocr_line' id='line_1_8' title="bbox 773 812 1430 859; baseline -0.006 -10"><span class='ocrx_word' id='word_1_32' title='bbox 773 815 844 850; x_wconf 78' lang='lat'>295</span> <span class='ocrx_word' id='word_1_33' title='bbox 872 815 987 855; x_wconf 85' lang='lat' dir='ltr'>Quam</span> <span class='ocrx_word' id='word_1_34' title='bbox 1007 813 1085 859; x_wconf 84' lang='lat' dir='ltr'>plus</span> <span class='ocrx_word' id='word_1_35' title='bbox 1104 813 1200 859; x_wconf 85' lang='lat' dir='ltr'>loqui</span> <span class='ocrx_word' id='word_1_36' title='bbox 1219 812 1263 846; x_wconf 84' lang='lat' dir='ltr'>dc</span> <span class='ocrx_word' id='word_1_37' title='bbox 1282 812 1430 846; x_wconf 83' lang='lat' dir='ltr'>talibus:</span> 
     </span>
     <span class='ocr_line' id='line_1_9' title="bbox 872 871 1269 914; baseline -0.005 -8"><span class='ocrx_word' id='word_1_38' title='bbox 872 873 964 914; x_wconf 82' lang='lat' dir='ltr'>Quia</span> <span class='ocrx_word' id='word_1_39' title='bbox 982 871 1150 905; x_wconf 84' lang='lat' dir='ltr'>deficeret</span> <span class='ocrx_word' id='word_1_40' title='bbox 1167 871 1269 904; x_wconf 85' lang='lat' dir='ltr'>cibus</span> 
     </span>
     <span class='ocr_line' id='line_1_10' title="bbox 871 928 1376 977; baseline -0.008 -11"><span class='ocrx_word' id='word_1_41' title='bbox 871 932 940 966; x_wconf 86' lang='lat' dir='ltr'>Illis</span> <span class='ocrx_word' id='word_1_42' title='bbox 960 931 1021 977; x_wconf 88' lang='lat' dir='ltr'>qui</span> <span class='ocrx_word' id='word_1_43' title='bbox 1041 930 1109 964; x_wconf 91' lang='lat' dir='ltr'>hoc</span> <span class='ocrx_word' id='word_1_44' title='bbox 1129 928 1376 975; x_wconf 79' lang='lat' dir='ltr'>praedicarent</span> 
     </span>
     <span class='ocr_line' id='line_1_11' title="bbox 872 988 1305 1024; baseline -0.005 0"><span class='ocrx_word' id='word_1_45' title='bbox 872 992 913 1024; x_wconf 82' lang='lat' dir='ltr'>Et</span> <span class='ocrx_word' id='word_1_46' title='bbox 931 991 1113 1024; x_wconf 68' lang='lat' dir='ltr'>veritatem</span> <span class='ocrx_word' id='word_1_47' title='bbox 1132 988 1305 1022; x_wconf 82' lang='lat' dir='ltr'>dicerent.</span> 
     </span>
     <span class='ocr_line' id='line_1_12' title="bbox 872 1046 1407 1092; baseline -0.004 -10"><span class='ocrx_word' id='word_1_48' title='bbox 872 1049 1006 1083; x_wconf 86' lang='lat' dir='ltr'>Nolunt</span> <span class='ocrx_word' id='word_1_49' title='bbox 1023 1048 1067 1082; x_wconf 90' lang='lat' dir='ltr'>de</span> <span class='ocrx_word' id='word_1_50' title='bbox 1086 1048 1155 1082; x_wconf 88' lang='lat' dir='ltr'>hoc</span> <span class='ocrx_word' id='word_1_51' title='bbox 1174 1046 1407 1092; x_wconf 73' lang='lat' dir='ltr'>reprehendi,</span> 
     </span>
     <span class='ocr_line' id='line_1_13' title="bbox 778 1105 1320 1152; baseline -0.006 -10"><span class='ocrx_word' id='word_1_52' title='bbox 778 1108 847 1143; x_wconf 82' lang='grc'>300</span> <span class='ocrx_word' id='word_1_53' title='bbox 875 1108 915 1141; x_wconf 83' lang='lat' dir='ltr'>Et</span> <span class='ocrx_word' id='word_1_54' title='bbox 934 1108 983 1141; x_wconf 84' lang='lat' dir='ltr'>sic</span> <span class='ocrx_word' id='word_1_55' title='bbox 1001 1113 1053 1140; x_wconf 86' lang='lat' dir='ltr'>est</span> <span class='ocrx_word' id='word_1_56' title='bbox 1070 1118 1160 1152; x_wconf 87' lang='lat' dir='ltr'>opus</span> <span class='ocrx_word' id='word_1_57' title='bbox 1177 1105 1320 1140; x_wconf 85' lang='lat' dir='ltr'>silendi.</span> 
     </span>
     <span class='ocr_line' id='line_1_14' title="bbox 875 1164 1275 1200; baseline -0.005 0"><span class='ocrx_word' id='word_1_58' title='bbox 875 1166 930 1200; x_wconf 82' lang='lat' dir='ltr'>Sic</span> <span class='ocrx_word' id='word_1_59' title='bbox 950 1166 1084 1199; x_wconf 86' lang='lat' dir='ltr'>fiebant</span> <span class='ocrx_word' id='word_1_60' title='bbox 1102 1165 1198 1198; x_wconf 87' lang='lat' dir='ltr'>omni</span> <span class='ocrx_word' id='word_1_61' title='bbox 1218 1164 1275 1198; x_wconf 85' lang='lat' dir='ltr'>die</span> 
     </span>
     <span class='ocr_line' id='line_1_15' title="bbox 875 1223 1307 1270; baseline -0.002 -11"><span class='ocrx_word' id='word_1_62' title='bbox 875 1225 1102 1259; x_wconf 70' lang='lat' dir='ltr'>Mor-tuorum</span> <span class='ocrx_word' id='word_1_63' title='bbox 1121 1223 1289 1270; x_wconf 84' lang='lat' dir='ltr'>exequiae</span> <span class='ocrx_word' id='word_1_64' title='bbox 1299 1250 1307 1258; x_wconf 66' lang='grc'>.</span> 
     </span>
     <span class='ocr_line' id='line_1_16' title="bbox 875 1281 1347 1329; baseline -0.006 -10"><span class='ocrx_word' id='word_1_65' title='bbox 875 1286 968 1319; x_wconf 87' lang='lat' dir='ltr'>Dum</span> <span class='ocrx_word' id='word_1_66' title='bbox 987 1283 1112 1329; x_wconf 84' lang='lat' dir='ltr'>aliquis</span> <span class='ocrx_word' id='word_1_67' title='bbox 1130 1281 1347 1316; x_wconf 79' lang='lat' dir='ltr'>decedebat:</span> 
     </span>
     <span class='ocr_line' id='line_1_17' title="bbox 874 1340 1284 1377; baseline -0.007 1"><span class='ocrx_word' id='word_1_68' title='bbox 874 1344 916 1377; x_wconf 86' lang='lat' dir='ltr'>Et</span> <span class='ocrx_word' id='word_1_69' title='bbox 936 1341 1157 1377; x_wconf 83' lang='lat' dir='ltr'>consuetudo</span> <span class='ocrx_word' id='word_1_70' title='bbox 1175 1340 1284 1375; x_wconf 85' lang='lat' dir='ltr'>dabat</span> 
     </span>
     <span class='ocr_line' id='line_1_18' title="bbox 779 1400 1431 1447; baseline -0.006 -10"><span class='ocrx_word' id='word_1_71' title='bbox 779 1402 850 1437; x_wconf 78' lang='lat'>305</span> <span class='ocrx_word' id='word_1_72' title='bbox 878 1400 984 1443; x_wconf 88' lang='lat' dir='ltr'>Quod</span> <span class='ocrx_word' id='word_1_73' title='bbox 1003 1407 1166 1447; x_wconf 79' lang='lat' dir='ltr'>parentes</span> <span class='ocrx_word' id='word_1_74' title='bbox 1184 1406 1408 1434; x_wconf 78' lang='lat' dir='ltr'>remanerent</span> <span class='ocrx_word' id='word_1_75' title='bbox 1423 1426 1431 1441; x_wconf 41' lang='grc' dir='ltr'>,Ι</span> 
     </span>
     <span class='ocr_line' id='line_1_19' title="bbox 877 1459 1420 1506; baseline -0.004 -12"><span class='ocrx_word' id='word_1_76' title='bbox 877 1460 992 1494; x_wconf 87' lang='lat' dir='ltr'>Simul</span> <span class='ocrx_word' id='word_1_77' title='bbox 1012 1472 1156 1506; x_wconf 86' lang='lat' dir='ltr'>quoque</span> <span class='ocrx_word' id='word_1_78' title='bbox 1174 1459 1420 1499; x_wconf 48' lang='lat' dir='ltr'>conviverentf</span> 
     </span>
     <span class='ocr_line' id='line_1_20' title="bbox 878 1515 1415 1558; baseline -0.006 -6"><span class='ocrx_word' id='word_1_79' title='bbox 878 1517 931 1552; x_wconf 79' lang='lat' dir='ltr'>Ad</span> <span class='ocrx_word' id='word_1_80' title='bbox 950 1516 1120 1551; x_wconf 83' lang='lat' dir='ltr'>haeredes</span> <span class='ocrx_word' id='word_1_81' title='bbox 1139 1515 1394 1551; x_wconf 80' lang='lat' dir='ltr'>confortandos</span> <span class='ocrx_word' id='word_1_82' title='bbox 1407 1543 1415 1558; x_wconf 60' lang='lat' dir='ltr'>a</span> 
     </span>
     <span class='ocr_line' id='line_1_21' title="bbox 878 1574 1325 1623; baseline -0.007 -12"><span class='ocrx_word' id='word_1_83' title='bbox 878 1578 994 1623; x_wconf 82' lang='lat' dir='ltr'>Atque</span> <span class='ocrx_word' id='word_1_84' title='bbox 1012 1576 1104 1621; x_wconf 79' lang='lat' dir='ltr'>ipsos</span> <span class='ocrx_word' id='word_1_85' title='bbox 1123 1574 1325 1608; x_wconf 69' lang='lat' dir='ltr'>invitandos</span> 
     </span>
     <span class='ocr_line' id='line_1_22' title="bbox 878 1633 1400 1681; baseline -0.006 -11"><span class='ocrx_word' id='word_1_86' title='bbox 878 1635 931 1670; x_wconf 83' lang='lat' dir='ltr'>Ad</span> <span class='ocrx_word' id='word_1_87' title='bbox 952 1647 1075 1681; x_wconf 81' lang='lat' dir='ltr'>pacem</span> <span class='ocrx_word' id='word_1_88' title='bbox 1094 1641 1129 1668; x_wconf 88' lang='lat' dir='ltr'>et</span> <span class='ocrx_word' id='word_1_89' title='bbox 1145 1633 1375 1668; x_wconf 81' lang='lat' dir='ltr'>concordiam</span> <span class='ocrx_word' id='word_1_90' title='bbox 1392 1660 1400 1675; x_wconf 60' lang='lat' dir='ltr'>a</span> 
     </span>
     <span class='ocr_line' id='line_1_23' title="bbox 783 1692 1381 1739; baseline -0.008 -9"><span class='ocrx_word' id='word_1_91' title='bbox 783 1695 853 1730; x_wconf 81' lang='lat'>310</span> <span class='ocrx_word' id='word_1_92' title='bbox 882 1695 1130 1739; x_wconf 87' lang='lat' dir='ltr'>Teuerentque</span> <span class='ocrx_word' id='word_1_93' title='bbox 1148 1692 1255 1726; x_wconf 83' lang='lat' dir='ltr'>talem</span> <span class='ocrx_word' id='word_1_94' title='bbox 1274 1692 1381 1726; x_wconf 88' lang='lat' dir='ltr'>viam.</span> 
     </span>
     <span class='ocr_line' id='line_1_24' title="bbox 882 1749 1308 1786; baseline -0.005 0"><span class='ocrx_word' id='word_1_95' title='bbox 882 1753 924 1786; x_wconf 88' lang='lat' dir='ltr'>Et</span> <span class='ocrx_word' id='word_1_96' title='bbox 943 1752 1074 1785; x_wconf 83' lang='lat' dir='ltr'>mirum</span> <span class='ocrx_word' id='word_1_97' title='bbox 1093 1757 1168 1784; x_wconf 79' lang='lat' dir='ltr'>erat</span> <span class='ocrx_word' id='word_1_98' title='bbox 1186 1749 1308 1784; x_wconf 89' lang='lat' dir='ltr'>videre</span> 
     </span>
     <span class='ocr_line' id='line_1_25' title="bbox 881 1807 1322 1852; baseline -0.007 -7"><span class='ocrx_word' id='word_1_99' title='bbox 881 1810 1064 1852; x_wconf 63' lang='lat' dir='ltr'>Mulieres,</span> <span class='ocrx_word' id='word_1_100' title='bbox 1085 1808 1173 1842; x_wconf 85' lang='lat' dir='ltr'>dum</span> <span class='ocrx_word' id='word_1_101' title='bbox 1192 1807 1322 1842; x_wconf 83' lang='lat' dir='ltr'>offerre</span> 
     </span>
     <span class='ocr_line' id='line_1_26' title="bbox 881 1867 1286 1910; baseline -0.005 -8"><span class='ocrx_word' id='word_1_102' title='bbox 881 1868 935 1902; x_wconf 82' lang='lat' dir='ltr'>Ad</span> <span class='ocrx_word' id='word_1_103' title='bbox 953 1869 1060 1902; x_wconf 84' lang='lat' dir='ltr'>altare</span> <span class='ocrx_word' id='word_1_104' title='bbox 1078 1867 1286 1910; x_wconf 70' lang='lat' dir='ltr'>veniebant,</span> 
     </span>
     <span class='ocr_line' id='line_1_27' title="bbox 882 1925 1455 1974; baseline -0.007 -12"><span class='ocrx_word' id='word_1_105' title='bbox 882 1929 996 1969; x_wconf 80' lang='lat' dir='ltr'>Quam</span> <span class='ocrx_word' id='word_1_106' title='bbox 1018 1939 1189 1973; x_wconf 84' lang='lat' dir='ltr'>pompose</span> <span class='ocrx_word' id='word_1_107' title='bbox 1208 1938 1244 1960; x_wconf 87' lang='lat' dir='ltr'>se</span> <span class='ocrx_word' id='word_1_108' title='bbox 1261 1925 1455 1974; x_wconf 73' lang='lat' dir='ltr'>gerebant3</span> 
     </span>
     <span class='ocr_line' id='line_1_28' title="bbox 787 1984 1294 2027; baseline -0.01 -4"><span class='ocrx_word' id='word_1_109' title='bbox 787 1987 857 2022; x_wconf 79' lang='lat'>315</span> <span class='ocrx_word' id='word_1_110' title='bbox 884 1986 1050 2021; x_wconf 81' lang='lat' dir='ltr'>Similiter</span> <span class='ocrx_word' id='word_1_111' title='bbox 1067 1998 1190 2019; x_wconf 85' lang='lat' dir='ltr'>omnes</span> <span class='ocrx_word' id='word_1_112' title='bbox 1206 1984 1272 2019; x_wconf 85' lang='lat' dir='ltr'>viri</span> <span class='ocrx_word' id='word_1_113' title='bbox 1285 2011 1294 2027; x_wconf 68' lang='lat' dir='ltr'>a</span> 
     </span>
     <span class='ocr_line' id='line_1_29' title="bbox 882 2043 1330 2091; baseline -0.009 -11"><span class='ocrx_word' id='word_1_114' title='bbox 882 2047 1033 2080; x_wconf 62' lang='lat' dir='ltr'>¹Iuvenes</span> <span class='ocrx_word' id='word_1_115' title='bbox 1052 2051 1158 2091; x_wconf 85' lang='lat' dir='ltr'>atque</span> <span class='ocrx_word' id='word_1_116' title='bbox 1177 2043 1308 2078; x_wconf 85' lang='lat' dir='ltr'>maturi</span> <span class='ocrx_word' id='word_1_117' title='bbox 1321 2070 1330 2085; x_wconf 63' lang='lat'>7</span> 
     </span>
     <span class='ocr_line' id='line_1_30' title="bbox 883 2101 1339 2145; baseline -0.007 -7"><span class='ocrx_word' id='word_1_118' title='bbox 883 2102 1074 2145; x_wconf 87' lang='lat' dir='ltr'>Quomodo</span> <span class='ocrx_word' id='word_1_119' title='bbox 1092 2101 1339 2136; x_wconf 82' lang='lat' dir='ltr'>sacerdotibus</span> 
     </span>
     <span class='ocr_line' id='line_1_31' title="bbox 883 2160 1309 2196; baseline -0.005 0"><span class='ocrx_word' id='word_1_120' title='bbox 883 2163 990 2196; x_wconf 86' lang='lat' dir='ltr'>Erant</span> <span class='ocrx_word' id='word_1_121' title='bbox 1007 2161 1124 2195; x_wconf 81' lang='lat' dir='ltr'>infesti</span> <span class='ocrx_word' id='word_1_122' title='bbox 1142 2160 1309 2194; x_wconf 85' lang='lat' dir='ltr'>omnibus</span> 
     </span>
     <span class='ocr_line' id='line_1_32' title="bbox 884 2218 1222 2255; baseline -0.009 0"><span class='ocrx_word' id='word_1_123' title='bbox 884 2222 923 2255; x_wconf 92' lang='grc' dir='ltr'>Ι11</span> <span class='ocrx_word' id='word_1_124' title='bbox 943 2220 1014 2254; x_wconf 85' lang='lat' dir='ltr'>suis</span> <span class='ocrx_word' id='word_1_125' title='bbox 1033 2218 1222 2254; x_wconf 83' lang='lat' dir='ltr'>offertoriis</span> 
     </span>
     <span class='ocr_line' id='line_1_33' title="bbox 789 2277 1300 2326; baseline -0.01 -10"><span class='ocrx_word' id='word_1_126' title='bbox 789 2280 858 2316; x_wconf 68' lang='lat'>320</span> <span class='ocrx_word' id='word_1_127' title='bbox 886 2280 1000 2326; x_wconf 83' lang='lat' dir='ltr'>Atque</span> <span class='ocrx_word' id='word_1_128' title='bbox 1019 2279 1055 2313; x_wconf 92' lang='grc'>111</span> <span class='ocrx_word' id='word_1_129' title='bbox 1075 2278 1194 2312; x_wconf 75' lang='lat' dir='ltr'>multis</span> <span class='ocrx_word' id='word_1_130' title='bbox 1213 2277 1300 2311; x_wconf 88' lang='lat' dir='ltr'>aliis.</span> 
     </span>
    </p>
   </div>
  </div>
 </body>
</html>
