2137 3131
456 376 527 409 492
800 372 974 408 CORPUS
1001 369 1331 405 CHRONICORUM
1359 370 1622 404 FLANDRIAE.

460 484 613 516 DXLlX0
628 495 719 515 nuno
738 481 889 521 Domini.
908 479 1152 525 pontificatum
1169 477 1339 522 suscepit.
1356 477 1422 510 sub
1438 489 1519 524 rege
1534 476 1727 510 Clodoveo.
1745 477 1805 523 qui
1821 484 1968 522 quartus

457 556 475 574 a
496 541 664 587 Cilperieo
687 538 927 571 monarchiam
949 536 1045 583 regui
1068 535 1193 568 tenuit.
1220 535 1391 581 Episcopo
1410 534 1584 582 delegavit
1604 541 1779 568 monetam
1803 535 1967 577 civitatis⁷

458 602 613 633 mairiam
630 598 673 631 de
689 610 758 643 qua
775 598 1034 629 fermentantur
1050 594 1231 636 cervisiae.
1249 594 1422 639 justitiam
1440 593 1683 636 districtuum,
1706 592 1970 627 advocationem

460 658 643 691 bominum
669 656 788 688 beatae
813 654 962 687 Mariae.
997 653 1169 700 wionagia
1189 653 1428 698 plaustrorum
1453 659 1487 685 et
1508 652 1769 691 vehiculorum,
1797 664 1888 698 quae
1913 664 1974 685 ve-

461 716 546 748 nalia
568 715 600 747 iu
622 713 762 746 civitate
782 712 946 745 afferunt.
970 711 1070 745 Clero
1088 723 1170 744 vero
1192 711 1318 744 tribuit
1338 711 1560 753 theloneum.
1583 711 1847 758 pontinagium.
1874 716 1913 744 ut
1931 722 1971 743 ex

459 786 578 806 mrum
591 771 788 805 redditibus
798 771 1089 804 vestimentorum
1104 782 1250 803 suorum
1261 770 1451 803 necessaria
1462 776 1721 815 compararent.
1738 776 1772 803 et
1786 776 1826 803 ut
1839 769 1971 802 victum

459 833 597 877 ropiose
615 837 645 863 et
667 830 879 863 sufficienter
894 829 1083 870 haberent.v
1106 840 1248 861 omnem
1263 834 1393 861 terram
1408 827 1602 874 quaejacet
1615 828 1706 861 inter
1720 827 1792 861 dno
1808 827 1949 861 fluviola
1961 853 1970 866 ,

458 892 539 923 iim-
556 890 685 922 seilicet
705 895 737 921 et
753 888 898 921 Mairam
912 914 921 930 5
942 899 1065 920 eorum
1086 886 1211 920 ditioni
1231 885 1409 928 subdidit7
1433 893 1471 919 ut
1490 898 1529 919 ex
1549 886 1624 931 ejus
1643 886 1876 933 agricultura,
1897 886 1974 919 abs-

457 961 526 994 que
540 947 687 993 penuria
702 952 995 979 sustentarentur.
1013 945 1219 990 Cunctaque
1236 943 1438 978 molendina
1449 971 1456 976 .
1475 956 1566 990 quae
1585 950 1670 977 tunc
1685 950 1785 977 erant
1798 944 1833 977 in
1849 942 1974 977 Scaldo

458 1008 506 1040 eis
520 1004 782 1052 superaddidit.
801 1017 857 1038 sex
871 1017 912 1037 ex
926 1004 967 1037 iis
981 1004 1146 1049 episcopo
1162 1003 1343 1036 reservatis
1353 1029 1361 1045 s.
1378 1014 1460 1036 cum
1475 1003 1635 1049 quinque
1648 1001 1830 1050 quadrigis
1844 1008 1970 1035 terrae.

462 1066 574 1098 {fnum
592 1077 673 1097 vero
689 1076 729 1097 ex
750 1062 960 1097 molendinis
981 1062 1134 1108 episcopi
1150 1074 1232 1095 cum
1251 1061 1455 1095 molendino
1470 1062 1740 1103 canonicorum.
1763 1061 1825 1108 qui
1845 1059 1975 1094 dicitur

458 1124 501 1157 «le
525 1123 704 1164 Bes-lumel,
729 1122 860 1156 debent
886 1122 1016 1155 molere
1041 1134 1183 1155 omnem
1211 1121 1373 1155 braisiam
1400 1121 1548 1154 civitatis
1576 1133 1638 1166 per
1665 1119 1970 1154 consuetudinem.

461 1183 602 1230 foragia
624 1194 704 1215 vero
724 1181 945 1215 cambarum.
971 1180 1021 1213 vel
1045 1179 1143 1226 quod
1168 1179 1462 1213 sanctificationes
1475 1179 1728 1225 apothecarum
1747 1178 1803 1212 alii
1828 1184 1972 1220 vocant,

459 1248 489 1274 et
512 1240 670 1274 redditus
697 1251 859 1272 vasorum
888 1239 955 1271 vini
984 1238 1076 1271 inter
1098 1244 1268 1283 utrosque
1289 1237 1411 1283 aequis
1427 1237 1585 1283 partibus
1607 1236 1737 1270 divisit.
1766 1237 1838 1270 Hoc
1855 1238 1974 1282 itaque

460 1299 565 1332 modo
585 1298 795 1343 amplificata
815 1297 956 1330 ecclesia
978 1309 1039 1342 per
1056 1295 1400 1343 quadringentorum
1421 1307 1597 1329 annorum
1616 1295 1792 1329 curricula
1810 1294 1854 1328 de
1873 1307 1976 1340 prae-

460 1357 561 1391 dictis
581 1356 859 1402 possessionibus
879 1355 1048 1388 ditissima
1069 1355 1208 1387 mansit.
1228 1354 1310 1387 Post
1328 1354 1415 1388 haec
1430 1354 1661 1400 praefuerunt
1677 1353 1792 1388 eidem
1811 1353 1975 1387 ecclesiae

460 1415 604 1461 quidam
629 1415 796 1460 episcopi.
819 1426 908 1460 quos
935 1413 1059 1446 melius
1077 1419 1165 1458 puto
1183 1413 1299 1446 vocari
1320 1412 1449 1446 debere
1466 1419 1623 1458 raptores
1641 1425 1749 1459 quam
1763 1413 1975 1460 gubernato-

460 1488 529 1508 res.
552 1474 776 1519 dissipatores
793 1485 899 1519 quam
923 1479 1095 1514 rectores.
1120 1471 1352 1505 mercenarios
1373 1484 1481 1517 quam
1497 1478 1670 1517 pastoresg
1692 1471 1861 1505 beneficia
1880 1471 1975 1504 enim

462 1534 624 1566 ecclesiae
647 1531 933 1577 disperdiderunt
958 1538 991 1564 et
1011 1543 1099 1576 pene
1121 1530 1166 1564 ad
1186 1530 1336 1563 nihilum
1359 1529 1594 1577 redegerunt„
1623 1531 1669 1563 ita
1690 1537 1730 1564 ut
1753 1529 1798 1563 de
1821 1530 1975 1575 antiquis

461 1591 736 1637 possessionibus
760 1590 847 1623 nihil
869 1590 1019 1635 amplius
1046 1602 1122 1623 eam
1148 1601 1334 1623 cernamus
1351 1588 1457 1622 hodie
1482 1595 1601 1622 tenere
1623 1601 1732 1635 quam
1752 1589 1818 1622 tria
1840 1588 1978 1622 molen-

462 1650 543 1683 dina
558 1649 711 1694 episcopi
731 1655 869 1694 tresque
884 1647 1074 1695 quadrigas
1088 1654 1201 1681 terrae
1214 1648 1307 1693 ejus.
1325 1653 1359 1680 et
1375 1647 1627 1680 canonicorum
1648 1647 1869 1689 theloneum,
1891 1659 1976 1693 pon-

460 1709 632 1756 tinagium
646 1735 653 1746 .,
676 1708 966 1755 foragiorumque
984 1719 1083 1739 suam
1099 1712 1249 1752 partem.
1270 1706 1423 1751 exceptis
1440 1706 1560 1751 paucis
1579 1707 1679 1739 terris
1697 1712 1732 1739 et
1746 1704 1973 1748 molendinis7

461 1779 551 1811 qnae
567 1779 628 1811 per
647 1765 803 1799 lidelium
823 1765 1016 1799 oblationes
1036 1771 1346 1810 recuperaverunt.
1369 1764 1475 1805 Quod
1496 1764 1641 1811 quando
1662 1763 1846 1803 acciderit.
1871 1765 1975 1798 verba

461 1838 550 1871 quae
571 1838 589 1859 a
610 1825 801 1870 majoribus
823 1825 950 1858 nostris
971 1824 1171 1869 accepimus
1190 1823 1337 1869 posteris
1356 1823 1541 1857 tradimus.

512 1885 548 1916 ln
565 1884 807 1929 persecutione
823 1883 1073 1925 Normannica.
1091 1895 1161 1928 qua
1175 1883 1289 1916 clerus
1299 1894 1380 1916 cum
1396 1882 1530 1915 civibus
1543 1882 1639 1928 apud
1656 1883 1869 1917 Noviomum
1888 1883 1975 1917 civi-

463 1949 566 1975 tatem
587 1942 832 1975 exulaverant.
859 1948 987 1974 terram
1007 1941 1099 1973 inter
1117 1940 1200 1974 Bias
1221 1947 1256 1974 et
1279 1940 1443 1983 Mairam.
1469 1940 1670 1974 molendina
1692 1953 1837 1987 quoque
1859 1940 1973 1975 Scaldi

461 2002 666 2042 amiserunt.¹
685 2000 729 2033 de
743 2000 844 2045 cujus
853 2000 1067 2033 desolatione
1078 2000 1129 2032 vel
1140 2000 1388 2045 repatriatione
1398 2006 1460 2032 aut
1468 2012 1541 2046 quo
1551 1999 1658 2033 modo
1668 2000 1732 2033 ista
1742 1999 1973 2046 perdiderint„

463 2066 581 2104 postea
591 2058 741 2091 dicetur.
760 2058 862 2091 Nunc
872 2070 954 2091 vero
964 2070 1054 2104 quae
1064 2058 1108 2091 ab
1118 2058 1290 2103 episcopis
1304 2057 1471 2103 dissipata
1484 2058 1573 2101 sint‚
1591 2058 1744 2091 breviter
1756 2058 1973 2093 intimemus.

462 2118 613 2151 Radulfo
631 2118 797 2151 successit
810 2117 844 2150 in
861 2117 1064 2162 episcopatu
1081 2117 1298 2159 Fulcherius‚
1314 2129 1407 2150 anuo
1419 2117 1559 2150 Domini
1569 2116 1801 2161 DCCCCLHl,
1818 2123 1853 2151 et
1861 2117 1974 2151 XVIII

462 2177 641 2209 mensibus
651 2177 815 2222 praefuit.
830 2176 899 2216 Qui
910 2176 1130 2223 negligenter
1138 2188 1210 2209 non
1220 2182 1271 2209 est
1285 2175 1564 2222 praetereundus
1581 2189 1588 2208 :
1606 2176 1664 2210 hic
1678 2176 1828 2210 existens
1837 2177 1978 2222 spurius

463 2236 707 2281 generatione.
731 2247 771 2268 ex
792 2241 891 2280 patre
910 2235 1041 2268 scilicet
1066 2234 1213 2282 ignobili
1238 2240 1361 2277 natus.
1385 2234 1477 2268 filius
1501 2234 1570 2268 fuit
1588 2234 1757 2280 principis
1778 2246 1976 2281 coquorum

464 2295 553 2340 regis
573 2294 755 2326 franciae:
776 2293 837 2339 qui
857 2293 1015 2326 ambiens
1033 2293 1294 2339 episcopatum7
1319 2305 1439 2341 regem
1455 2293 1584 2326 Galliae
1603 2299 1638 2326 et
1655 2293 1842 2339 optimates
1860 2293 1976 2327 curiae

463 2353 536 2396 ejus
552 2352 771 2397 symoniacos
785 2351 902 2385 effecit
914 2379 922 2395 ἢ
939 2364 1070 2398 eosque
1085 2352 1151 2385 sibi
1166 2352 1404 2386 favorabiliter
1418 2351 1694 2386 confoederavit.
1711 2351 1819 2397 Cujus
1833 2350 1977 2385 ordina-

462 2411 511 2443 tio
522 2437 530 2444 .
551 2422 640 2455 quae
659 2417 781 2444 eontra
800 2423 916 2444 sacros
930 2422 1081 2444 canones
1095 2411 1181 2454 fuit,
1198 2423 1303 2444 omne
1319 2417 1460 2456 tempus
1473 2422 1546 2457 quo
1560 2409 1713 2456 praefuit
1726 2415 1848 2443 contra
1862 2409 1975 2443 Deum

463 2475 498 2501 et
512 2480 644 2502 sacram
660 2468 839 2502 ecclesiam
850 2495 859 2511 ⁴,
876 2469 1064 2502 intumuit.
1081 2469 1261 2515 vitamque
1270 2468 1454 2516 indignam
1466 2467 1802 2502 omnimodisduxit.
1819 2466 1976 2513 Adeptus
