2118 3184
416 417 675 453 CHRONICON
698 418 909 453 BALDUINI
931 416 1234 453 MNOVOENSIS.
1518 418 1586 453 6:23

78 531 236 558 revectus
249 531 312 558 est.
331 525 402 559 lloc
417 531 587 571 tempore,
605 537 697 558 anno
713 524 882 558 MCLXlV
899 524 1111 558 conditionis
1125 537 1220 567 suae,
1242 526 1351 559 Roma
1361 532 1461 571 capta
1479 532 1529 559 est
1545 526 1588 559 ab

80 583 215 617 Alarico
235 596 316 632 rege
337 584 616 631 Wisigothorum
630 610 638 626 ,
659 584 720 629 qui
743 583 919 617 fatebatur
941 583 1100 629 quotidie
1120 585 1184 618 sibi
1203 583 1394 631 quemdam
1418 583 1589 619 adstitisse

78 641 254 676 dicentem
277 655 284 675 ε
308 642 418 689 Ρειῃο
435 648 466 675 οι
484 641 631 676 Romam
647 642 798 675 destrue.
822 641 889 675 Sed
910 643 1012 675 tertio
1031 642 1088 676 die
1106 655 1187 676 eum
1207 643 1278 676 suis
1292 655 1452 690 egressus
1470 642 1588 676 subito

79 701 114 734 in
142 700 322 734 redeundo
348 700 508 733 moritur.
540 700 699 733 Ataulfus
720 700 750 733 ei
774 699 964 733 succedens
996 701 1141 734 Romam
1169 700 1274 743 redit,
1303 700 1401 747 quod
1429 701 1588 735 relictum

78 767 153 794 erat
170 759 327 801 abradit,
351 758 526 793 Placidam
541 771 697 793 sororem
718 759 859 792 Honorii
874 766 1011 805 captam
1033 760 1096 793 sibi
1118 772 1262 793 uxorem
1286 760 1381 794 facit.
1406 760 1544 794 Ataulfo
1571 774 1588 793 a

77 819 149 852 suis
166 824 349 864 perempto
363 844 370 851 .
391 817 548 851 succedit
566 817 741 866 Sigericus
762 818 956 858 Hono¹·ius;
978 819 1061 864 quia
1084 819 1118 851 in
1140 819 1210 852 Deo
1230 819 1400 864 speravit,
1423 819 1588 852 liberatus

78 883 130 910 est
147 888 167 910 a
186 876 296 909 malis.
320 875 407 909 Nam
432 882 605 921 receptam
626 888 644 909 a
663 876 862 922 captivitate
881 888 1036 910 sororem
1058 875 1119 909 dat
1142 889 1286 910 uxorem
1307 876 1508 911 Constantio
1528 889 1588 911 co-

78 934 175 977 miti,
202 946 243 968 ex
269 946 341 980 quo
363 934 486 982 genuit
504 934 808 975 Valentinianum,
833 934 894 980 qui
918 934 1101 980 imperavit
1123 941 1201 979 post
1224 934 1431 968 Honorium.
1457 935 1589 969 Rursus

77 999 262 1040 perempto
275 992 444 1041 Sigerico.
467 999 589 1041 regnat
605 992 728 1026 wallia
743 992 922 1036 zozimus,
944 993 1014 1027 imo
1028 992 1203 1038 praesidet
1217 993 1263 1039 iiij
1282 994 1382 1027 annis
1397 994 1448 1028 vel
1462 1006 1590 1028 secun-

77 1051 165 1086 dum
185 1050 358 1098 quosdam
377 1063 449 1085 uno
466 1057 627 1092 tantum,
649 1050 793 1097 quidam
814 1051 938 1085 ultimo
958 1063 1050 1085 anno
1070 1051 1157 1097 cycli
1178 1063 1242 1096 pro
1261 1052 1469 1086 embolismo
1488 1064 1587 1087 com-

77 1122 222 1144 munem
248 1122 380 1144 annum
405 1116 562 1143 tenentes
591 1110 625 1142 in
651 1109 804 1143 Paschae
830 1110 980 1143 termino
1002 1109 1167 1143 errabant
1193 1110 1254 1156 qui
1276 1108 1396 1144 divino
1420 1112 1588 1146 miraculo

77 1168 343 1202 coercebantur.
364 1167 451 1202 Nam
475 1179 567 1213 aqua
585 1179 676 1214 quae
694 1179 756 1213 per
773 1179 809 1200 se
828 1168 863 1200 in
883 1168 1016 1201 fontem
1041 1167 1204 1213 baptismi
1225 1168 1413 1202 ascendere
1432 1170 1566 1204 solebat
1578 1198 1585 1204 .

77 1239 148 1262 non
162 1227 343 1274 apparuit,
361 1226 517 1273 legitimo
532 1232 689 1272 ternpore
702 1237 887 1271 apparens.
905 1226 1066 1260 Zozimus
1081 1238 1170 1272 papa
1184 1225 1339 1260 decrevit
1352 1239 1492 1261 cereum
1507 1229 1588 1262 sab—

77 1287 160 1320 bato
176 1291 297 1319 sancto
317 1284 470 1318 Paschae
489 1283 663 1317 benedici.

125 1343 245 1378 Franci
260 1354 379 1389 regem
395 1341 524 1375 habere
537 1347 732 1387 coeperunt
742 1367 750 1382 .
773 1340 1063 1374 pharamundum
1076 1367 1084 1383 ,
1107 1340 1331 1374 Marchomiri
1346 1341 1446 1376 ducis
1460 1344 1586 1378 filium.

77 1403 143 1438 sibi
161 1401 375 1436 ordinantes.
394 1399 595 1434 Bonifacius
613 1412 702 1445 papa
720 1400 820 1433 annis
842 1400 872 1445 vj
889 1398 1090 1445 praesidens
1107 1426 1115 1442 ·‚
1138 1411 1220 1433 eum
1240 1406 1362 1433 contra
1384 1413 1466 1435 eum
1485 1403 1588 1436 Eula-

78 1463 144 1496 lius
162 1460 399 1502 ordinaretur,
421 1458 539 1493 sedem
560 1459 734 1501 obtinuit,
753 1459 836 1505 quia
851 1459 947 1504 prior
964 1457 1147 1491 ordinatus
1165 1465 1252 1491 erat.
1271 1458 1334 1492 Hic
1348 1458 1502 1494 decrevit
1516 1473 1590 1495 ser-

77 1533 162 1555 vum
187 1526 222 1554 et
243 1518 435 1553 obnoxium
458 1518 575 1552 curiae
600 1517 653 1551 vel
671 1517 858 1563 cujuslibet
880 1517 949 1559 rei,
973 1517 1140 1551 clericum
1162 1529 1234 1550 non
1258 1517 1354 1550 fieri:
1377 1524 1411 1551 et
1432 1525 1471 1552 ut
1494 1520 1588 1553 nulla

78 1579 204 1614 mulier
216 1578 343 1625 pallam
362 1584 423 1611 aut
440 1589 573 1611 sacram
592 1583 722 1610 vestem
740 1576 923 1624 contingat
939 1576 992 1609 vel
1012 1576 1194 1609 incensum
1207 1583 1328 1622 ponat.
1351 1576 1391 1610 ln
1410 1577 1588 1612 Bethleem

77 1639 317 1683 Jheronymus
338 1635 472 1682 quievit
488 1635 523 1669 in
541 1634 680 1669 Christo
705 1635 727 1680 ij
748 1635 814 1669 kal.
839 1634 1020 1678 Octobris,
1046 1635 1167 1668 aetatis
1189 1647 1281 1669 anno
1303 1636 1398 1677 xcix3
1422 1636 1586 1670 eumdem

78 1707 267 1732 numerum
286 1694 465 1740 complens
490 1694 576 1727 alter
594 1700 733 1727 sanctae
756 1693 817 1727 Dei
836 1693 1015 1741 genitricis
1034 1693 1213 1736 minister,
1234 1705 1341 1738 quem
1360 1700 1394 1727 et
1411 1694 1588 1728 Johannes

78 1754 308 1803 evangelista,
335 1752 380 1787 de
402 1764 475 1799 quo
498 1751 645 1798 quidam
672 1752 709 1786 in
730 1752 862 1786 visione
889 1758 1064 1786 nocturna
1092 1751 1182 1785 inter
1204 1751 1288 1785 alios
1315 1752 1444 1786 multos
1469 1764 1588 1787 versus

77 1811 268 1861 quemdam
287 1810 386 1857 quasi
406 1811 441 1843 in
459 1809 580 1844 codice
599 1810 773 1858 legentem
792 1810 876 1844 istos
895 1809 1029 1844 audivit
1046 1822 1052 1842 :

526 1910 637 1937 Graecia
650 1911 771 1938 miratrix
785 1910 860 1937 nullo
876 1910 936 1946 plus
949 1910 1050 1946 gaudet
1059 1910 1188 1936 alumno:

526 1958 553 1984 Si
568 1959 720 1985 numeravit
735 1968 799 1984 avos
813 1963 940 1993 repetens
952 1957 986 1983 ab
1000 1957 1104 1993 origine
1118 1957 1204 1992 prima
1217 1977 1223 1989 ‚

525 2004 589 2031 Plus
602 2015 683 2041 quam
696 2005 826 2031 laudatur
841 2010 880 2031 est
894 2004 966 2040 quod
983 2004 1110 2030 laudetur
1121 2005 1147 2029 in
1165 2003 1220 2030 illo.

129 2097 283 2132 Honorio
301 2096 491 2140 defuncto,
517 2095 738 2130 Theodosius
756 2095 1039 2129 Valentinianum
1055 2120 1063 2137 ,
1088 2095 1214 2128 amitae
1232 2107 1315 2128 suae
1334 2095 1466 2138 filium.
1488 2096 1586 2143 regni

79 2162 278 2191 consortem
296 2154 476 2197 adsciscit,
499 2155 676 2200 imperans
694 2165 776 2187 cum
795 2165 837 2187 eo
856 2154 956 2187 annis
973 2153 1066 2199 xxiiij
1081 2180 1089 2196 ,
1108 2154 1273 2199 cumjam
1288 2153 1362 2186 sine
1380 2154 1456 2199 ipso
1472 2153 1588 2200 impe-

80 2221 189 2249 rasset
201 2214 301 2248 annis
319 2226 350 2247 v.
369 2213 581 2248 Caelestinus
598 2225 707 2258 papa,
730 2213 791 2258 qui
815 2212 872 2258 viij
897 2212 996 2246 annis
1011 2218 1045 2245 et
1064 2211 1212 2245 dimidio
1226 2211 1334 2255 sedit,
1352 2212 1535 2246 constituit
1549 2219 1589 2246 ut

80 2273 124 2308 de
144 2271 317 2307 Davidieis
339 2272 480 2318 psalmis
499 2271 652 2317 excerpti
672 2271 856 2314 introitus,
874 2269 1054 2318 gradualia
1072 2276 1107 2303 et
1128 2269 1324 2313 offertoria,
1347 2276 1428 2303 ante
1446 2276 1481 2303 et
1497 2269 1589 2303 inter

79 2330 349 2366 sacrificandum
372 2335 595 2364 canerentur.
620 2329 729 2362 Antea
752 2340 823 2362 non
849 2328 915 2361 nisi
938 2327 1040 2361 lectio
1062 2328 1114 2361 vel
1137 2327 1283 2373 epistola
1308 2334 1342 2360 et
1367 2328 1588 2375 evangelium

79 2396 218 2424 tantum
238 2389 464 2423 recitabatur.
483 2387 690 2422 Gensericus
702 2413 710 2429 ,
727 2398 786 2420 rex
804 2385 1059 2420 wandalorum
1071 2413 1079 2429 ,
1096 2392 1197 2432 capta
1215 2386 1369 2432 Hyspali,
1386 2398 1467 2420 cum
1482 2386 1589 2432 impie

81 2448 191 2482 elatus
209 2447 244 2481 in
259 2447 439 2481 ecclesiam
456 2446 564 2492 ipsius
580 2444 728 2479 civitatis
747 2444 912 2487 irrueret,
930 2456 1010 2477 mox
1025 2456 1044 2477 a
1059 2443 1230 2477 daemone
1245 2450 1428 2490 correptus
1443 2444 1586 2478 interiit.

81 2505 143 2540 Cui
162 2504 364 2540 Gundricus
382 2505 488 2538 frater
509 2503 655 2537 Arianus
668 2501 836 2536 succedit.
856 2502 980 2535 Beatus
1001 2501 1154 2535 Albanus
1169 2501 1369 2549 Maguntiae
1384 2502 1588 2548 martyriza-
