2137 3131
448 384 490 418 31

494 396 519 417 4

787 375 963 414 CORPUS
989 369 1320 409 CHRONICORUM
1347 368 1611 404 FLANDRIAE.

862 483 902 515 In
920 482 997 527 ipso
1017 479 1246 525 reperiuntur

763 539 834 574 2210
860 540 1034 573 Personae
1053 548 1145 583 quae
1165 540 1433 582 promoventur.

863 596 1018 638 Quidam
1037 596 1129 628 fiunt
1147 593 1322 640 episcopi,

862 656 1018 699 Quidam
1037 653 1296 700 archiepiscopi
1310 679 1319 693 7

863 715 906 748 Et
924 715 961 748 in
980 726 1021 747 eo
1041 713 1165 747 vivunt
1183 710 1268 744 tales

864 774 935 815 Qui
954 778 1146 806 sumuntur
1163 768 1358 803 cardinales

768 833 839 868 2215
866 833 893 867 A
911 830 1040 865 sanctis
1058 828 1288 875 pontificibus
1301 854 1309 869 7

867 889 1026 924 Dominis
1047 886 1286 921 cardinalibus

865 949 1085 984 consensum
1104 958 1209 979 suum
1229 941 1433 990 praebendo
1446 968 1454 983 7

866 1010 916 1042 Ac
934 1008 1041 1041 etiam
1059 1002 1317 1052 promovendo.

867 1068 907 1101 Et
927 1067 975 1101 sic
994 1072 1095 1112 pater
1113 1062 1313 1098 antedictus

770 1128 840 1162 220
869 1126 1116 1161 Sanctissimus
1130 1122 1344 1157 Benedictus

870 1186 923 1220 Ad
942 1196 1124 1219 summum
1143 1182 1279 1228 apicem
1298 1180 1367 1214 fuit

868 1246 1079 1289 Assumptus
1092 1270 1100 1286 7
1121 1242 1206 1288 quia
1224 1240 1356 1274 meruit

871 1301 1024 1345 Quando
1043 1307 1115 1334 erat
1136 1298 1324 1334 cardinalis
1336 1326 1343 1331 .

871 1365 918 1398 Ut
935 1367 1173 1397 assumeretur
1191 1359 1282 1393 talis.

775 1422 846 1457 225
872 1423 915 1456 Et
934 1419 1118 1455 monachis
1136 1418 1191 1452 via
1208 1423 1285 1450 tuta

874 1481 961 1514 Data
979 1478 1048 1512 fuit
1066 1489 1130 1523 per
1148 1481 1290 1509 statuta.

873 1539 966 1572 Deus
985 1536 1045 1570 det
1061 1533 1161 1582 quod
1179 1534 1269 1567 bene
1288 1537 1429 1566 servent

872 1597 915 1631 Et
932 1597 969 1630 in
987 1595 1036 1629 eis
1054 1590 1299 1641 perseverent!

1014 1727 1067 1761 De
1087 1723 1269 1760 *monachis
1291 1725 1417 1770 nz'gsrz's.

879 1843 1115 1880 Postmodum
1133 1848 1233 1888 pater
1250 1839 1365 1874 fidelis

782 1905 852 1942 230
878 1905 1006 1939 Volens
1025 1902 1185 1936 resistere
1203 1899 1280 1933 telis

878 1962 1016 1998 Inimici
1035 1967 1070 1994 et
1088 1959 1254 2001 Satanae7

880 2022 951 2064 Qui
970 2031 1108 2066 semper
1127 2029 1204 2052 sero
1223 2023 1257 2050 et
1276 2028 1381 2049 mane

879 2081 1034 2115 Infestus
1053 2084 1105 2112 est
1124 2075 1324 2111 christianis
1337 2101 1345 2117 7

880 2140 952 2173 Nec
971 2144 1023 2171 est
1041 2148 1096 2171 ars
1115 2147 1178 2169 sua
1196 2133 1331 2175 inanis7

784 2198 856 2235 ⁵235
883 2198 952 2233 Sed
970 2208 1109 2243 semper
1127 2193 1173 2229 ad
1191 2194 1260 2228 hoc
1278 2191 1398 2240 vigilat
1411 2217 1419 2231 7

883 2258 926 2291 Et
944 2268 1044 2291 suam
1061 2261 1173 2289 artem
1192 2251 1338 2286 inclinat

887 2316 932 2349 Ut
950 2314 1066 2361 capiat
1087 2311 1316 2352 christiano&

885 2373 1027 2408 Faciens
1045 2384 1104 2406 eos
1123 2370 1292 2417 profanos

883 2431 927 2465 Et
943 2431 1035 2465 vitiis
1054 2428 1227 2463 innodare
1240 2455 1248 2471 7

785 2489 856 2524 240
883 2489 925 2523 Et
944 2490 978 2523 in
997 2489 1067 2523 hoc
1085 2499 1231 2534 operam
1249 2485 1351 2525 dareq,
