2118 3184
596 386 819 420 ‹jttltomm
850 388 1016 421 ‚xl-:flunt
1050 388 1087 421 Ll
1119 388 1281 422 311'1515.
1639 392 1699 425 127

178 494 242 540 ipsi
270 507 305 527 se
340 494 570 527 informarent
603 493 791 542 diligenter
827 501 856 527 et
893 496 1120 529 rescriberent
1152 495 1300 530 fideliter
1329 497 1395 530 sub
1425 509 1529 530 manu
1563 498 1700 543 publiea

177 559 308 586 statum
324 552 409 586 dicti
431 553 631 586 monasterii
651 559 683 586 et
699 565 806 586 omne
826 553 912 587 illud
926 581 933 588 ,
951 553 1049 600 quod
1064 555 1152 588 seire
1169 562 1307 600 possent
1321 554 1345 587 ¹.

227 660 428 694 ΟιῑωωτιοΞ
453 667 571 694 autem
595 662 684 694 faeta
708 661 907 694 camerariis
934 661 1069 695 domini
1091 674 1200 708 papae
1227 669 1258 695 et
1283 662 1511 696 dominorum
1539 662 1702 696 cardina—

176 720 261 753 lium
287 718 441 753 aseendit
463 718 507 752 ad
531 731 706 752 summam
732 720 849 752 noxios
871 719 962 752 mille
987 727 1017 753 et
1041 720 1255 768 quingentos
1277 721 1426 754 {loru-nos·
1449 721 1492 754 d«-
1515 721 1699 754 Florentia.

180 778 302 811 Debita
318 784 436 811 autem
458 790 548 824 quae
567 777 792 811 debebantur
808 779 1062 812 mercatoribus
1081 780 1214 813 curiam
1239 793 1420 813 romanam
1448 780 1679 826 sequentibus
1692 807 1700 822 ,Ι

176 838 212 870 in
235 837 367 883 quibus
388 850 423 869 se
445 837 612 884 obligavit
636 837 745 870 abbas
771 837 1035 872 'l'beodorieus-
1062 845 1096 872 et
1124 839 1203 872 fecit
1229 846 1443 872 conventum
1478 839 1705 884 personaliter

176 895 351 943 obligare.¹
381 895 614 929 ascenderunt
649 896 789 930 circiter
821 896 865 929 ad
893 909 1068 930 summam
1098 898 1204 931 trium
1230 898 1378 931 millium
1399 905 1431 931 et
1465 905 1703 931 trecentorum

177 953 393 987 florenorum
413 954 457 987 de
478 954 662 988 Florentia.
684 954 721 987 tit
739 954 802 987 fuit
821 955 1016 1002 obligatum
1032 955 1182 1002 duplum
1198 968 1280 989 cum
1296 957 1455 1002 expensis
1469 963 1503 989 et
1523 957 1699 990 iuteresse.

176 1012 216 1045 Et
240 1011 472 1045 ascenderunt
503 1012 537 1045 in
570 1018 708 1045 tantum
736 1018 925 1058 antequam
955 1020 1096 1058 possent
1127 1014 1233 1047 solvi.
1262 1021 1432 1060 computo
1465 1015 1574 1048 facto.
1605 1015 1701 1061 quod

175 1082 314 1104 summa
334 1071 399 1104 fuit
422 1070 482 1104 ΥΠ
506 1071 612 1104 millia
628 1078 659 1104 et
679 1071 864 1118 quingenti
882 1070 1018 1105 floreni.
1045 1073 1081 1105 lit
1102 1085 1208 1118 super
1223 1073 1291 1106 boe
1307 1073 1370 1106 fuit
1387 1086 1468 1106 cuni
1485 1073 1533 1106 eis
1553 1085 1702 1106 eoncor-

174 1128 299 1162 datum
324 1135 358 1162 et
379 1129 612 1162 satisfactum.

225 1187 344 1220 Talem
372 1193 503 1220 statum
518 1213 526 1226 .,
556 1194 593 1220 ut
619 1187 871 1232 praemittitur7
893 1188 1025 1220 invenit
1051 1186 1218 1234 Aegidius
1236 1187 1282 1220 Le?
1301 1188 1431 1221 ,stlm'se's
1450 1189 1557 1222 abbas
1578 1202 1703 1235 supra—

174 1244 310 1287 dictusff
333 1251 494 1290 tempore
512 1257 585 1290 quo
605 1245 670 1278 fuit
692 1251 878 1290 promotus
896 1251 932 1277 et
949 1245 1094 1278 electus.

224 1303 294 1338 Nec
317 1309 369 1337 est
389 1302 767 1348 praetermittendum,
793 1301 890 1348 quod
911 1302 994 1336 dicti
1018 1303 1183 1336 monachi
1201 1303 1409 1337 Lambertus
1430 1311 1462 1338 et
1487 1307 1680 1339 (iossuinns
1694 1334 1701 1347 „

175 1367 423 1408 procuratores
442 1359 527 1394 dicti
550 1361 671 1402 electi‚
694 1367 776 1394 ante
796 1360 1066 1406 promissionem
1084 1368 1117 1394 et
1139 1361 1392 1409 obligationem
1411 1369 1443 1395 et
1464 1376 1602 1409 semper
1621 1377 1705 1409 pro-

172 1419 287 1453 testati
307 1424 391 1452 sunt
415 1430 534 1452 coram
557 1418 695 1452 notario
718 1419 931 1464 recipiente7
955 1418 1054 1465 quod
1074 1420 1328 1454 monasterium
1351 1427 1425 1454 erat
1445 1421 1480 1454 in
1501 1428 1595 1455 tanta
1616 1435 1705 1467 pau-

174 1484 310 1525 pertate
323 1484 359 1511 et
373 1477 408 1510 in
425 1484 524 1511 tanto
543 1478 740 1526 obligatum
753 1505 762 1520 ,Ι
779 1477 878 1524 quod
898 1478 996 1512 nullo
1012 1477 1119 1512 modo
1136 1478 1268 1512 clectus
1283 1486 1401 1525 posset
1417 1480 1551 1513 solvere
1571 1487 1703 1514 tantam

173 1548 348 1571 summam
359 1563 367 1579 .,
393 1536 530 1570 notario
553 1535 789 1582 respondente
802 1563 810 1579 7
828 1535 925 1582 quod
941 1535 1139 1570 secundum
1153 1537 1282 1583 stylum
1303 1538 1421 1572 curiae
1436 1538 1621 1584 oportebat
1637 1539 1705 1572 hoc

172 1596 308 1638 facere,
329 1595 412 1629 alias
438 1595 551 1629 bullas
573 1607 644 1628 non
668 1595 859 1636 habcrentq
888 1601 921 1629 et
943 1601 1060 1629 tamen
1079 1602 1160 1629 ante
1179 1603 1214 1629 et
1233 1603 1312 1642 post
1335 1596 1401 1630 fuit
1422 1609 1561 1642 semper
1584 1597 1705 1643 prolo-

173 1661 298 1688 cutum
319 1653 536 1700 impossibile
558 1666 653 1697 esse7
674 1653 773 1700 quod
793 1666 811 1688 a
833 1654 1047 1688 monasterio
1067 1654 1143 1688 talis
1161 1667 1300 1689 summa
1319 1656 1524 1689 solveretur.
1545 1656 1705 1702 Receptis

172 1713 293 1759 itaque
308 1712 413 1746 bullis
431 1712 498 1746 sub
516 1712 574 1745 tati
590 1712 845 1758 protestatione
857 1739 865 1746 .
884 1713 1058 1746 miserunt
1075 1725 1132 1747 eas
1147 1713 1192 1747 ad
1210 1714 1361 1748 electum
1373 1741 1381 1757 ‚
1404 1715 1466 1761 qui
1481 1727 1538 1748 eas
1552 1715 1702 1760 suscepit

175 1782 259 1804 cum
275 1770 470 1804 reverentia
485 1782 555 1816 qua
569 1769 710 1814 decuit,
728 1777 807 1816 post
822 1770 953 1804 festum
969 1771 1158 1805 nativitatis
1175 1772 1327 1805 Domini.
1346 1772 1387 1806 Et
1402 1772 1524 1806 habito
1539 1773 1702 1807 consilio.

174 1828 263 1863 adiit
277 1828 465 1863 dominum
480 1829 686 1875 episcopum
699 1829 959 1863 Tornacensem
974 1837 1055 1863 ante
1069 1829 1205 1864 dictum
1218 1858 1225 1864 .
1244 1838 1278 1865 et
1287 1832 1497 1878 supplicavit
1509 1831 1703 1867 humiliter,

174 1893 214 1921 ut
236 1887 281 1921 ab
298 1899 340 1920 eo
355 1893 471 1933 posset
491 1886 666 1921 benedici.
686 1887 755 1928 Qui
774 1887 992 1933 respondens
1006 1888 1158 1936 gratiose
1171 1916 1179 1931 7
1196 1889 1346 1923 libenter
1361 1902 1397 1923 se
1415 1890 1484 1924 hoc
1504 1891 1680 1924 facturtun
1695 1918 1701 1923 .

174 1958 246 1980 non
271 1951 431 1980 avertens
463 1945 490 1978 si
517 1945 653 1992 aliquid
684 1946 871 1989 deficerct2
901 1953 935 1980 et
967 1947 1060 1981 diem
1088 1947 1277 1995 assignavit
1304 1949 1340 1982 in
1366 1948 1424 1982 die
1450 1949 1705 1994 purificationis

175 2004 328 2052 Virginis
349 2003 535 2052 gloriosae.
562 2005 603 2038 Et
629 2005 760 2040 electus
785 2005 923 2039 studuit
944 2006 1009 2040 sibi
1035 2006 1220 2052 providere
1239 2006 1283 2041 de
1303 2007 1445 2041 duobus
1464 2007 1651 2041 abbatibus
1671 2015 1706 2040 et

173 2062 218 2096 de
245 2063 431 2106 omnibus,
455 2075 546 2109 quae
569 2064 754 2111 negotium
782 2064 998 2110 requirebat.
1028 2064 1163 2098 Interea
1186 2064 1304 2099 dictus
1329 2065 1497 2100 dominus
1519 2065 1705 2111 episcopus

174 2122 353 2156 consuluit
367 2121 486 2168 plures
505 2128 540 2155 et
554 2121 708 2166 invenit7
725 2122 824 2169 quod
843 2122 888 2157 de
907 2123 1011 2157 bullis
1029 2136 1099 2157 una
1117 2122 1322 2168 deficiebat7
1339 2124 1502 2158 videlicet
1519 2124 1704 2170 forumju-

175 2181 344 2224 rumenti,
361 2181 436 2214 sine
451 2193 543 2227 qua,
559 2181 693 2227 absque
708 2194 838 2230 magno
849 2182 1006 2228 periculo
1021 2182 1074 2215 sui
1090 2182 1215 2228 ίρείυετ
1233 2182 1335 2229 (non)
1347 2189 1485 2229 poterat
1498 2182 1704 2228 impendere

176 2251 308 2272 munus
327 2238 584 2272 benedictionis
606 2238 846 2282 antedictumg
872 2246 906 2274 et
932 2241 981 2274 sic
1002 2240 1182 2274 mandavit
1205 2241 1316 2275 electo
1339 2242 1374 2274 in
1398 2241 1514 2288 vigilia
1537 2241 1705 2286 purifica—

175 2296 280 2330 tionis
304 2296 426 2341 tarde7
451 2296 549 2343 quod
574 2297 672 2331 nullo
692 2297 801 2331 niodo
822 2297 867 2332 ad
884 2297 978 2332 diem
1005 2299 1069 2333 sibi
1093 2299 1286 2345 praefixum
1309 2305 1543 2346 compareret.
1570 2300 1705 2334 Electus

217 2407 224 2424 ¹
245 2407 378 2442 Sequitur
392 2412 480 2432 status
493 2406 538 2432 ille
553 2407 579 2432 in
595 2407 780 2443 autographo.
967 2413 1090 2444 tempore
1108 2409 1213 2436 electus
1241 2408 1292 2435 suit
1315 2409 1341 2435 in
1364 2410 1490 2436 abbatem
1514 2410 1643 2445 Aessitlius
1673 2411 1706 2436 Li

212 2453 225 2471 ²
239 2453 296 2480 Hoc
309 2453 493 2489 fragmentum
508 2453 619 2488 respicit
632 2458 733 2479 statum
749 2458 775 2479 et
791 2463 837 2480 aes
852 2453 919 2480 atie·
969 2455 1074 2481 Muisr's.

175 2509 240 2526 num
256 2500 413 2527 monasterii
428 2499 514 2526 sancti
527 2499 638 2525 Martini
652 2499 847 2533 Tornaeensis,
862 2509 918 2536 quo
