2137 3131
434 327 504 360 862
768 331 772 334 ”
1047 320 1334 355 APPENDICES.

1131 427 1245 461 CLVI.

443 512 552 558 :iquos
567 512 607 544 cle
625 510 655 543 G
660 507 853 554 rimbeoylze
872 513 903 540 et
920 519 959 539 sa
972 506 1040 551 fille
1059 505 1142 539 Alia·
1156 533 1166 547 ‚
1190 505 1339 539 revident
1357 503 1380 538 ἀ
1398 504 1555 551 l'abhaye
1573 505 1614 539 de
1634 505 1770 540 Nz'nove
1780 533 1790 549 ,
1810 519 1861 540 ml
1880 508 1951 541 bois

607 569 753 601 (l'mmes
773 568 930 599 converti
945 578 986 598 en
1007 567 1165 611 praim'e,
1185 570 1217 597 et
1235 563 1328 597 sz'tue'
1346 562 1369 597 ά
1388 563 1543 597 Rubroc.
1566 585 1610 590 —
1631 564 1770 598 ΝιΝονΕ.

1067 731 1083 752 Α
1104 728 1213 752 Ninove.
1233 728 1305 752 1229.

472 796 524 830 ligo
534 795 633 829 Agnos,
643 794 750 819 domina
762 792 796 818 de
806 792 984 827 Grimbergis.
996 797 1090 817 notum
1102 791 1170 817 facio
1180 791 1372 826 praesentibus
1386 795 1413 816 et
1427 790 1539 822 suturis,
1552 792 1626 827 quod
1637 792 1794 827 praeclarae
1804 792 1950 818 memoriae

433 842 569 868 floran-dns
581 841 705 866 (lominus
717 840 750 865 de
765 839 934 874 Grimbergis
945 860 951 866 ,
968 839 1105 874 quondam
1118 839 1232 864 maritus
1246 848 1322 864 meus
1333 859 1339 869 ,
1354 848 1438 873 agens
1452 838 1478 863 in
1499 839 1642 869 extremis,
1668 839 1741 865 viros
1759 839 1930 865 venerabiles
1941 860 1947 871 ‚

433 891 563 925 fimorum
577 888 610 913 de
627 887 806 916 Camberone,
825 886 992 912 Willelmum
1007 886 1041 912 de
1053 886 1221 921 Grimbergis
1235 890 1261 911 et
1273 884 1447 920 Radulphum
1462 884 1496 911 de
1509 885 1603 911 Ninive
1614 885 1728 912 abbates
1744 895 1774 912 ac
1788 886 1947 922 magistrum

434 936 569 963 Nicolaum
586 935 619 961 de
639 935 739 968 Ellam,
762 943 826 960 snos
846 933 959 968 reliquit
981 934 1221 963 testamentarius,
1246 932 1391 958 conserens
1409 933 1448 958 eis
1466 933 1580 959 liberam
1602 938 1764 968 potestatem
1786 934 1951 960 emendandi

433 984 545 1017 injurias
559 992 626 1018 quas
639 982 711 1013 fecit,
723 986 750 1008 et
761 981 924 1007 restituendi
936 980 1057 1007 ecclesiis
1068 986 1095 1006 et
1107 980 1230 1016 personis
1242 989 1273 1005 ea
1285 989 1356 1015 quae
1368 989 1428 1006 cum
1441 980 1547 1006 viveret
1560 985 1671 1016 praeter
1682 981 1816 1007 rationem
1829 981 1949 1007 debitam

432 1031 583 1066 usurpavit.
599 1031 683 1055 Porro
698 1030 726 1055 S.
743 1029 776 1054 de
792 1028 959 1054 Camberone
974 1033 1001 1054 et
1017 1028 1168 1054 Willelmus
1184 1028 1217 1053 de
1232 1026 1417 1063 GrimbergiS,
1434 1027 1548 1053 abbates
1559 1048 1566 1060 ‚
1585 1037 1616 1054 ac
1634 1029 1764 1063 magister
1778 1027 1905 1054 Nicolaus
1915 1028 1949 1055 de

432 1078 513 1104 Ellam
528 1076 685 1112 diligentius
700 1077 838 1101 intuentes
851 1074 989 1109 quoddam
1005 1074 1179 1111 privilegium
1198 1075 1226 1100 in
1240 1084 1296 1109 quo
1317 1074 1503 1109 possessiones
1517 1074 1652 1109 quaedam
1668 1075 1838 1110 pertinentes
1852 1075 1886 1101 ad
1905 1084 1950 1102 ec-

432 1125 538 1151 clesiam
554 1124 725 1150 Ninivcnsem
741 1122 851 1158 speciali
868 1123 976 1148 nomine
991 1127 1056 1148 suut
1070 1131 1230 1157 expressae,
1246 1121 1351 1157 liquido
1365 1126 1553 1157 cognoverunt
1567 1122 1641 1157 quod
1657 1122 1767 1148 circiter
1777 1131 1823 1148 sex
1836 1121 1952 1148 dietaria

434 1173 517 1208 prati⁷
533 1180 628 1206 parum
643 1170 703 1206 plus
716 1169 758 1196 vel
770 1170 859 1196 minus
868 1190 874 1201 ⁷
885 1169 1004 1202 jacentis
1018 1169 1117 1195 subtus
1127 1169 1231 1195 curiam
1244 1168 1278 1194 de
1292 1168 1412 1194 Rohronc
1421 1188 1428 1199 ,
1445 1168 1520 1203 quod
1532 1168 1671 1204 quondam
1681 1173 1741 1194 erat
1752 1169 1873 1194 alnetum
1885 1169 1948 1195 etin

433 1220 526 1246 eodem
542 1218 685 1253 privilegio
695 1216 775 1242 etiam
788 1222 902 1242 vocatur
915 1215 1051 1247 alnetum⁷
1068 1215 1185 1242 liberum
1201 1217 1236 1241 sit
1249 1215 1379 1241 allodium
1394 1215 1547 1241 Ninivensis
1563 1215 1694 1242 ecclesiae
1705 1236 1711 1247 ,
1729 1221 1756 1241 et
1773 1215 1848 1251 quod
1863 1215 1950 1243 fundo

434 1267 504 1293 illius
518 1266 612 1293 alneti,
625 1273 697 1290 nunc
707 1263 739 1289 ad
755 1269 862 1298 pratum
874 1264 994 1296 redacti,
1005 1263 1162 1299 praedictus
1170 1262 1202 1289 G.
1214 1263 1327 1288 maritus
1340 1272 1416 1288 meus
1427 1263 1486 1289 sine
1496 1272 1578 1289 causa
1587 1268 1614 1288 et
1627 1263 1728 1296 injuste
1741 1263 1900 1289 destituerit
1910 1272 1951 1290 ec-

433 1314 539 1340 clesiam
554 1316 728 1338 memoratam
745 1316 858 1346 propter
877 1311 950 1347 quod
967 1311 1110 1346 privilegio
1133 1310 1171 1336 illi
1185 1310 1249 1337 dicti
1264 1310 1378 1336 abbates
1395 1315 1421 1336 et
1436 1311 1565 1346 magister
1581 1310 1728 1337 Nicholaus
1748 1311 1865 1337 firmiter
1883 1311 1950 1337 inni-

433 1367 519 1387 tentes
534 1365 640 1395 pratum
661 1358 847 1393 supradictum
868 1358 1070 1385 restituendum
1090 1367 1150 1384 esse
1166 1358 1304 1384 Ninivensi
1318 1357 1448 1384 ecclcsiae
1461 1358 1628 1383 unanimiter
1638 1358 1801 1392 judicarunt
1811 1378 1818 1389 ,
1833 1357 1897 1384 inde
1909 1363 1951 1384 est

434 1408 564 1443 quodego
573 1411 599 1432 et
607 1406 689 1432 Alicia
703 1405 788 1439 major
797 1410 861 1431 natu
874 1405 929 1431 filia
940 1415 998 1431 mea
1009 1405 1212 1440 praedictorum
1223 1405 1345 1431 virorum
1358 1405 1384 1430 in
1398 1404 1447 1430 hae
1459 1409 1536 1439 parte
1548 1405 1639 1430 sensui
1648 1409 1675 1431 et
1683 1406 1836 1432 sententiae
1847 1405 1951 1440 pariter

433 1455 610 1480 adhaerentes
621 1453 721 1478 dictum
735 1452 849 1478 fundum
860 1453 925 1478 dicti
937 1453 1020 1478 alneti
1032 1462 1104 1478 nunc
1114 1453 1146 1478 ad
1157 1457 1264 1488 pratum
1274 1452 1389 1483 redacti⁷
1399 1452 1478 1478 sicuti
1489 1452 1558 1477 situs
1571 1452 1650 1478 estin
1661 1453 1718 1478 suis
1728 1454 1904 1480 continentiis
1915 1453 1949 1479 ad

435 1501 583 1537 praefatam
595 1501 765 1526 Ninivensem
777 1500 917 1526 ecclesiam
929 1500 1037 1534 dejure
1050 1500 1190 1535 pertinere
1202 1500 1423 1535 recognoscimus
1437 1504 1464 1525 et
1474 1499 1534 1533 ejus
1546 1499 1663 1525 liberum
1675 1509 1734 1526 esse
1745 1500 1875 1527 allodium
1888 1510 1950 1537 pro-

433 1550 552 1580 fitemur,
565 1557 596 1574 eo
610 1547 738 1573 libentius
750 1547 845 1573 adhoc
861 1547 1014 1573 faciendum
1026 1552 1150 1573 nostrum
1165 1548 1283 1572 animum
1299 1546 1475 1578 inclinantes,
1492 1546 1647 1581 quodcirca
1659 1546 1774 1573 salutem
1784 1548 1890 1574 animae
1903 1548 1950 1575 do-

436 1597 499 1622 mini
515 1595 626 1622 Gerardi
642 1595 771 1621 carissimi
791 1595 877 1621 nostri
893 1595 1021 1629 majorem
1040 1595 1161 1631 gerimus
1177 1594 1388 1620 sollicitudinem
1405 1599 1432 1620 et
1452 1593 1578 1629 ampliori
1591 1594 1727 1620 desiderio
1742 1595 1900 1622 affectamus
1918 1600 1950 1622 ut

435 1652 560 1669 concessa
573 1643 597 1669 ei
614 1651 725 1668 suorum
739 1643 817 1668 venia
831 1642 994 1668 delictorum
1007 1648 1135 1669 aeternae
1149 1642 1327 1668 beatitudinis
1337 1642 1457 1677 praemia
1470 1646 1666 1677 consequatur.
1684 1641 1827 1669 Caeterum
1841 1653 1876 1670 ne
1889 1644 1951 1679 quis

434 1699 515 1725 super
529 1690 674 1725 praedictis
689 1699 734 1715 sex
750 1689 872 1716 dietariis
890 1691 977 1725 prati,
995 1690 1051 1716 sive
1068 1690 1129 1726 plus
1145 1691 1201 1716 sive
1213 1690 1301 1715 minus
1314 1690 1349 1715 sit
1360 1711 1366 1721 ,
1386 1689 1449 1715 inde
1463 1689 1635 1725 saepedictae
1651 1690 1781 1716 ecclesiae
1797 1691 1949 1726 quamlibet

435 1737 573 1773 querelam
588 1737 698 1771 objiciat
711 1738 736 1763 in
755 1737 878 1763 futurum
889 1759 896 1767 ,
914 1747 1044 1773 praesens
1058 1739 1189 1773 scriptum
1203 1737 1346 1763 continens
1362 1742 1484 1763 tenorem
1502 1738 1698 1773 recognitionis
1713 1743 1822 1764 nostrae
1832 1759 1839 1770 ,
1857 1747 1908 1774 ego
1924 1743 1951 1765 et

438 1784 521 1810 Alieia
535 1785 588 1810 filia
603 1795 660 1811 mea
675 1785 770 1821 sigillis
783 1786 883 1812 nostris
898 1786 1054 1812 censuimus
1069 1786 1266 1813 roborandum.
1282 1785 1377 1812 Actum
1393 1785 1465 1821 apud
1477 1785 1572 1811 Ninive
1584 1806 1590 1817 ‚
1603 1795 1674 1812 anno
1689 1785 1888 1812 Incarnationis
1901 1786 1951 1812 do-

437 1833 549 1858 minicae
560 1832 727 1867 MCCXXIX,
744 1843 834 1860 mense
846 1833 1007 1860 Februario.

1267 1871 1390 1902 Original,
1407 1878 1476 1895 sceau
1487 1878 1517 1895 en
1528 1871 1575 1895 cire
1588 1870 1665 1894 brune
1680 1871 1849 1903 cndommaget

1143 1941 1211 1952 ΙΙ

1116 2100 1246 2134 CLVII.

579 2177 830 2223 Adjuslz'cation
849 2179 890 2212 de
907 2179 1015 2213 douze
1033 2179 1097 2212 sols
1115 2179 1155 2212 de
1176 2192 1307 2213 recena
1323 2178 1345 2212 ἀ
1362 2179 1535 2226 l'abbaye.
1553 2199 1600 2204 —
1614 2179 1795 2213 Rousmn.

1036 2337 1052 2358 Α
1067 2335 1268 2364 ΝεᾱθΓ-Βνθῐςθίε,
1284 2336 1356 2359 1930.

478 2392 614 2419 Walterus
637 2393 756 2420 decanus
774 2395 808 2421 de
830 2395 1039 2430 Geraldimonte,
1055 2396 1182 2422 omnibus
1199 2397 1301 2432 quibus
1322 2406 1451 2432 praesens
1469 2397 1602 2431 scriptum
1626 2396 1720 2422 videre
1738 2396 1900 2432 contigerit,
1922 2396 1949 2421 in

442 2443 613 2473 perpetuum.
628 2439 693 2466 Cum
709 2450 753 2467 res
764 2447 839 2477 gesta
852 2443 955 2477 scripto
965 2448 1117 2478 perennata
1129 2444 1212 2470 totius
1225 2443 1376 2470 calumniae
1390 2444 1503 2470 materia
1521 2444 1716 2479 praeveniatur
1726 2464 1734 2477 ,
1747 2453 1781 2470 ne
1794 2447 1952 2479 praestetur
