2137 3131
353 362 424 398 982
955 345 1245 384 APPENDICES.

360 468 506 496 montensis
514 464 661 492 secundum
673 470 749 487 usum
759 459 864 496 patriae
872 462 898 483 et
906 453 1133 482 consuetudinem
1143 473 1150 485 ‚
1161 450 1378 478 dictusJacobus
1386 449 1503 476 ulterius
1513 449 1618 475 monuit
1627 448 1750 475 homines
1759 447 1879 475 feodales

357 522 448 542 utrum
467 514 556 539 dictus
577 509 702 535 dominus
722 507 806 532 abbas
828 501 1090 530 Geraldimoutensis
1107 499 1142 525 de
1163 498 1243 524 dietis
1255 497 1334 524 bonis
1348 496 1503 523 feodalibus
1517 495 1608 522 facere
1618 500 1715 531 posset
1729 495 1800 522 bona
1814 495 1880 522 hae-

356 561 482 590 reditaria
494 580 500 590 ‚
519 563 545 584 et
563 557 595 583 ad
609 554 804 581 haereditatem
818 551 962 577 reducere.
979 548 1031 584 Qui
1046 547 1171 573 homines
1186 544 1306 571 feodales
1317 544 1516 578 judicaverunt
1529 543 1607 578 prius
1621 551 1705 577 super
1718 542 1771 569 hoc
1785 543 1879 569 moniti

356 607 428 643 quod
445 603 592 631 secundnm
608 610 686 627 usum
698 605 725 626 et
741 596 967 625 consuetudinem
983 594 1088 630 patriae
1104 598 1132 619 et
1142 591 1293 618 secundum
1309 590 1384 626 quod
1399 590 1534 616 hactenus
1548 589 1652 616 exstitit
1665 589 1841 615 observatum
1853 594 1881 615 et

356 654 414 680 fieri
423 652 548 677 viderunt
558 670 563 678 ,
573 649 662 674 dictus
672 646 798 673 dominus
809 644 893 670 abbas
901 640 1164 669 Geraldimontensis
1174 639 1245 666 bene
1253 642 1359 674 posset,
1370 638 1390 663 si
1405 637 1456 663 sibi
1469 637 1604 672 placeret,
1619 636 1692 662 dicta
1700 636 1771 662 bona
1786 636 1879 663 leoda-

356 701 388 726 lia
403 696 583 724 haereditaria
598 695 669 721 bona
680 693 769 719 facere
778 697 804 718 et
815 690 848 716 ad
860 689 1058 716 haereditatem
1069 687 1218 718 reducere,
1233 691 1261 712 et
1273 685 1308 711 ab
1320 683 1479 718 hujusmodi
1492 683 1592 709 feodali
1604 692 1688 709 onere
1704 692 1735 709 ea
1748 682 1878 709 liberare.

355 744 526 781 Quojudicio
543 743 580 769 sic
602 742 635 767 ab
656 739 812 766 hominibus
827 736 981 764 feodalibus
1001 733 1144 770 praefato,
1163 733 1254 759 dictus
1272 732 1400 758 dominus
1421 730 1507 757 abbas
1525 730 1788 757 Geraldimontensis
1806 730 1879 756 dicta

356 794 424 818 bona
445 789 559 816 feudalia
576 786 757 814 haereditaria
778 785 838 811 fieri
858 782 996 810 mandavit
1017 791 1066 817 per
1080 780 1213 807 Jacobum
1229 783 1409 805 memoratum
1431 782 1459 803 et
1472 786 1487 803 a
1505 777 1618 803 servitio
1635 781 1664 803 et
1681 785 1766 802 onere
1780 775 1881 802 feodali

355 847 412 864 csse
428 836 512 862 voluit
527 835 651 861 liberata.
666 833 772 868 Quibus
786 832 823 857 sic
840 830 918 856 saetis
929 850 936 862 ‚
955 828 1045 854 dictus
1058 827 1186 853 dominus
1200 825 1285 852 abbas
1299 824 1467 855 Ninivensis,
1478 823 1587 850 nomine
1601 828 1628 850 et
1643 823 1678 850 ad
1691 833 1761 858 opus
1775 832 1883 849 monas-

356 885 416 911 terii
427 884 469 910 sui
484 881 652 913 ninivensis,
663 879 854 916 perjudicium
865 877 1040 903 scabinorum
1055 884 1103 901 seu
1118 873 1259 909 hospitum
1269 872 1428 906 juratorum
1442 871 1506 897 dicti
1521 871 1624 896 domini
1638 870 1745 897 abbatis
1759 869 1884 896 Geraldi-

358 931 504 958 montensis
522 929 636 955 inferius
657 934 848 962 expressorum
860 945 867 956 ,
885 929 912 950 et
929 932 978 959 per
991 922 1095 949 dictum
1114 921 1248 947 Jacobum
1260 941 1267 952 ‚
1284 919 1334 945 suit
1353 924 1381 945 et
1399 923 1440 944 est
1458 918 1484 944 in
1502 917 1584 944 dictis
1599 917 1710 944 decimis
1729 917 1879 944 secundum

358 977 460 1013 patriae
480 974 705 1002 consuetudinem
723 973 792 998 bene
808 976 835 997 et
851 970 972 1006 legitime
991 967 1195 995 adhaeredatus
1215 971 1242 992 et
1256 965 1402 992 investitus
1419 973 1471 1000 pro
1489 969 1564 991 certa
1581 964 1714 999 pecuniae
1728 965 1884 1000 quantitate

355 1025 426 1050 dicto
439 1022 547 1049 domino
562 1021 654 1047 abbati
665 1017 912 1045 Geraldimontensi
931 1021 959 1043 et
972 1016 1032 1050 ejus
1047 1013 1253 1041 successoribus
1264 1022 1280 1038 a
1293 1012 1437 1048 praedicto
1453 1011 1620 1037 monasterio
1630 1011 1769 1038 Ninivensi
1782 1011 1808 1037 in
1820 1020 1884 1047 per-

356 1075 467 1106 petuum
485 1068 518 1094 ad
533 1066 620 1093 natale
636 1065 743 1091 Domini
760 1064 838 1090 aunis
856 1062 970 1099 singulis
987 1061 1184 1098 persolvenda,
1202 1069 1287 1095 super
1304 1068 1359 1094 qua
1378 1058 1496 1094 pecunia
1515 1058 1646 1093 solvenda
1662 1057 1730 1084 aliae
1745 1063 1802 1084 tres
1819 1063 1885 1084 suut

357 1116 506 1143 confectae.
521 1113 647 1140 Adhibita
659 1113 739 1138 etiam
754 1110 867 1137 suerunt
878 1110 951 1135 circa
965 1108 1115 1144 praemissa
1130 1106 1222 1133 omnia
1237 1111 1265 1132 et
1277 1115 1372 1132 eorum
1387 1105 1534 1140 quodlibet
1547 1104 1638 1130 omnia
1650 1109 1677 1130 et
1692 1104 1801 1141 singula
1813 1114 1885 1141 quae

357 1163 462 1193 solent,
477 1162 577 1187 debent
589 1165 615 1186 et
626 1162 830 1185 consueverunt
840 1157 874 1183 de
884 1156 989 1192 patriae
1000 1154 1201 1182 consuetudine
1212 1154 1239 1179 in
1255 1153 1357 1179 tatibus
1371 1152 1508 1179 adhiberi.
1524 1152 1591 1178 Acta
1600 1157 1663 1178 sunt
1673 1151 1741 1178 haec
1751 1152 1777 1178 iu
1790 1152 1886 1179 Ninive

355 1211 432 1244 juxta
446 1208 545 1234 atrium
556 1228 563 1240 ,
574 1207 641 1233 liora
657 1205 734 1241 quasi
747 1205 844 1231 missae
856 1225 863 1235 ,
878 1212 949 1230 anno
958 1224 964 1236 ³
980 1202 1129 1229 indictione
1140 1222 1147 1233 ‚
1164 1210 1270 1232 mense³
1284 1200 1329 1226 die
1342 1205 1369 1226 et
1382 1200 1546 1235 pontificatu
1559 1199 1721 1235 praedictis,
1734 1201 1888 1235 praesenti-

357 1257 409 1282 bus
420 1255 519 1282 ibidem
537 1253 739 1280 venerabilibus
753 1252 819 1278 viris
833 1251 950 1277 dominis
964 1250 1083 1276 Henrico
1094 1270 1100 1280 ,
1121 1248 1214 1275 divina
1236 1248 1417 1283 permissione
1432 1246 1460 1273 S.
1476 1246 1588 1272 Adriani
1607 1246 1885 1279 Geraldimontensis‚
1926 1255 1933 1258 ·

359 1309 385 1329 et
405 1302 528 1328 johanne
539 1322 545 1332 ,
568 1301 719 1327 Ninivensis
735 1299 964 1325 monasteriorum
985 1297 1150 1330 abbatib1185
1175 1295 1280 1322 Jacobo
1298 1295 1332 1321 de
1349 1294 1508 1326 Bochoute‚
1524 1293 1654 1329 superius
1669 1294 1822 1329 nominato3
1838 1293 1887 1320 Jo-

359 1350 448 1375 hanne
477 1347 638 1377 Delewm-de,-
660 1346 778 1372 Item-ico
789 1366 795 1377 ‚
822 1345 896 1371 dicto
922 1344 1032 1380 ll'nyte5
1052 1343 1179 1369 ,Iohanne
1198 1342 1293 1376 Yderi7
1319 1340 1476 1375 aurifabr03
1497 1340 1623 1366 Johanne
1633 1361 1639 1372 ‚
1662 1339 1720 1366 filio
1745 1340 1884 1376 quondam

364 1395 484 1422 Lambini
495 1393 644 1424 Delu-arde,
660 1398 687 1418 et
700 1401 742 1418 me
758 1392 866 1418 notario
878 1390 948 1417 infra
962 1390 1083 1426 script03
1100 1388 1259 1415 hominibus
1273 1387 1426 1414 feodalibus
1440 1387 1505 1413 dicti
1523 1387 1625 1413 domiui
1640 1387 1748 1413 abbatis
1765 1387 1888 1413 Geraldi-

362 1442 524 1475 montensis;
538 1440 662 1466 Johanne
674 1439 775 1465 Scoude
784 1439 890 1464 Ilarine
899 1443 925 1464 et
939 1438 1021 1463 Petro
1035 1437 1108 1462 dicto
1124 1436 1157 1462 de
1169 1435 1292 1468 Brocho⁷
1304 1435 1436 1467 scabinis,
1449 1444 1496 1461 seu
1506 1434 1663 1470 hospitibus
1672 1434 1882 1470 juratisipsius,

361 1497 464 1515 necnon
475 1487 655 1517 Theoderico,
667 1486 740 1512 dicto
752 1485 857 1519 Keucle,
867 1490 894 1511 et
902 1484 1027 1510 Waltero
1039 1484 1072 1510 de
1087 1483 1154 1509 Lede
1162 1503 1171 1517 7
1181 1483 1293 1515 clerico,
1308 1491 1339 1508 ac
1347 1482 1406 1508 aliis
1415 1481 1544 1517 pluribus
1553 1482 1670 1508 testibus
1681 1481 1777 1508 adhoc
1785 1483 1888 1508 vocatis

359 1535 515 1571 specialiter
528 1540 553 1560 et
567 1535 679 1569 rogatis.
696 1533 845 1559 Praemissa
859 1532 940 1558 etiam
954 1531 1044 1557 omnia
1057 1536 1085 1557 et
1099 1530 1224 1566 singula,
1238 1539 1330 1556 coram
1347 1538 1390 1556 me
1407 1529 1517 1555 notario
1533 1528 1710 1564 infrascripto
1726 1533 1754 1555 et
1771 1528 1888 1555 testibus

361 1581 553 1616 suprascriptis
564 1601 571 1612 ,
588 1580 677 1606 dictus
694 1579 822 1605 dominus
836 1579 921 1604 abbas
941 1577 1203 1604 Geraldimontensis
1222 1575 1360 1607 laudavit,
1378 1576 1543 1611 approbavit
1559 1581 1586 1601 et
1605 1581 1664 1601 rata
1677 1574 1790 1608 hahuit,
1803 1580 1831 1602 et
1845 1575 1889 1602 his

360 1638 439 1654 suum
452 1637 613 1654 consensum
631 1627 758 1662 praebuit
769 1631 796 1652 et
815 1635 954 1652 assensum
963 1646 969 1657 ,
986 1624 1169 1651 mediantibus
1182 1624 1296 1660 triginta
1312 1623 1406 1649 solidis
1419 1623 1562 1659 nigrorum
1577 1622 1776 1658 parisiensibus
1788 1644 1795 1655 ,
1810 1621 1888 1649 sortis

361 1681 388 1701 et
399 1675 527 1710 antiquae
541 1679 665 1700 monetae
676 1694 682 1705 ‚
697 1674 723 1699 in
733 1673 835 1709 grossis
846 1671 1043 1698 turonensibus
1056 1671 1129 1707 regis
1147 1670 1279 1696 Franciae
1294 1670 1416 1705 antiquis
1427 1674 1454 1696 et
1465 1679 1480 1695 a
1494 1679 1545 1695 suo
1558 1669 1681 1705 legitimo
1695 1669 1820 1705 pondere
1832 1678 1887 1696 non

362 1721 509 1753 fraudatis„
525 1720 649 1756 quolibet
662 1729 713 1755 pro
727 1720 819 1745 decem
833 1719 953 1745 denariis
971 1723 999 1745 et
1020 1717 1102 1744 obolo
1119 1717 1262 1753 parisiensi
1276 1717 1418 1752 nigrorum
1438 1717 1596 1748 aestimato,
1613 1717 1696 1742 annui
1717 1721 1744 1742 et
1758 1718 1889 1752 perpetui

362 1768 500 1798 redditus,
510 1767 583 1793 dicto
597 1767 706 1793 domino
720 1766 812 1792 abbati
823 1764 1069 1792 Geraldimontensi
1080 1769 1106 1790 et
1119 1764 1179 1798 ejus
1187 1763 1394 1790 suecessoribus
1406 1762 1441 1789 ad
1453 1762 1544 1789 natale
1557 1762 1666 1789 Domini
1681 1763 1759 1789 annis
1772 1763 1888 1799 singulis

365 1824 378 1840 a
396 1813 534 1850 praedicto
549 1813 711 1840 monasterio
726 1813 863 1839 Ninivensi
880 1808 1080 1848 persolvendis.

1430 1865 1561 1890 eartulaire
1574 1865 1603 1889 de
1617 1865 1726 1890 Malines.

1085 1935 1151 1949 ΙΙ
