2118 3184
560 427 785 462 CHRONICA
815 426 1138 461 TORNACENSIS.
1534 426 1599 461 531

96 537 174 570 lavit
204 537 352 570 Librum
386 536 676 583 comples-ionum.
711 535 869 569 Tertium
900 548 1044 581 quoque
1071 535 1111 569 (le
1137 534 1187 568 Re
1209 540 1241 568 et
1268 533 1361 568 Ente
1387 535 1597 580 composuit.

95 595 135 629 ln
164 595 218 629 his
247 595 361 629 tribus
387 595 527 628 libellis.
557 593 616 628 sed
644 600 678 626 et
706 594 740 626 in
766 594 910 627 caeteris
936 593 1113 639 opusculis
1138 593 1229 632 suis,
1257 604 1327 626 non
1352 604 1387 626 se
1417 592 1599 626 Odonem.

94 653 154 688 sed
178 655 267 688 sicut
295 661 378 687 tunc
402 653 446 686 ab
470 652 635 686 omnibus
654 651 864 685 vocabatur.
895 652 1052 685 nominat
1075 650 1274 685 Odardum.
1296 650 1404 684 Cum¹
1425 663 1508 699 ergo
1529 663 1604 685 ma·—

94 713 202 761 gister
227 711 390 747 Odardus
413 723 477 757 pro
497 711 640 745 scientia
661 722 723 744 sua
745 710 878 756 ubique
897 709 1111 751 laudaretur.
1136 716 1229 743 tanta
1253 710 1482 743 nihilominus
1505 710 1539 743 in
1562 722 1602 743 eo

96 771 273 818 religionis
300 770 450 816 pollebat
479 768 632 817 dignitas
649 795 656 801 .
684 774 720 802 ut
748 780 818 801 non
845 768 962 801 minus
992 780 1055 813 pro
1083 768 1155 813 ipsa
1183 768 1227 801 ab
1253 768 1418 801 omnibus
1444 768 1603 814 undique

94 829 240 863 celebris
268 835 301 862 et
325 828 478 862 famosus
502 828 705 861 haberetur.
734 827 853 867 Quum
884 827 977 860 enim
1001 825 1267 872 praecedentem
1291 833 1325 860 et
1350 826 1394 860 ad
1424 827 1603 861 ecclesiam

93 886 298 921 tendentem
322 885 558 920 ducentorum
588 886 659 919 fere
686 885 894 919 clericorum
919 885 1123 927 cohortem.
1154 885 1298 918 ultimus
1319 885 1393 931 ipse
1416 898 1480 919 suo
1508 898 1603 919 more

94 946 379 992 subsequebatur
396 972 404 988 ·,
432 945 485 978 vix
513 945 549 978 in
575 945 694 990 aliquo
720 944 977 978 districtissimo
1010 944 1266 978 monachorum
1295 944 1465 978 coenobio
1492 945 1605 990 majo-

94 1017 168 1040 rem
203 1005 359 1039 invenire
393 1005 564 1051 potuisses
601 1003 819 1051 religionem.
860 1003 983 1037 Nullus
1017 1004 1110 1036 enim
1145 1003 1240 1037 socio
1275 1003 1427 1049 colloqui
1445 1030 1453 1046 7
1488 1003 1604 1037 nullus

93 1063 229 1105 ridere.v
264 1075 378 1109 neque
403 1062 545 1096 dextera
574 1062 740 1108 laevaque
766 1061 817 1094 vel
846 1060 1026 1095 modicum
1054 1061 1174 1094 oculos
1198 1062 1445 1107 praesumebat
1474 1061 1605 1095 deflec-

94 1129 180 1156 tere.
204 1122 269 1155 Ubi
290 1133 372 1154 vero
392 1121 426 1154 in
447 1121 597 1154 chorum
616 1126 760 1153 ventum
780 1126 885 1162 esset3
911 1118 1089 1164 superflue
1108 1119 1233 1165 aliquis
1254 1118 1481 1153 districtionis
1504 1132 1606 1153 causa

93 1181 200 1215 alium
223 1180 428 1214 Cluniacum
447 1179 650 1226 quaesisset.
670 1179 718 1212 De
732 1178 1077 1224 frequentationibus
1093 1190 1198 1223 porro
1217 1177 1447 1220 feminarum„
1469 1178 1513 1211 de
1534 1178 1604 1211 cri—

94 1240 192 1274 nium
214 1251 274 1272 seu
299 1238 447 1272 vestium
469 1237 761 1282 incompositione
784 1236 837 1269 vel
861 1236 1045 1275 similium.
1067 1247 1158 1281 quae
1176 1234 1282 1269 hodie
1301 1236 1428 1281 passim
1453 1237 1603 1269 exerceri

93 1297 265 1339 videmusff
283 1296 465 1338 abusione,
483 1306 740 1341 supervacuum
755 1300 807 1327 est
821 1292 955 1339 aliquid
969 1293 1102 1331 dicere:
1120 1293 1288 1339 quoniam
1307 1293 1511 1338 hujusmodi
1531 1306 1605 1340 pes-

93 1363 145 1390 tes
163 1356 237 1389 sine
253 1354 364 1388 dubio
378 1360 440 1387 aut
456 1353 575 1387 schola
592 1353 796 1398 pepulisset,
817 1358 878 1385 aut
892 1351 1031 1385 scholae
1046 1352 1286 1399 magisterium
1302 1352 1375 1397 ipse
1393 1352 1601 1398 reliquisset.

94 1414 196 1449 Tanti
211 1419 389 1460 praeterea
404 1412 529 1460 rigoris
543 1417 633 1454 erat,
650 1417 690 1444 ut
704 1410 841 1444 nullum
857 1410 1003 1443 omnino
1018 1409 1144 1443 la'i'cum
1159 1409 1296 1457 ingredi
1311 1410 1503 1444 claustrum
1518 1410 1605 1444 hora

94 1471 232 1521 legendi
250 1471 481 1517 permitteret.
499 1470 587 1504 Nam
606 1481 687 1503 cum
706 1475 787 1502 ante
801 1468 876 1514 ejus
889 1467 1082 1502 adventum
1101 1468 1228 1502 milites
1242 1475 1277 1502 et
1294 1468 1386 1502 cives
1403 1468 1447 1502 ad
1463 1469 1605 1502 audien-

94 1531 156 1566 das
169 1537 204 1565 et
220 1528 506 1564 determinandas
518 1529 674 1563 forenses
693 1540 831 1571 causas7
852 1540 893 1561 ex
909 1527 1164 1561 consuetudine
1183 1527 1335 1561 claustro
1354 1528 1606 1561 canonicorum

94 1589 192 1624 abuti
217 1589 309 1623 soliti
336 1594 451 1622 essent
468 1615 476 1631 7
506 1588 553 1621 ita
574 1588 647 1633 jam
671 1599 730 1621 eos
751 1598 873 1620 omnes
898 1587 1039 1632 penitus
1063 1585 1188 1620 exinde
1211 1586 1471 1629 eliminaverat.
1497 1594 1536 1620 ut
1562 1600 1605 1621 ne

95 1649 212 1694 ipsum
233 1646 379 1694 quidem
399 1645 633 1689 Everardum,
654 1645 937 1692 potentissimum
960 1645 1118 1691 ejusdem
1143 1645 1240 1679 urbis
1267 1646 1514 1689 castellanum7
1543 1647 1605 1692 qui

95 1706 277 1740 castellum
300 1705 505 1740 Moritaniae
532 1711 633 1738 antea
659 1716 803 1750 prorsus
829 1703 1102 1751 inexpugnabile
1128 1703 1253 1737 eodem
1283 1710 1443 1750 tempore
1465 1704 1605 1738 militari

93 1764 300 1799 strenuitate
323 1763 493 1797 violenter
514 1769 657 1809 captum
678 1761 837 1796 dominio
855 1762 1067 1796 Tornacensi
1091 1761 1297 1805 addiderat,
1318 1774 1383 1808 pro
1400 1762 1605 1808 hujusmodi

94 1822 207 1857 causis
225 1834 290 1856 nec
305 1821 350 1856 ad
369 1821 494 1856 horam
509 1820 654 1868 quidem
673 1821 710 1854 in
723 1833 765 1854 eo
780 1820 932 1855 residere
946 1821 1182 1867 permitteret,
1204 1821 1284 1855 licet
1297 1833 1379 1855 eum
1395 1820 1520 1855 exinde
1535 1833 1605 1855 non

96 1893 221 1928 parum
247 1879 379 1914 offendi
406 1880 523 1914 sciret.
551 1879 647 1913 Nihil
667 1879 761 1912 enim
784 1879 902 1912 minus
925 1891 1032 1925 quam
1056 1879 1203 1924 injustas
1227 1878 1377 1913 divitum
1403 1879 1456 1912 vel
1479 1886 1606 1925 poten-

95 1940 184 1974 tium
195 1939 263 1973 iras
274 1938 555 1985 pertimescebat,
573 1950 814 1986 magnumque
824 1936 979 1971 dedecus
993 1938 1057 1971 viri
1067 1938 1232 1984 sapientis
1246 1950 1318 1972 esse
1328 1937 1480 1981 dicebat,
1499 1939 1526 1971 si
1541 1950 1605 1984 pro

95 1998 213 2032 favore
231 1997 285 2031 vel
303 1997 415 2045 gratia
428 1996 630 2043 principum
648 1995 702 2030 vel
723 1994 905 2030 modicum
920 2008 939 2030 a
957 1996 1097 2029 tramite
1116 1995 1336 2029 rectitudinis
1355 1995 1519 2030 declinet.
1538 1996 1606 2029 Pro

94 2056 224 2090 talibus
241 2067 326 2104 ergo
347 2055 506 2089 moribus
527 2067 599 2089 non
622 2054 735 2088 solum
755 2066 774 2087 a
793 2054 983 2097 canonicis,
1005 2067 1128 2088 verum
1147 2054 1192 2088 ab
1212 2054 1289 2100 ipso
1309 2053 1498 2097 Rabbodo,
1521 2060 1606 2087 tunc

97 2114 266 2160 temporis
284 2112 440 2159 ejusdem
461 2113 560 2147 urbis
577 2112 766 2146 venerabili
787 2112 970 2158 episcopo,
991 2112 1199 2158 cunctisque
1216 2112 1351 2146 civibus
1369 2111 1468 2146 valde
1487 2111 1607 2160 dilige-

97 2173 215 2216 batur7
242 2172 441 2218 meritoque
464 2171 720 2205 honorabatur.
743 2170 811 2204 Sed
828 2171 903 2216 jam
927 2170 971 2205 de
997 2171 1052 2204 his
1074 2183 1164 2217 quae
1186 2171 1223 2204 in
1247 2170 1375 2204 scholis
1397 2170 1503 2218 gessit
1520 2170 1607 2204 haec

96 2230 224 2265 dixisse
244 2229 409 2275 sufficiat,
431 2241 527 2264 nunc
545 2229 589 2263 ad
608 2229 683 2275 ejus
699 2229 935 2263 conversionis
957 2229 1138 2263 veniamus
1161 2228 1315 2262 exordia.
1335 2227 1423 2262 Cum
1436 2228 1450 2249 Ξ
1468 2228 1607 2262 scholae

98 2288 310 2324 Tornacensi
329 2288 401 2322 fere
420 2299 483 2334 per
501 2287 788 2334 quinquennium
807 2287 1032 2333 praefuisset⁷
1048 2287 1186 2321 oblatus
1208 2293 1260 2320 est
1278 2286 1342 2320 eia
1360 2286 1516 2333 quodam
1535 2287 1606 2321 cle-

97 2347 170 2382 rico
184 2346 314 2381 venalis
333 2346 420 2380 liber
434 2345 526 2379 beati
546 2344 752 2392 Augustini,
772 2344 814 2378 de
832 2344 937 2378 libero
955 2343 1115 2378 Arbitrio
1129 2356 1236 2391 quem
1251 2344 1418 2392 magister
1431 2345 1477 2378 ob
1491 2345 1605 2379 solum

98 2405 332 2441 bibliothecae
353 2416 436 2439 suae
460 2415 669 2450 comparans
691 2403 998 2449 supplementum,
1025 2403 1061 2437 in
1083 2403 1212 2437 scrinio
1233 2415 1316 2437 cum
1342 2403 1487 2437 caeteris
1511 2403 1607 2437 libris

135 2530 146 2549 ¹
167 2530 266 2566 Incipit
280 2538 375 2566 parag.
389 2529 417 2556 5.
908 2527 921 2545 2
942 2527 1041 2563 Incipit
1053 2535 1149 2563 parag.
1165 2526 1192 2553 4.
