2137 3131
445 401 514 436 772
1054 392 1344 429 APPENDICES.

1124 520 1285 554 XXVIII.

545 612 670 654 Romul:
691 612 803 657 (loyen
823 610 864 644 cle
886 609 1033 656 Noyon,
1058 609 1172 642 donne
1189 606 1212 641 ὰ
1233 607 1391 655 Z'ahhayc
1414 621 1485 643 une
1507 607 1602 643 (lime
1620 609 1709 655 qu’z'l
1720 607 1864 655 possdde

1023 665 1047 700 (ἱ
1067 666 1184 701 Mem.
1203 687 1250 692 ——
1262 666 1368 701 Mmz.

1167 835 1239 858 1171.

482 911 510 937 ln
523 911 631 936 nomine
646 915 754 935 sanctae
765 915 791 935 et
801 908 958 935 individuae
968 906 1120 933 Trinitatis.
1133 904 1270 932 flodulfus
1281 927 1287 936 ,
1302 906 1351 932 Dei
1368 907 1456 942 gratia
1470 906 1659 934 Noviomensis
1675 907 1808 935 ecclesiae
1824 908 1946 935 decanus
1956 929 1963 941 ,

447 965 497 984 tam
514 958 614 984 suturis
629 967 708 992 qnam
725 956 917 992 praesentibus
932 956 958 981 in
972 959 1149 990 perpetuum.
1164 953 1263 980 Notum
1277 955 1312 980 sit
1327 954 1455 981 omnibus
1469 955 1543 990 quod
1557 955 1593 981 ob
1604 955 1755 982 remedium
1770 956 1875 982 animae
1889 965 1966 983 meae

445 1012 468 1031 vt
489 1005 602 1031 salutem
616 1005 766 1030 animarum
782 1004 866 1040 patris
880 1009 907 1030 et
920 1003 1014 1029 matris
1028 1011 1102 1028 meae
1113 1023 1119 1035 ‚
1136 1001 1271 1038 quidquid
1285 1002 1358 1036 juris
1375 1003 1401 1028 in
1418 1002 1523 1029 decima
1537 1003 1571 1029 de
1588 1003 1682 1029 Menze
1696 1003 1730 1029 ab
1744 1003 1965 1030 antecessoribus

447 1054 511 1078 ineis
530 1052 631 1078 habere
644 1052 793 1077 debueram
803 1072 810 1083 ,
829 1050 958 1077 ecclesiae
971 1049 1109 1076 Ninivensi
1120 1049 1208 1075 libero
1225 1049 1297 1075 dono
1314 1050 1340 1075 in
1354 1049 1554 1085 eleemosynam
1568 1049 1631 1076 dedi
1641 1070 1648 1081 ,
1665 1055 1693 1076 et
1706 1059 1796 1076 coram
1809 1049 1966 1077 hominibus

448 1102 512 1126 meis
525 1105 551 1125 et
566 1099 624 1125 aliis
637 1099 740 1125 idoneis
755 1099 871 1125 testibus
882 1119 888 1131 ‚
909 1097 1057 1133 recognovi
1071 1107 1113 1123 me
1128 1097 1171 1123 vel
1185 1106 1259 1123 meos
1274 1097 1300 1122 in
1315 1097 1408 1123 eadem
1422 1097 1526 1123 decima
1539 1097 1607 1124 nihil
1620 1097 1749 1133 deinceps
1757 1098 1830 1132 juris
1841 1097 1884 1124 vel
1898 1107 1968 1134 que-

445 1148 517 1173 relae
531 1147 632 1173 habere
642 1168 648 1177 ,
664 1147 783 1182 exceptis
794 1146 971 1172 straminibus
982 1150 1009 1171 et
1023 1145 1106 1180 paleis
1118 1150 1145 1171 et
1158 1145 1194 1179 xij
1210 1145 1329 1171 denariis
1340 1145 1575 1178 Brusellensibus,
1591 1150 1618 1171 et
1629 1150 1726 1171 contra
1739 1154 1846 1172 omnem
1863 1145 1898 1171 de
1912 1145 1965 1172 hoc

441 1196 505 1228 jure
516 1200 543 1221 et
554 1194 626 1220 dono
635 1194 791 1220 canonicam
802 1193 999 1228 impetitionem
1011 1197 1037 1218 et
1047 1192 1208 1218 calumniam
1219 1202 1261 1217 me
1270 1192 1390 1218 debitam
1398 1192 1541 1218 tuitionem
1551 1197 1578 1219 et
1588 1192 1707 1228 plenam,
1718 1197 1750 1218 nt
1761 1191 1844 1228 vulgo
1854 1192 1965 1228 loquar,

447 1242 630 1268 warandisiam
646 1250 687 1267 me
704 1241 806 1267 debere
821 1240 944 1275 promisi.
961 1240 997 1265 Ut
1014 1244 1105 1265 autem
1119 1239 1222 1265 donum
1238 1239 1368 1265 ecciesiae
1386 1239 1496 1265 firmum
1510 1244 1538 1265 et
1555 1239 1654 1265 stabile
1674 1244 1849 1275 perseveret,
1866 1239 1965 1266 idoneo

442 1289 596 1315 testimonio
607 1289 709 1323 scripto
722 1293 749 1313 et
761 1287 842 1323 sigilli
854 1287 905 1313 mei
917 1287 1089 1322 appositione
1099 1286 1270 1312 confirmavi.
1282 1286 1479 1312 Testimonium
1490 1286 1638 1312 Meinzonis
1647 1307 1652 1315 .,
1668 1286 1818 1312 sacerdotis
1830 1297 1836 1321 ς
1851 1285 1966 1313 walteri

445 1336 521 1362 Canis
531 1357 537 1367 ,
557 1335 732 1369 snbdiaconiJ
750 1334 875 1360 Balduini
888 1334 986 1367 villici3
1003 1333 1113 1359 Reineri
1127 1338 1154 1359 et
1168 1333 1216 1359 filii
1230 1333 1303 1368 ejus3
1318 1333 1429 1360 Henrici
1442 1333 1559 1360 W'alteri
1569 1354 1576 1363 ,
1595 1333 1701 1368 militis3
1714 1333 1845 1365 Gozuini,
1861 1333 1964 1360 XVene-

445 1384 517 1409 zonis
527 1405 533 1410 .
549 1382 678 1409 Gisekini.
694 1382 791 1408 Actum
805 1391 877 1408 anno
889 1380 997 1407 Domini
1013 1380 1156 1407 MCLXXI.

1159 1437 1268 1467 Original
1276 1455 1282 1460 .
1296 1444 1366 1461 sceau
1378 1436 1452 1468 perdu
1461 1455 1468 1467 ‚
1478 1445 1525 1461 aux
1536 1437 1642 1461 archives
1655 1437 1714 1462 dela
1727 1437 1828 1462 Flandre
1839 1436 1964 1462 orientale.

1140 1691 1269 1726 XXIX.

542 1780 576 1813 F
577 1794 709 1814 runc-on
718 1808 728 1823 7
747 1780 922 1815 clicicelam
938 1781 979 1815 de
1002 1780 1206 1823 Bruoeelle-s’,
1227 1780 1342 1814 donne
1361 1778 1385 1814 εὶ
1408 1779 1567 1826 l'abhaye
1584 1791 1636 1813 un
1651 1779 1724 1825 fies
1735 1779 1828 1814 situe'
1844 1778 1868 1814 ἀ

999 1838 1170 1874 Catthem.
1187 1859 1236 1864 -—
1250 1838 1412 1873 CAT-rnnn.

1171 2024 1242 2048 1175.

485 2094 513 2119 ln
531 2096 638 2120 nomine
654 2095 741 2121 Patris
755 2100 782 2121 et
798 2095 855 2121 Filii
875 2100 902 2121 et
915 2095 1034 2131 Spiritus
1055 2095 1158 2122 Sancti.
1174 2094 1230 2131 Ego
1249 2094 1370 2127 Franco,
1391 2094 1557 2122 castellanus
1576 2094 1757 2121 Brusellensis
1768 2115 1775 2127 ,
1791 2099 1846 2121 tam
1864 2093 1966 2122 suturis

447 2151 527 2175 quam
542 2142 732 2176 praesentibus
743 2143 769 2168 in
784 2148 960 2178 perpetuum.
975 2143 1136 2179 Sci-ipturae
1148 2142 1257 2169 divinae
1269 2142 1455 2169 admonitione
1466 2143 1633 2175 instructus,
1646 2142 1722 2178 quod
1736 2141 1832 2169 fideles
1841 2151 1968 2178 quosque

445 2190 478 2214 de
492 2190 642 2224 iniquitatis
654 2199 803 2215 mammona
816 2190 916 2216 amicos
931 2190 1019 2217 facere
1032 2190 1183 2226 praecipit,
1197 2191 1243 2226 qni
1258 2199 1304 2216 eos
1317 2191 1343 2216 in
1355 2195 1469 2216 aeterna
1481 2190 1617 2225 recipiant
1630 2189 1824 2223 tabernacula,
1839 2189 1969 2216 ecclesiae

447 2236 583 2262 Ninivensi
602 2237 628 2262 in
650 2236 754 2263 honore
773 2237 869 2263 beatae
887 2237 989 2264 Mariae
1007 2243 1034 2264 et
1054 2243 1212 2264 sanctorum
1231 2243 1382 2272 martyrum
1402 2237 1520 2264 Cornelii
1537 2242 1565 2264 et
1585 2236 1713 2272 Cypriani
1730 2241 1921 2270 constructae,
1941 2241 1969 2263 et

447 2282 555 2309 domino
568 2284 688 2310 Gerardo
701 2285 823 2319 ejusdem
835 2285 964 2311 ecelesiae
977 2285 1083 2317 abbati,
1099 2285 1134 2311 ob
1146 2285 1334 2312 remissionem
1345 2290 1521 2321 peccatorum
1530 2294 1654 2311 meorum
1665 2285 1729 2311 etin
1742 2289 1905 2320 perpetuam
1918 2284 1970 2310 mei

449 2340 625 2366 meorumque
636 2332 662 2357 in
676 2332 797 2366 praefata
814 2332 927 2359 ecclesia
941 2333 1113 2365 memoriam,
1130 2333 1278 2359 Henricum
1290 2333 1324 2359 de
1338 2333 1417 2359 Lexva
1428 2333 1564 2359 hominem
1577 2342 1667 2359 meum
1678 2353 1685 2365 ‚
1700 2332 1836 2358 beneficio
1849 2331 1967 2367 quodam

450 2386 507 2403 meo
520 2377 671 2410 feodatum,
682 2388 742 2404 cum
753 2389 802 2405 sua
814 2382 974 2415 posteritate
983 2401 990 2411 ,
1003 2380 1115 2406 consilio
1126 2380 1241 2406 aliorum
1253 2380 1394 2406 homiuum
1407 2389 1531 2406 meorum
1541 2401 1548 2413 ‚
1563 2389 1625 2406 cum
1640 2384 1698 2406 toto
1709 2378 1784 2415 quod
1795 2378 1830 2405 de
1839 2388 1882 2405 me
1894 2383 1970 2405 tene-

450 2424 495 2449 bat
511 2423 589 2450 feodo
601 2445 606 2450 .
628 2425 654 2450 in
670 2425 868 2461 eleemosynam
887 2426 1045 2453 habendum
1060 2427 1087 2453 in
1100 2432 1267 2462 perpetuum
1284 2427 1420 2462 concessi3
1437 2426 1548 2453 feodum
1564 2431 1655 2453 autem
1673 2425 1742 2452 illud
1761 2430 1789 2452 et
1805 2425 1968 2452 beneficium

449 2475 489 2495 est
502 2470 640 2497 advocatia
653 2472 686 2498 de
700 2472 799 2499 allodio
813 2474 899 2500 sancti
911 2474 1060 2509 Aychadri,
1076 2474 1149 2510 apud
1167 2475 1286 2509 Callzem,
1304 2479 1332 2500 et
1343 2474 1479 2510 quidquid
1494 2473 1635 2510 praefatus
1645 2474 1781 2500 Hem-icus
1792 2473 1827 2500 de
1840 2481 1883 2499 me
1894 2477 1971 2499 tene·

448 2517 493 2542 bat
507 2518 580 2552 apud
593 2517 728 2545 Scrithem.
743 2520 779 2546 Ut
793 2525 883 2547 autem
895 2520 999 2547 donum
1012 2521 1063 2549 hoc
1075 2526 1166 2549 ratum
1180 2522 1216 2548 sit
1227 2522 1254 2548 in
1270 2526 1453 2558 perpetuum,
1466 2521 1548 2558 sigilli
1560 2522 1612 2548 mei
1623 2520 1796 2557 appositione
1805 2524 1834 2546 et
1845 2518 1968 2556 legitimo
