2137 3131
475 384 543 420 6⁷50
807 383 891 417 COR
898 381 980 415 PUS
1006 379 1334 415 CHRONICORUM
1360 380 1625 415 FLANDRIAE.

476 494 637 539 Drogone
655 491 760 524 fratre
779 502 860 533 suo,
881 489 971 523 duce
990 488 1216 533 Campaniae,
1238 487 1274 520 in
1292 487 1369 521 aula
1390 486 1604 522 Childeberti
1630 489 1740 535 major
1758 489 1885 524 domus
1903 496 1974 524 sta-

475 551 602 592 tuitur,
621 550 723 595 cique
742 548 810 581 filia
832 546 991 581 Rabbodi
1004 573 1012 586 ,
1034 545 1133 580 ducis
1152 546 1362 588 Fresonum,
1380 546 1415 579 in
1428 558 1574 580 uxorem
1589 545 1706 580 datur.
1726 546 1846 591 Dodo,
1866 548 1976 582 inter-

475 610 583 642 fector
604 606 713 640 sancti
732 605 926 648 Lamberti,
942 618 961 638 a
976 605 1153 638 vermibus
1167 610 1399 650 consumptus
1419 604 1580 648 moritur,
1602 611 1636 639 et
1653 605 1700 639 ob
1718 605 1975 639 intolerantiam

474 666 614 700 foetoris
632 666 666 698 in
687 665 819 698 Mosam
838 663 985 697 fluvium
1008 662 1102 697 dolio
1125 662 1279 696 inclusus
1302 663 1544 710 immergitur,
1573 675 1766 710 omnesque
1789 663 1977 709 complices

473 725 524 758 sui
539 724 627 757 infra
642 735 774 756 annum
794 723 986 768 perierunt.

521 784 620 816 Anno
638 782 718 816 DCC
732 809 740 825 ,
759 781 931 827 Tyberius
947 780 1102 814 Petasius
1121 780 1173 814 vel
1190 780 1411 823 Absimarus,
1432 779 1585 814 Leonem
1599 787 1740 827 captum
1757 782 1976 815 incarcerans

473 848 506 874 et
528 854 650 874 nasum
673 841 747 886 ejus
765 840 969 882 abscidens,
994 840 1144 885 imperat
1162 839 1262 872 annis
1284 838 1343 884 vij.
1371 838 1497 872 Sancta
1520 839 1658 887 Begga,
1680 846 1790 873 mater
1812 839 1976 886 Pippini,

473 912 570 934 soror
584 905 721 932 sanctae
739 898 922 933 Gertrudis
941 905 975 932 et
992 898 1097 932 amita
1113 898 1340 945 Amelbergae
1354 898 1515 945 virginis,
1534 898 1698 945 migravit
1711 898 1755 932 ad
1770 898 1973 932 Dominum.

473 957 728 1000 Cadualadrus,
749 969 807 990 rex
828 957 989 1004 Angliae,
1012 956 1293 1004 peregrinatione
1307 968 1370 1002 pro
1385 955 1523 990 Christo
1540 963 1718 1002 suscepta,
1738 956 1857 990 limina
1871 968 1976 1002 apos-

473 1016 625 1050 tolorum
649 1015 742 1049 Petri
768 1021 802 1048 et
825 1016 923 1049 Pauli
946 1016 1077 1049 Romae
1097 1014 1201 1057 adiit,
1222 1021 1382 1060 tempore
1400 1014 1518 1048 adhuc
1537 1013 1647 1062 Sergii
1667 1027 1794 1060 papae,
1815 1021 1922 1061 atque
1940 1015 1977 1048 in

472 1076 592 1110 eadem
608 1076 696 1109 urbe
713 1075 836 1121 plenus
854 1074 1020 1120 operibus
1036 1073 1136 1107 bonis
1155 1079 1190 1106 et
1207 1073 1435 1118 eleemosynis
1456 1085 1568 1119 usque
1581 1072 1626 1106 ad
1639 1072 1733 1106 diem
1753 1073 1876 1107 mortis
1889 1085 1977 1107 con—

471 1135 586 1168 senuit
605 1147 611 1167 z
634 1134 784 1168 moritur
801 1140 919 1167 autem
941 1133 988 1166 ibi
1008 1144 1099 1166 anno
1120 1132 1258 1165 Domini
1276 1131 1406 1165 DCCII.
1429 1131 1536 1177 Cujus
1554 1144 1703 1177 corpus,
1723 1139 1764 1166 ut
1782 1132 1976 1179 Anglorum

471 1193 590 1240 prodit
608 1193 773 1235 historia,
802 1205 883 1227 cum
907 1192 942 1225 in
967 1191 1128 1239 Angliam
1153 1197 1371 1236 reportatum
1396 1190 1523 1233 fuerit,
1551 1202 1671 1224 rursus
1696 1190 1808 1224 insula
1834 1190 1976 1223 nomine

473 1253 570 1286 Bruti
584 1252 779 1294 vocabitur,
796 1250 832 1284 111
847 1257 898 1284 est
916 1250 1112 1292 Britannia,
1134 1256 1168 1283 et
1187 1249 1363 1291 Britones,
1381 1249 1531 1294 expulsis
1548 1248 1761 1291 Saxonibus,
1778 1247 1979 1282 haeredita-

473 1318 542 1344 tem
558 1311 739 1356 antiquam
758 1309 938 1355 recipient.
962 1308 1129 1342 Terbellis
1144 1307 1352 1355 Bulgaribus
1370 1307 1574 1341 dominatur
1595 1320 1602 1340 ε
1626 1307 1766 1355 Bulgari
1783 1308 1878 1340 enim
1894 1313 1977 1341 sunt

472 1368 729 1403 Lacedemonii.
749 1368 926 1402 Johannes
942 1367 1118 1400 Romanae
1133 1366 1295 1400 ecclesiae
1314 1365 1488 1411 praesidet
1502 1365 1548 1411 iiij
1565 1366 1677 1399 annis.
1696 1365 1914 1399 Justinianus
1932 1365 1976 1399 de

472 1427 573 1461 exilio
596 1427 733 1474 fugiens
756 1425 801 1460 ad
822 1425 1012 1471 Cajanum,
1038 1437 1155 1472 regem
1184 1425 1354 1467 Avarum,
1380 1436 1416 1458 se
1442 1424 1602 1458 contulit.
1630 1423 1797 1469 Cajanus,
1827 1424 1977 1470 pecunia

472 1492 659 1531 corruptus
678 1485 722 1519 ab
742 1483 946 1519 adversariis
966 1484 1152 1517 Justiniani
1165 1510 1173 1526 7
1199 1496 1280 1517 cuin
1300 1483 1402 1516 vellet
1423 1495 1505 1516 eum
1529 1482 1678 1529 prodere
1691 1510 1700 1525 ,
1721 1483 1777 1516 ille
1802 1483 1846 1516 ab
1872 1495 1913 1516 eo
1933 1481 1978 1516 ad

473 1544 665 1577 Terbelleni
694 1556 811 1591 regem
835 1543 1068 1590 Bulgarorum
1094 1542 1199 1589 fugit.
1229 1540 1423 1575 lValfridus
1449 1541 1556 1574 abbas
1581 1541 1688 1575 vitam
1719 1541 1829 1574 sancti
1861 1540 1974 1583 Galli,

472 1603 585 1648 primo
600 1614 720 1647 prosa,
740 1600 868 1635 deinde
887 1607 999 1634 metro
1017 1600 1235 1645 conscripsit.
1259 1599 1436 1633 Johannes
1454 1599 1498 1644 vij
1519 1611 1607 1645 papa
1627 1598 1802 1645 praesidet
1818 1598 1841 1644 ij
1861 1600 1973 1633 annis.

470 1661 647 1694 Johannes
664 1659 786 1693 scotus
806 1659 931 1693 doctor
949 1658 959 1679 ¹
979 1659 1194 1706 agnoscitur.

518 1720 619 1753 Anno
639 1717 786 1760 DCCVI,
807 1718 1042 1760 Justinianus,
1063 1717 1191 1750 auxilio
1211 1716 1378 1749 Terbellis
1396 1716 1632 1763 Bulgarorum
1650 1715 1761 1763 regis,
1785 1715 1974 1762 imperium

470 1778 614 1823 recipit,
640 1776 793 1810 Leonem
820 1783 854 1809 et
883 1776 1074 1822 Tyberium
1100 1781 1326 1821 usurpatores
1351 1774 1489 1820 imperii
1514 1774 1550 1807 in
1572 1773 1687 1808 media
1707 1774 1802 1808 curia
1819 1774 1972 1822 jugulat.

470 1835 674 1869 Callicinum
694 1834 929 1881 patriarcham
948 1840 1170 1868 excaecatum
1196 1833 1329 1876 exiliat,
1351 1839 1386 1866 et
1410 1833 1595 1878 imperavit
1614 1832 1770 1866 secundo
1794 1833 1894 1866 annis
1913 1833 1972 1879 vij.

469 1894 646 1928 Johannes
669 1892 793 1926 Scotus
817 1894 986 1927 musicam
1011 1892 1239 1937 conscripsit,
1264 1897 1432 1925 tractatus
1455 1893 1494 1924 in
1518 1890 1703 1924 Mathemn
1726 1897 1761 1924 et
1784 1891 1913 1925 librum
1934 1891 1976 1926 de

474 1952 614 1998 Officiis,
641 1959 746 1999 atque
765 1952 800 1985 in
819 1951 945 1985 divinis
964 1958 999 1985 et
1016 1951 1181 1985 humanis
1200 1950 1324 1984 studiis
1343 1957 1423 1996 apta
1441 1950 1651 1996 composuit.
1675 1949 1866 1984 Sisinnicus
1885 1962 1975 1996 papa

470 2024 511 2044 xx
526 2010 650 2044 diebus
660 2010 822 2056 praefuit.
840 2010 857 2044 J
861 2010 1056 2044 ustinianus
1069 2010 1261 2055 imperator
1273 2015 1408 2042 tantam
1422 2009 1459 2042 111
1472 2008 1687 2042 adversarios
1696 2008 1866 2042 ultionem
1876 2020 1976 2042 exer-

470 2076 542 2111 cet,
563 2076 603 2102 ut
620 2069 758 2115 quoties
776 2081 795 2102 a
819 2081 902 2102 naso
920 2069 985 2101 sihi
1003 2068 1154 2102 abscisso
1175 2066 1389 2101 defluentem
1412 2066 1580 2100 reumatis
1597 2073 1735 2114 guttam
1755 2065 1974 2115 detergeret,

470 2140 558 2173 pene
576 2128 678 2160 toties
695 2127 847 2173 aliquem
864 2139 903 2160 ex
923 2127 976 2160 his
1001 2127 1063 2173 qui
1080 2133 1202 2160 contra
1221 2138 1302 2159 eum
1322 2125 1607 2171 conspiraverant
1620 2124 1775 2173 jugulari
1794 2125 1976 2172 praecipe-

470 2192 533 2219 ret.
557 2185 645 2219 Picti
668 2191 703 2218 et
726 2184 820 2218 Scoti
845 2185 1058 2219 catholicum
1079 2184 1250 2230 paschalis
1269 2183 1510 2217 observantiae
1533 2183 1641 2216 ritum
1664 2183 1872 2229 suscipiunt.
1893 2183 1974 2218 Jus-

469 2245 621 2278 tinianus
647 2244 838 2289 imperator
858 2244 1043 2290 pessimam
1066 2244 1176 2278 vicem
1195 2255 1318 2277 eorum
1339 2242 1470 2276 meritis
1489 2242 1672 2276 restituere
1691 2242 1827 2285 volens,
1850 2254 1973 2288 pacem

470 2314 550 2335 cum
570 2302 778 2349 Bulgaribus
802 2308 939 2348 pactam
958 2302 1059 2336 solvit
1071 2329 1079 2345 ,
1100 2302 1219 2348 eisque
1233 2312 1440 2349 congressus
1454 2312 1536 2334 cum
1553 2300 1705 2334 maximo
1723 2299 1855 2334 damno
1873 2312 1973 2335 exer-

471 2361 559 2394 citus
578 2361 650 2406 ipse
667 2360 723 2393 vix
740 2360 858 2394 evasit.

509 2489 516 2505 ¹
539 2488 676 2515 lohannes
689 2488 774 2515 Duns.
