2118 3184
798 435 1086 471 APPENDICES.
1633 440 1703 475 943

182 548 283 569 terram
298 543 382 578 ipsius
396 543 567 575 monasterii,
583 544 625 569 via
640 542 728 570 media
742 547 888 578 utramque
899 543 1053 578 dividen1e3
1074 553 1156 579 quam
1172 548 1272 570 terram
1286 554 1301 570 a
1315 544 1453 571 Willelmo
1464 565 1471 578 ,
1486 545 1597 572 domino
1608 546 1642 573 de
1655 547 1705 573 Le-

182 589 306 625 deberqlee
319 590 456 616 tenuimus
469 590 496 615 in
513 589 622 616 feodum
633 611 639 619 ,
656 589 691 616 de
702 589 782 623 cujus
795 589 1046 617 dominiconsensu
1061 595 1087 617 et
1103 590 1243 617 voluntate
1257 591 1379 618 eamdem
1393 597 1493 619 terram
1507 592 1581 619 dicto
1595 602 1703 620 monas-

184 637 254 663 terio
271 637 437 663 contulimus
452 637 504 663 sub
522 647 614 663 annuo
634 646 718 663 censu
739 642 859 672 quatuor
875 637 1052 663 denariorum
1070 638 1303 669 bruxellensium,
1323 639 1356 665 de
1377 640 1502 675 quolibet
1524 641 1702 667 bonariorum

184 685 402 719 praedictorum,
421 685 447 710 in
464 684 532 710 sesto
547 685 632 710 sancti
645 685 760 710 Bau-onis
775 684 862 710 cidem
877 685 1013 711 willelmo
1023 685 1133 711 domino
1142 691 1168 712 et
1179 686 1239 720 ejus
1253 686 1418 713 haeredibus
1429 697 1443 713 a
1455 687 1528 713 dicto
1538 689 1702 714 monasterio

181 732 321 757 annuatim
332 731 536 757 solvendorum.
551 731 581 757 ln
593 732 673 765 cujus
688 732 727 758 rei
741 731 925 757 testimonium
940 742 999 761 nos,
1009 732 1136 758 (lliverus
1148 733 1224 759 miles
1234 754 1241 765 ,
1254 739 1281 760 et
1292 734 1443 761 Willelmus
1454 756 1460 765 ,
1473 735 1598 761 dominus
1607 735 1642 761 de
1654 736 1703 762 Le-

182 778 306 815 deberqlw
318 778 490 814 praedictus,
509 778 598 814 sigilla
613 784 707 805 nostra
722 788 776 805 una
791 788 852 804 cum
872 779 961 814 sigillo
979 779 1081 805 domini
1099 779 1232 807 Jobannis
1243 802 1249 811 ÷
1271 782 1420 807 vicecuruti
1437 782 1471 808 de
1485 782 1608 816 Mende,
1624 782 1703 809 duxi—

180 835 238 852 mus
254 826 445 862 praesentibus
460 826 559 852 litteris
574 827 748 861 apponenda.
767 827 985 854 lluic‘collationi
1000 827 1185 853 interfuerunt
1197 828 1337 855 Joliannes
1349 850 1355 861 ‚
1369 830 1557 865 praepositus,
1574 830 1703 867 Aegidins

180 873 215 898 de
228 872 347 899 Lovanio
359 893 365 905 ‚
381 873 503 899 canonici
519 874 675 899 monasterii
689 874 838 909 praedicti3
853 874 1008 906 Johannes,
1022 874 1111 900 dictus
1125 875 1212 901 Senex
1223 896 1230 908 ‚
1245 875 1379 911 clericus3
1396 876 1550 909 Johannes,
1565 877 1655 903 dictus
1668 878 1702 903 de

182 919 318 950 θῆαι-ΜΗ
334 920 453 955 Steppo,
473 920 563 946 dictus
577 920 611 946 de
630 920 715 954 Ilore,
740 921 890 947 Ralduiuus
910 921 1010 952 Faber,
1033 922 1154 957 :llychael
1167 943 1174 954 ‚
1193 922 1282 949 dictus
1298 922 1457 959 Reffelqltem
1468 944 1475 957 ‚
1496 929 1522 950 et
1537 923 1685 951 Balduinus
1696 946 1703 957 ,

180 966 271 994 dictus
284 967 318 993 de
333 967 447 993 palude.
462 967 561 993 Datum
575 973 602 994 et
616 973 706 994 actum
722 978 793 995 anno
808 968 916 995 Domini
928 968 1105 995 MCCLXXX!
1115 990 1121 1001 ,
1136 978 1228 995 mense
1243 969 1352 996 Martio.

978 1035 1086 1066 Original
1095 1053 1101 1059 .
1115 1035 1175 1058 deux
1187 1042 1273 1059 sce-aux
1281 1044 1311 1059 en
1320 1036 1368 1059 cire
1381 1036 1468 1061 brune.
1480 1037 1539 1061 celui
1552 1037 1580 1060 dc
1594 1038 1652 1062 Jean
1661 1057 1666 1067 ,

1010 1077 1096 1102 vicaire
1108 1078 1136 1102 de
1148 1078 1280 1107 Mum-sele,
1293 1083 1327 1102 est
1340 1079 1423 1109 pei-du.

903 1168 969 1180 ΙΙ

876 1405 1005 1440 CCLll.

185 1501 385 1538 Gm'llaume
400 1504 442 1538 de
458 1503 674 1552 Ledeberylze
691 1504 826 1540 de'clare
843 1505 1040 1552 qu'Olz'vier
1053 1507 1094 1541 de
1108 1506 1238 1541 Rz'deve
1255 1520 1278 1541 a
1296 1507 1413 1542 venda
1425 1507 1449 1542 ch
1466 1509 1624 1557 l’ahhaye
1642 1514 1698 1545 sia:

471 1563 638 1597 honm'ers
654 1563 696 1598 de
711 1569 803 1598 terre
818 1562 904 1611 pre's
921 1564 962 1598 de
980 1564 1016 1598 la
1033 1565 1191 1599 Dendre.
1203 1586 1251 1591 —
1262 1566 1403 1600 Pium.

827 1754 844 1775 A
856 1751 950 1776 Pamele
959 1770 965 1781 ‚
980 1752 1052 1777 1281.

219 1833 275 1870 Ego
287 1832 458 1864 willelmus,
472 1832 598 1859 dominus
609 1833 643 1859 de
655 1833 830 1870 Ledeberyhe,
846 1838 940 1860 notum
953 1832 1023 1860 facio
1035 1839 1089 1860 tam
1102 1834 1293 1870 praesentibus
1303 1844 1384 1871 quam
1396 1834 1513 1869 futuris,
1527 1838 1601 1873 quod
1613 1838 1700 1866 domi-

181 1890 233 1907 nus
246 1879 387 1912 othverus,
402 1879 479 1905 miles
492 1879 526 1905 de
541 1879 650 1914 Rideve,
666 1885 693 1906 et
707 1879 816 1906 domina
833 1880 955 1913 Beatrix,
970 1880 1113 1919 uxorejus
1129 1880 1250 1917 legitima
1261 1902 1268 1914 ‚
1288 1882 1409 1908 unanimi
1425 1891 1560 1910 consensu
1580 1884 1699 1921 legitime

180 1928 364 1955 vendiderunt
380 1926 510 1953 ecclesiae
527 1926 561 1953 de
579 1927 691 1959 Ninive,
708 1927 985 1954 Praemonstratensis
1003 1927 1107 1954 ordinis
1119 1949 1125 1961 ,
1146 1937 1193 1954 sex
1207 1928 1320 1954 bonaria
1338 1934 1428 1956 terrae
1443 1931 1569 1964 arabilis,
1583 1933 1699 1966 jacentis

175 1976 255 2010 juxta
269 1980 370 2002 terram
379 1974 502 2009 ejusdem
511 1974 641 2000 ecclesiae
649 1995 656 2007 ‚
672 1975 715 2001 via
726 1979 832 2001 tantum
844 1974 931 2001 media
943 1979 1090 2010 utramque
1104 1980 1204 2001 terram
1216 1975 1356 2002 dividente
1366 1997 1372 2008 ,
1388 1986 1457 2012 quae
1469 1982 1543 2004 terra
1553 1988 1568 2004 a
1577 1978 1649 2006 dicta
1658 1981 1699 2006 via

180 2022 295 2049 inferius
308 2031 404 2048 versus
415 2022 548 2048 Teneram
563 2031 592 2048 se
606 2022 744 2055 extendit,
759 2032 840 2057 quam
857 2027 957 2048 terram
972 2022 1037 2048 dicti
1051 2023 1193 2058 conjuges,
1205 2023 1269 2059 quia
1282 2023 1310 2049 in
1324 2022 1434 2050 feodum
1448 2033 1506 2051 eam
1521 2035 1535 2051 a
1550 2035 1591 2052 me
1602 2031 1700 2054 tenue-

181 2075 244 2096 rant
258 2070 284 2096 in
300 2078 396 2095 manus
410 2078 483 2095 meas
497 2069 531 2095 ad
546 2078 615 2104 opus
629 2069 717 2096 dictae
731 2069 861 2096 ecclesiae
876 2069 1048 2096 obtulerunt.
1067 2070 1194 2106 Ipsique,
1209 2070 1313 2097 scilieet
1327 2070 1454 2098 oliverus
1467 2077 1494 2098 et
1513 2073 1622 2100 domina
1633 2074 1699 2101 Bea-

181 2116 245 2149 trix‚
259 2126 328 2143 uxor
336 2117 407 2151 ejus,
422 2116 558 2143 mediante
569 2117 629 2152 ipso
642 2118 740 2143 marito
755 2122 884 2153 tanquam
899 2118 1061 2144 mamburno
1073 2118 1125 2144 sibi
1136 2127 1151 2144 a
1160 2128 1201 2145 me
1209 2118 1243 2144 ad
1253 2118 1303 2144 hoc
1312 2118 1387 2152 dato,
1402 2120 1553 2146 seeundum
1564 2121 1698 2154 judicium

180 2163 320 2190 hominum
331 2172 454 2189 meorum
466 2163 636 2190 feodatorum
651 2173 736 2200 super
747 2163 800 2190 hoc
810 2164 862 2190 rite
872 2174 887 2190 a
899 2174 940 2190 me
952 2165 1129 2194 monitorum,
1142 2164 1271 2191 adhibitis
1285 2165 1505 2193 solemnitatibus
1516 2177 1586 2203 quae
1600 2169 1626 2194 in
1639 2169 1699 2195 tali—

180 2211 232 2237 bus
246 2211 371 2237 adhiberi
390 2212 496 2244 solent,
517 2210 644 2238 videlicet
660 2213 811 2238 secundum
826 2211 961 2246 judicium
976 2211 1104 2239 Gossuini
1117 2211 1151 2238 de
1168 2212 1276 2245 Rideve,
1296 2213 1407 2239 Henrici
1423 2213 1540 2250 Keqhel‚
1557 2214 1654 2251 Sygeri
1663 2216 1697 2242 de

179 2258 338 2292 Brun-ines,
360 2258 474 2286 walteri
492 2259 572 2294 Zone,
593 2259 627 2286 de
649 2259 769 2292 cathem,
791 2259 939 2295 Soymanni
960 2259 994 2286 de
1015 2259 1107 2294 Polke,
1127 2259 1260 2286 Bernardi
1280 2259 1314 2286 de
1332 2260 1450 2287 pamella
1471 2267 1498 2287 et
1518 2261 1651 2289 Johannis
1661 2263 1695 2290 de

181 2304 297 2342 Ophem‚
312 2305 449 2340 omnijuri
462 2298 537 2342 quod
546 2307 572 2332 in
583 2306 678 2332 eadem
692 2311 767 2332 terra
780 2306 919 2332 habebant
933 2306 1042 2341 penitus
1055 2306 1246 2332 renuntiantes
1257 2306 1406 2333 effestucali
1415 2308 1536 2341 jactione
1549 2309 1695 2343 mediante,

180 2358 208 2380 et
221 2362 272 2390 ego
285 2353 384 2379 dictam
402 2358 502 2380 terram
517 2354 552 2380 de
569 2354 694 2380 manibus
711 2363 806 2380 eorum
818 2354 856 2380 sic
873 2354 997 2389 suscepi,
1015 2354 1088 2389 quod
1101 2353 1200 2380 dictam
1213 2353 1355 2380 ecelesiam
1369 2354 1551 2382 adhaeredavi
1563 2357 1588 2383 iu
1603 2357 1697 2384 eadem

179 2400 231 2427 sub
249 2409 340 2426 annuo
351 2409 435 2427 censu
448 2405 569 2436 quatuor
581 2400 757 2427 denariorum
772 2400 983 2433 lovaniensium,
997 2400 1032 2427 de
1047 2400 1171 2436 quolibet
1184 2400 1321 2426 dictorum
1334 2410 1380 2427 sex
1394 2401 1571 2429 bonariorum
1586 2404 1614 2430 in
1628 2404 1698 2431 sesto

178 2448 264 2473 sancti
280 2447 395 2474 Bavonis
411 2447 476 2474 mihi
492 2453 519 2474 et
533 2448 699 2475 haeredibus
718 2449 784 2474 meis
801 2448 941 2474 annuatim
960 2448 1165 2475 solvendorum.
1183 2448 1220 2474 Ut
1237 2453 1328 2474 autem
1346 2450 1494 2484 praemissa
1510 2451 1600 2478 omnia
1617 2452 1696 2479 firma

179 2499 372 2530 permaneant,
387 2494 507 2531 sigillum
522 2504 611 2521 meum
626 2495 817 2531 praesentibus
830 2495 948 2531 appendi
961 2515 968 2528 ,
981 2504 1011 2521 ac
1023 2496 1104 2521 etiam
1117 2495 1244 2522 scabinos
1257 2495 1291 2522 de
1306 2495 1465 2533 Ledeberylw
1476 2499 1570 2534 rogavi
1582 2504 1613 2525 ut
1623 2500 1698 2536 sigil-

178 2541 234 2567 lum
247 2551 328 2568 suum
339 2541 463 2568 similiter
477 2546 662 2578 apponerent,
678 2541 806 2568 videlicet
819 2541 971 2569 Get-ardum
985 2541 1089 2569 dictum
1103 2543 1224 2578 διον-ηιμ,
1236 2541 1389 2570 Johannem
1400 2543 1434 2570 de
1450 2543 1564 2581 Ophem,
1580 2545 1697 2573 Bernar-
