2137 3131
453 402 523 437 7234
1061 394 1348 430 APPENDICES.

453 519 536 544 quum
547 508 637 542 jacula
653 506 773 542 praevisa
786 505 874 530 minus
888 503 1013 534 laedunt,
1029 502 1169 537 praefatae
1184 500 1283 527 tratres
1297 500 1442 531 ecclesiae,
1459 499 1609 526 secundum
1623 500 1800 535 apostolicam
1814 501 1964 529 institutio-

454 565 513 582 nem
533 561 615 589 atquc
635 559 755 579 tenorem
776 549 988 577 l’raemonstrati
1008 548 1111 574 ordinis
1131 548 1279 583 degentes,
1302 557 1335 573 ne
1354 547 1483 582 deinceps
1501 552 1675 582 posterorum
1694 546 1885 580 infestatione,
1907 549 1964 576 sive

452 608 686 637 qimi-unicumque
709 597 840 632 sacrilega
863 596 1035 622 cavillatione
1056 595 1200 630 inquietati
1211 615 1217 626 ‚
1240 594 1421 629 requietionis
1443 602 1508 620 suae
1533 594 1697 620 amoenitate
1719 594 1866 629 priventur
1876 615 1884 627 ,
1909 605 1963 622 non

453 647 602 675 inconsulte
616 646 786 671 decernimus
800 643 932 678 quaedam
949 642 1080 668 beneficia
1099 641 1241 677 privilegio
1258 640 1459 673 commendari,
1475 649 1546 676 quae
1560 640 1717 668 nullatenus
1734 641 1768 667 ab
1781 641 1964 670 ecclesiastico

448 696 511 728 jure
526 693 649 719 convenit
663 691 785 717 alienari.
799 689 938 724 Siquidem
957 688 1108 716 Gerardus,
1124 688 1245 714 liberalis
1259 688 1314 718 vir,
1330 697 1414 722 supra
1428 688 1569 714 memorati
1584 687 1715 714 Amulrici
1734 688 1821 721 filius,
1837 690 1863 715 in
1877 690 1966 716 omni-

453 742 502 767 bns
516 740 592 775 aquis
604 748 671 773 quas
683 739 740 773 ipse
753 737 863 772 proprie
877 741 904 762 et
918 736 1003 761 libere
1019 735 1154 770 possidet,
1170 735 1290 770 exceptis
1305 734 1477 761 solummodo
1493 735 1601 761 vivariis
1615 736 1670 762 suis
1681 757 1687 768 ,
1703 737 1824 771 gratuita
1838 736 1965 773 largitate

452 787 581 813 fratribus
601 786 773 820 piscationem
792 782 990 818 perpetualiter
1007 782 1158 813 concessit,
1174 781 1278 807 addidit
1293 782 1373 807 etiam
1389 781 1459 807 idem
1478 781 1616 808 Gerardus
1634 783 1794 818 piscatorias
1813 784 1965 811 tendiculas

451 839 568 870 quatuor
578 854 584 862 ,
601 842 668 867 quas
681 832 761 867 vulgo
776 832 858 856 rim-ia
873 830 1060 863 uominamus;
1078 829 1176 855 curtim
1193 838 1307 864 quoque
1319 829 1352 855 de
1368 829 1506 855 nederwic
1520 834 1548 855 et
1561 830 1782 864 circumjacentia
1799 831 1859 865 ejus
1870 851 1877 863 ‚
1894 840 1966 866 quae

453 886 512 916 post
525 880 665 906 decessum
680 877 820 912 cujusdam
842 877 951 902 domiuo
973 877 1023 911 ipsi
1041 875 1163 901 Gerardo
1181 880 1209 901 et
1228 876 1458 911 participantibus
1477 875 1551 909 ejus,
1567 877 1632 910 jure
1652 877 1868 913 propinquitatis
1880 878 1965 904 debe-

453 929 560 957 bantur,
578 927 633 960 ipse
647 930 674 950 et
689 924 834 959 participes
849 924 890 949 sui
904 923 1078 949 devotissima
1092 922 1232 948 voluntate
1244 922 1398 957 praedictae
1412 922 1542 949 ecclesiae
1556 923 1746 950 contulerunt.
1758 924 1834 950 Inter
1847 934 1879 951 ea
1893 934 1964 960 quae

446 975 501 1007 jam
518 973 632 999 diximus
644 993 650 1001 ,
669 971 890 1006 praenominatus
908 970 1047 995 Gerardus
1066 969 1134 995 duas
1150 974 1243 1005 partes
1261 970 1344 995 totius
1360 969 1480 996 decimae
1495 970 1568 1005 apud
1581 970 1672 996 villam
1683 991 1690 1003 ‚
1709 980 1780 1006 quae
1797 971 1969 998 Herlenchot'

449 1022 546 1046 dicitnr
557 1041 564 1051 ,
577 1029 656 1054 quam
667 1018 850 1044 haereditarie
863 1016 1035 1052 possidebat,
1051 1017 1143 1042 sedem
1155 1026 1267 1052 quoquc
1281 1016 1429 1043 molendini
1440 1017 1536 1043 subter
1550 1016 1700 1052 praefatam
1716 1017 1806 1044 villam
1817 1023 1844 1044 et
1855 1023 1963 1054 pratum

450 1077 526 1093 secus
540 1067 687 1097 Tencram,
703 1065 872 1091 territorium
886 1064 919 1089 de
934 1064 958 1088 u
970 1063 1119 1090 intrcsdala
1134 1068 1162 1090 et
1175 1063 1327 1098 adjacentia
1342 1064 1401 1097 ejus
1411 1084 1418 1095 ,
1433 1068 1542 1099 pratum
1555 1064 1682 1090 videlicet
1697 1069 1723 1090 et
1737 1074 1849 1098 nemus,
1864 1071 1892 1092 et
1908 1065 1966 1092 alo-

449 1115 521 1140 dium
533 1114 566 1139 dc
576 1113 685 1138 lroslaer
694 1112 780 1138 eidem
793 1111 868 1137 dedit
877 1110 1006 1136 ecclesiae
1015 1131 1021 1142 ,
1034 1111 1092 1136 solo
1105 1119 1239 1145 supernae
1251 1111 1602 1136 remunerationisintuitu.
1616 1110 1789 1137 Manifestum
1802 1117 1892 1138 autem
1903 1112 1965 1138 fieri

448 1162 588 1193 volumus,
609 1160 682 1195 quod
696 1159 829 1194 quaedam
850 1158 1013 1184 venerabilis
1027 1158 1142 1190 l'emina,
1158 1158 1266 1183 nomine
1279 1158 1485 1189 Ermentrudis,
1501 1158 1605 1193 absque
1624 1158 1681 1184 ullo
1700 1159 1874 1185 transitoriae
1892 1168 1966 1186 com-

449 1209 604 1234 mutationis
613 1212 755 1242 respectu,
769 1205 895 1232 benivolo
905 1214 1017 1231 assensu
1032 1205 1182 1231 liberorum
1194 1214 1321 1237 suorum,
1336 1205 1473 1231 dimidiam
1489 1210 1594 1240 partem
1613 1205 1775 1238 molendini,
1791 1206 1864 1242 quod
1878 1215 1964 1242 prope

449 1256 547 1281 atrium
560 1255 689 1281 ecclcsiae
700 1253 849 1280 Niuivensis
862 1257 1050 1278 constructum
1062 1257 1116 1283 est,
1130 1257 1156 1278 et
1167 1252 1290 1287 quinque
1303 1262 1409 1278 mansos
1420 1254 1564 1288 contiguos
1576 1253 1646 1278 atrio
1655 1274 1661 1284 ,
1677 1253 1796 1279 alodium
1808 1263 1920 1289 quoque
1930 1254 1964 1280 de

450 1304 556 1329 Roslam·
570 1303 668 1328 totiens
681 1302 769 1327 dictae
779 1301 910 1327 ecclesiae
924 1310 985 1326 cum
1000 1300 1159 1326 nemusculo
1173 1300 1207 1325 de
1221 1300 1380 1326 Steinbecca
1391 1300 1513 1326 donavit.
1529 1301 1581 1326 hos
1594 1310 1674 1333 vcro,
1690 1300 1724 1326 de
1737 1306 1810 1326 statu
1824 1301 1965 1337 religionis

448 1356 474 1377 et
488 1351 590 1376 ordinis
604 1350 759 1385 integritate
772 1348 1005 1383 quamplurimum
1019 1347 1206 1383 g1·atulante5‚
1222 1356 1255 1373 ne
1269 1347 1455 1373 claustralium
1470 1357 1563 1382 pacem
1580 1347 1693 1373 turbare
1708 1348 1800 1382 potius
1817 1358 1898 1384 quam
1913 1358 1965 1375 nu-

449 1398 515 1424 trire
533 1397 671 1423 videamur
682 1417 687 1425 ,
702 1396 812 1421 domino
826 1395 965 1421 Gileberto
976 1415 982 1427 ,
998 1394 1090 1420 abbati
1105 1394 1242 1420 ninivensi
1256 1398 1283 1419 ct
1300 1394 1504 1420 successoribus
1518 1394 1577 1427 ejus
1589 1415 1595 1426 ,
1611 1394 1746 1430 quidquid
1760 1395 1886 1430 obsequii
1901 1405 1965 1422 nos—

448 1450 506 1471 trae
526 1444 665 1480 dignitatis
679 1443 712 1469 ad
728 1443 858 1469 honorem
878 1442 993 1474 attinet,
1013 1442 1123 1467 omnino
1140 1441 1321 1473 remittimus,
1338 1447 1469 1476 excepto,
1489 1441 1563 1477 quod
1582 1441 1664 1467 semel
1680 1442 1706 1467 in
1727 1451 1817 1474 anno,
1834 1443 1856 1468 si
1874 1447 1963 1469 tamen

449 1491 634 1527 praemonitus
652 1489 733 1515 suerit
744 1510 750 1517 ,
767 1489 800 1514 ad
813 1488 947 1523 synodum
961 1489 1055 1515 venire
1073 1487 1192 1514 curabit.
1208 1487 1277 1513 Item
1292 1487 1423 1514 ecclesiae
1438 1487 1582 1513 beatorum
1600 1493 1750 1523 martyrum
1765 1488 1882 1522 Christi,
1897 1489 1964 1516 Cor-

450 1539 512 1565 nelii
521 1544 546 1564 ct
556 1537 694 1572 Cypriani,
706 1536 861 1570 hujusmodi
872 1535 1026 1561 libertatem
1038 1535 1223 1567 concedimus,
1236 1534 1366 1569 quatinus
1379 1534 1463 1560 abbas
1474 1534 1577 1560 electus
1589 1534 1623 1560 ad
1634 1535 1849 1561 consecrandum
1860 1536 1962 1569 iturus,

449 1586 575 1612 baculum
590 1584 752 1620 pastoralem
767 1593 850 1618 super
864 1583 944 1609 altari
958 1583 1069 1618 propria
1085 1592 1166 1608 manu
1181 1582 1306 1617 accipiat.
1323 1581 1443 1617 Contigit.
1457 1581 1623 1617 aliquotiens
1633 1603 1640 1614 ,
1656 1587 1687 1608 ut
1704 1582 1786 1608 alicui
1805 1583 1964 1610 infirmitate

449 1634 559 1660 detento
574 1638 601 1659 et
616 1632 715 1658 volenti
727 1631 849 1658 converti
862 1631 1011 1666 prohibitio
1025 1630 1180 1665 presbyteri
1191 1630 1233 1656 sui
1246 1630 1381 1659 obviaret,
1397 1629 1471 1664 quod
1481 1630 1545 1665 quia
1557 1630 1725 1655 contrarium
1734 1630 1807 1656 beati
1818 1630 1964 1667 Augustini

450 1680 560 1717 regulae
575 1680 698 1709 videtur,
715 1679 814 1705 dicenti
830 1688 836 1705 t
856 1692 867 1701 u
882 1678 1018 1713 Suscipite
1033 1678 1173 1712 infirmos3
1190 1689 1201 1699 u
1218 1677 1344 1703 omnibus
1360 1676 1432 1702 infra
1446 1677 1532 1702 nostri
1544 1677 1718 1712 episcopatus
1733 1678 1863 1704 terminos
1876 1678 1964 1705 simile

449 1728 644 1763 quaerentibus
658 1727 774 1762 benigne
788 1726 960 1752 concedimus
969 1747 975 1757 ,
987 1731 1017 1752 ut
1026 1726 1059 1752 ad
1069 1726 1210 1751 ecclesiam
1218 1725 1391 1751 Nimvensem
1402 1725 1591 1751 indubitanter
1603 1735 1631 1751 se
1645 1725 1822 1751 transferant.
1833 1726 1861 1752 Si
1871 1731 1962 1753 autem

448 1775 577 1810 principis
591 1775 746 1809 provinciae
760 1775 816 1800 sive
831 1774 1029 1809 cujuscumque
1050 1773 1182 1800 forefacto
1197 1773 1274 1809 regio
1288 1772 1372 1798 suerit
1391 1772 1541 1798 imbannita
1551 1793 1558 1805 ,
1574 1773 1686 1799 remotis
1707 1773 1944 1799 excommunicatis
1954 1794 1961 1801 ,

447 1822 566 1848 divinum
586 1822 612 1847 in
631 1821 741 1848 ecclesia
758 1821 940 1856 permittimus
954 1821 1069 1846 officium
1085 1820 1231 1846 celebrari.
1247 1820 1300 1845 Nos
1317 1819 1428 1855 quidem
1443 1828 1474 1845 ex
1493 1819 1617 1854 injuncto
1635 1819 1713 1845 nohis
1727 1819 1812 1846 officio
1829 1820 1964 1856 quidquid

449 1868 665 1895 reverendissimi
674 1873 765 1903 patres
774 1868 859 1894 nostri
869 1867 1006 1893 Honorius
1015 1872 1098 1902 atque
1110 1867 1287 1893 Innocentius
1298 1866 1424 1902 religiose
1435 1866 1629 1899 decreverunt,
1640 1867 1720 1893 unica
1729 1876 1795 1893 voce
1803 1867 1963 1903 praedicare

449 1916 594 1949 ‹lebemusg
612 1915 798 1941 interdicimus
814 1915 906 1950 itaque
924 1924 956 1940 ex
975 1914 1125 1949 apostolica
1143 1913 1322 1945 auctoritate,
1343 1923 1377 1939 ne
1394 1914 1421 1939 in
1441 1913 1554 1939 ecclesia
1574 1913 1727 1946 Nintvensi,
1745 1914 1772 1939 in
1792 1923 1847 1949 qua
1863 1913 1963 1941 fratres

448 1963 529 1989 vitam
542 1962 697 1988 canonicam
712 1961 827 1997 professi
840 1962 958 1997 degunt,
974 1961 1023 1987 ulli
1036 1961 1146 1987 omnino
1159 1961 1300 1987 hominum
1314 1960 1394 1986 liceat
1404 1981 1410 1992 ‚
1428 1961 1578 1986 secundum
1594 1961 1666 1987 beati
1679 1961 1824 1997 Augustini
1839 1961 1962 1998 regulam

448 2009 545 2035 ibidem
560 2009 735 2035 constitutam
749 2014 930 2040 commutare,
947 2008 1038 2034 nullus
1052 2009 1131 2034 etiam
1147 2008 1337 2043 episcoporum
1354 2007 1454 2033 suturis
1471 2007 1640 2042 temporibus
1654 2007 1754 2034 audeat
1772 2007 1836 2034 inde
1850 2008 1962 2035 fratrem

449 2057 600 2085 abducere,
617 2065 666 2082 nec
685 2056 825 2091 professus
840 2056 972 2091 quispiam
994 2066 1024 2082 ex
1045 2055 1138 2082 eadem
1159 2055 1272 2081 ecclesia
1293 2059 1341 2081 aut
1358 2055 1478 2081 claustro
1497 2059 1655 2090 praesumat
1673 2055 1731 2081 sine
1748 2056 1884 2082 communi
1899 2066 1964 2082 con—

448 2104 611 2139 gregationis
623 2103 799 2138 permissione
813 2103 953 2129 discedere
964 2123 971 2134 ,
988 2103 1173 2129 discedentem
1187 2112 1252 2128 vero
1267 2101 1360 2128 nullus
1375 2102 1580 2137 episcoporum,
1597 2101 1690 2128 nullus
1704 2102 1851 2135 abbatum,
1871 2103 1964 2130 nullus

450 2150 641 2176 monachorum
651 2171 658 2178 ,
674 2151 730 2176 sine
739 2150 874 2176 communi
885 2150 1038 2176 litterarum
1052 2150 1178 2176 cautione
1189 2150 1343 2184 suscipere3
1357 2149 1502 2175 statuimus
1516 2150 1608 2181 etiam,
1624 2154 1655 2174 ut
1669 2148 1735 2174 nulli
1748 2149 1829 2176 liceat
1841 2149 1963 2176 eamdem

448 2198 586 2224 ecclesiam
601 2203 703 2223 temere
718 2197 882 2232 perturbare
893 2202 940 2223 aut
954 2197 1013 2231 ejus
1028 2197 1213 2232 possessiones
1224 2197 1334 2222 aul'erre
1346 2217 1352 2228 ,
1364 2196 1407 2222 vel
1419 2196 1522 2222 ablatas
1536 2196 1656 2222 retinere
1667 2217 1673 2227 ,
1687 2197 1810 2222 minuere
1823 2195 1864 2222 vel
1878 2201 1964 2223 teme—

451 2245 528 2270 rariis
537 2244 724 2270 vexationibus
733 2244 847 2279 fatigare
855 2265 861 2276 ,
872 2243 919 2270 sed
928 2244 1017 2269 omnia
1029 2244 1135 2279 integra
1144 2248 1343 2270 conserventur
1353 2242 1522 2278 regularium
1535 2242 1651 2268 fratrum
1665 2247 1691 2269 et
1703 2252 1857 2278 pauperum
1867 2243 1964 2270 usibus

451 2292 604 2326 profutura.
627 2291 654 2317 Si
676 2301 730 2326 qua
747 2291 831 2326 igitur
850 2291 877 2316 in
896 2290 1021 2316 futurum
1042 2291 1223 2317 ecclesiastica
1241 2290 1407 2316 secularisve
1426 2299 1543 2325 persona
1560 2289 1680 2315 alienare
1699 2289 1734 2315 ab
1749 2289 1863 2316 ecclesia
1883 2290 1965 2326 quid-

451 2348 530 2373 quam
546 2338 619 2373 quod
638 2338 755 2374 legitime
776 2337 909 2373 possidet,
925 2338 1155 2373 praesumpserit,
1171 2338 1193 2363 si
1213 2347 1266 2363 non
1287 2337 1488 2366 satisfactione,
1506 2336 1627 2362 secundo
1642 2337 1758 2363 tertiove
1779 2338 1943 2363 commonita
1954 2358 1961 2370 ,

451 2394 570 2420 congrue
581 2385 777 2417 emendaverit,
793 2384 819 2410 in
831 2389 952 2410 extremo
963 2385 1084 2410 examine
1091 2384 1232 2411 districtae
1242 2384 1341 2410 ultioni
1352 2383 1501 2418 subjaceat.
1516 2383 1626 2409 Cunctis
1634 2388 1726 2409 autem
1735 2383 1822 2410 eidem
1833 2384 1963 2411 ecclesiae

448 2432 522 2465 justa
538 2431 711 2457 servantibus
724 2431 758 2456 sit
772 2440 823 2466 pax
837 2431 944 2457 Domini
958 2431 1046 2457 nostri
1059 2431 1145 2457 Jhesu
1161 2431 1276 2463 Christi,
1293 2431 1423 2466 quatinus
1437 2436 1465 2456 et
1479 2430 1522 2456 hic
1537 2430 1658 2456 l'ructum
1671 2430 1759 2456 bonae
1774 2431 1888 2457 actionis
1898 2439 1962 2466 per-

450 2478 550 2512 cipiant
563 2483 590 2503 et
604 2478 676 2513 apud
690 2478 841 2504 districtum
851 2478 971 2511 judicem
985 2479 1106 2513 proemia
1116 2483 1244 2504 aeternae
1257 2478 1332 2513 pacis
1343 2478 1493 2504 inveniant.
1508 2477 1606 2503 Amen.
1618 2477 1760 2503 sancimus
1772 2477 1854 2503 etiam
1864 2482 1896 2503 ut
1908 2487 1961 2513 pro

452 2524 586 2551 Gerardo.
604 2525 724 2558 ejusdem
741 2525 870 2551 ccclesiae
885 2525 1030 2552 fundatore
1045 2530 1072 2552 et
1086 2530 1293 2559 constructore,
1309 2525 1335 2551 iu
1351 2524 1445 2552 eadem
1459 2524 1573 2551 ecclesia
1582 2524 1658 2560 jugis
1674 2525 1805 2552 memoria
1818 2524 1847 2551 in
1859 2525 1962 2552 oratio-
