2118 3184
519 425 744 461 canonici
771 426 939 461 AEGlDll
967 427 1008 461 LI
1038 426 1200 461 muisis.
1543 428 1609 461 3-'01

105 533 159 566 nis
177 533 348 578 episcopis
369 533 666 568 'l‘m·11aceusih1·s.
695 533 738 567 de
759 534 897 568 civitate
919 534 1147 573 'l'oi·11acensi,
1168 534 1212 568 de
1231 535 1366 582 guerris
1386 535 1477 568 inter
1497 534 1614 567 donii-

107 603 171 624 nos
201 603 299 638 reges
331 591 492 625 Franciae
514 591 671 625 xidolieet
705 599 736 625 et
769 592 928 638 Angliae,
958 599 989 626 ct
1016 592 1239 626 Flandrenses
1271 606 1289 626 a
1323 593 1426 640 longo
1457 599 1613 638 tempore

109 649 211 682 motis
235 649 522 694 compilaveram.
551 649 794 683 ordinamfrain
814 657 844 683 et
866 651 968 684 scribi
989 650 1160 691 feceram,
1181 651 1214 683 in
1241 663 1313 696 quo
1333 657 1482 684 tractatu
1506 651 1614 684 multa

108 707 334 742 continentur
366 720 476 754 nsque
507 708 550 742 ad
581 715 737 754 tempus.
772 721 843 754 quo
876 715 1031 754 tempore
1063 708 1261 743 Ludovicus
1292 709 1430 753 juvenis
1448 736 1456 751 ,
1498 722 1614 742 eomes

108 765 304 807 Flandriae,
327 766 459 800 habens
478 767 512 800 in
535 779 677 800 uxorein
699 767 803 800 liliam
823 766 923 800 ducis
943 767 1165 801 Brabantiae.
1187 768 1328 801 intravit
1347 769 1381 801 in
1402 767 1609 801 l¹'lan(li·iain.

107 830 139 857 et
166 825 294 870 recepti
324 824 464 858 fuerunt
492 824 607 858 dictus
629 838 746 858 eomes
767 832 801 858 ct
824 825 967 859 domina
994 825 1168 859 comitissa
1196 826 1338 871 pacifice
1367 832 1399 859 et
1424 826 1614 859 successivo

108 895 126 916 a
150 881 252 916 dictis
277 882 562 919 Flandrensibus.
596 896 664 916 nou
696 890 811 916 tamen
843 896 912 917 nna
936 883 1009 925 die,
1041 883 1102 917 sed
1130 896 1190 929 per
1214 883 1288 917 dies
1311 884 1561 929 interpellatos.
1591 886 1614 916 ,Χ

108 947 266 986 tempore
292 947 408 974 autem
440 954 512 987 quo
537 941 622 975 «licii
645 954 761 975 eomes
783 948 817 975 ct
840 942 1014 975 comitissa
1036 942 1165 987 recepti
1190 942 1351 975 fuerunt.
1380 942 1470 975 siluit
1507 942 1616 987 patria

108 998 344 1041 Flandrensis,
361 1006 395 1032 et
411 1006 507 1033 erant
524 1001 625 1046 pauci
640 1012 798 1033 runmres
811 999 855 1032 de
870 1012 997 1047 guerra
1015 1000 1105 1032 inter
1121 1012 1217 1047 reges
1234 1000 1394 1033 Franciae
1409 1006 1442 1032 et
1459 998 1612 1045 Angliae.

108 1057 150 1090 Et
168 1064 378 1091 mercatores
397 1070 517 1092 secure
536 1059 633 1092 ibant
652 1058 696 1092 ad
715 1071 793 1092 suas
814 1065 1046 1100 mercatui-as„
1069 1058 1128 1091 sed
1148 1065 1292 1103 propter
1310 1064 1466 1091 monetas
1485 1057 1616 1091 debiles

109 1121 289 1148 currentes
303 1116 338 1149 in
360 1116 516 1159 Francia,
533 1116 808 1150 debilitabantur
823 1123 1056 1158 mercaturae,
1075 1117 1120 1149 ita
1135 1116 1232 1161 quod
1247 1116 1398 1161 populus
1413 1122 1506 1149 totus
1523 1128 1615 1149 com-

109 1173 278 1217 muniter,
290 1173 431 1217 divites.v
445 1174 638 1208 mediocres
653 1181 687 1208 et
701 1186 885 1220 pauperes,
902 1173 945 1207 de
960 1174 1096 1207 caristia
1111 1173 1204 1207 bladi
1216 1201 1224 1217 7
1242 1174 1309 1206 vini
1327 1181 1361 1207 et
1374 1174 1532 1206 omnium
1549 1174 1617 1207 vic-

109 1231 257 1265 tualium
277 1234 586 1279 conquerebantur
605 1239 638 1265 et
656 1232 842 1273 dolebant,
863 1244 928 1278 pro
947 1244 988 1265 eo
1006 1231 1104 1277 quod
1123 1232 1271 1277 operarii
1292 1244 1415 1277 parum
1438 1239 1497 1265 aut
1516 1233 1614 1277 quasi

110 1289 198 1323 nihil
215 1290 455 1324 lucrabantur.
471 1291 511 1324 Et
526 1291 652 1324 raseria
666 1290 759 1324 bladi
774 1290 994 1323 vendebatur
1007 1289 1149 1336 triginta
1162 1288 1280 1322 solidis
1298 1288 1422 1322 debilis
1437 1296 1596 1323 monetae
1608 1317 1615 1329 ,

110 1353 145 1381 et
162 1348 283 1381 vinum
301 1347 442 1382 duobus
459 1348 598 1391 solidis,
620 1355 654 1381 et
671 1348 789 1381 omnia
807 1360 886 1381 cara
913 1353 1012 1380 erant
1030 1353 1174 1392 propter
1193 1353 1371 1379 monetam
1390 1346 1552 1380 debilem.

159 1406 261 1439 Anno
280 1405 525 1447 MCCCXLIX,
548 1412 719 1439 venerunt
733 1418 822 1439 nova
840 1405 1119 1451 quamplurima,
1139 1411 1173 1437 et
1191 1410 1290 1437 erant
1307 1416 1466 1437 rumores
1484 1406 1619 1438 univer-

111 1463 228 1498 saliter
245 1462 344 1510 quod
361 1476 447 1511 gens
467 1463 609 1509 juda'i'ca
632 1476 694 1510 per
712 1475 887 1497 venenum
902 1461 1065 1508 jaciendo
1084 1462 1120 1494 in
1139 1462 1316 1504 fontibus,
1346 1462 1381 1495 in
1400 1463 1514 1507 puteis
1532 1469 1563 1495 et
1584 1463 1617 1495 in

112 1521 232 1568 aquis,
253 1521 426 1568 populum
445 1521 676 1556 christianum
689 1548 698 1565 ,
718 1522 746 1555 si
765 1527 923 1567 possent,
943 1519 1123 1554 destruere
1141 1519 1357 1553 nitebantur.

160 1579 309 1626 Insuper
335 1592 495 1614 rumores
521 1579 625 1614 validi
649 1586 749 1614 erant
774 1579 818 1613 de
840 1579 1052 1613 mortalitate
1074 1590 1164 1624 quae
1193 1578 1324 1623 incepit
1342 1578 1377 1611 in
1401 1578 1564 1619 Oriente,
1586 1586 1617 1612 et

113 1638 182 1672 fuit
202 1650 308 1684 super
326 1638 432 1673 Indos
452 1646 486 1673 et
511 1651 617 1685 super
635 1651 757 1673 omnes
778 1639 938 1686 regiones
962 1637 1257 1680 christianorum,
1279 1648 1516 1684 paganorum,
1538 1636 1620 1670 Sar-

114 1709 323 1731 racenorum
347 1704 382 1731 et
411 1698 572 1732 omnium
599 1698 784 1732 nationum
815 1697 859 1730 ab
884 1696 1028 1730 Oriente
1061 1701 1096 1728 et
1121 1695 1364 1741 Septentrione
1391 1701 1425 1728 et
1452 1694 1616 1737 Meridie,

114 1755 294 1789 laborante
321 1755 414 1789 fama
443 1762 478 1789 et
507 1756 751 1790 attestantibus
776 1755 966 1789 viatoribus
989 1760 1024 1787 et
1045 1753 1299 1787 mercatoribus
1325 1753 1386 1799 qui
1412 1753 1620 1800 longinquas

100 1815 276 1862 *regiones
296 1814 387 1848 soliti
410 1821 493 1848 sunt
516 1815 752 1862 frequentare.
776 1814 815 1848 In
838 1820 976 1847 tantum
1001 1811 1098 1859 quod
1124 1812 1161 1845 in
1179 1812 1298 1845 multis
1321 1811 1404 1845 locis
1423 1812 1523 1844 tertia
1542 1823 1621 1856 pars

116 1872 260 1918 populi,
281 1872 318 1906 in
337 1873 456 1907 multis
479 1873 562 1907 locis
580 1880 706 1920 quarta
724 1885 804 1919 pars
825 1879 886 1906 aut
909 1870 1042 1914 media,
1070 1877 1105 1904 et
1123 1871 1158 1903 in
1177 1870 1338 1916 pluribus
1357 1870 1559 1917 regionibus
1577 1869 1620 1902 de

116 1930 238 1965 decem
259 1932 416 1977 personis
434 1944 503 1966 una
524 1944 671 1978 persona
689 1930 912 1965 solummodo
930 1936 991 1963 aut
1008 1929 1099 1963 duae
1116 1929 1269 1962 viventes
1286 1935 1504 1974 supererant.
1528 1928 1568 1960 lit
1585 1928 1619 1960 in

117 1989 237 2023 multis
255 1990 339 2024 locis
357 1997 468 2024 terrae
487 1997 521 2024 et
542 1991 661 2025 vineae
680 1991 831 2024 incultae
850 1989 1090 2023 remanebant.
1113 1988 1154 2021 Et
1166 1987 1331 2021 dicebant
1343 1987 1507 2033 astrologi
1525 1986 1620 2032 quod

117 2047 181 2081 ista
200 2054 386 2094 tempestas
402 2056 476 2083 erat
497 2062 560 2095 per
578 2049 864 2095 conjunctionem
883 2045 1118 2094 quarumdam
1136 2046 1313 2079 stellarum
1332 2052 1367 2079 et
1381 2045 1617 2090 1⁷)lanetarum,

118 2112 263 2151 propter
280 2118 388 2152 quam
406 2107 692 2153 conjunctionem
712 2114 771 2141 aer
788 2113 862 2140 erat
878 2112 1066 2151 corruptus
1079 2131 1088 2148 ,
1110 2111 1146 2138 et
1167 2116 1230 2150 per
1252 2104 1513 2149 corruptionem
1533 2102 1621 2135 aeris

118 2163 353 2211 generabatur
369 2165 573 2209 infirmitas,
597 2178 704 2212 quam
724 2166 895 2200 vocabant
912 2163 1136 2210 epidemiam.

169 2221 341 2256 Rumores
362 2224 466 2257 etiam
485 2224 602 2272 magni
627 2230 727 2257 erant
745 2223 843 2270 quod
863 2223 897 2256 in
917 2221 1109 2269 Hongaria,
1135 2221 1171 2254 in
1190 2221 1412 2262 Alamannia,
1438 2220 1472 2253 in
1491 2219 1620 2252 ducatu

121 2280 328 2314 Brabantiae
341 2308 349 2324 ,
370 2281 414 2315 de
432 2282 630 2316 civitatibus
642 2309 651 2325 .,
675 2282 718 2315 de
737 2282 842 2324 villis,
864 2281 908 2315 de
926 2280 1065 2321 castris,
1087 2278 1131 2312 de
1150 2277 1289 2324 oppidis
1311 2285 1345 2311 et
1361 2277 1404 2311 de
1420 2278 1506 2310 villis
1525 2290 1622 2310 eam—

118 2339 293 2386 pestribus
311 2340 472 2374 homines
492 2347 592 2375 erant
609 2346 837 2386 provocantes
858 2352 893 2373 se
913 2338 957 2372 ad
976 2338 1143 2380 invicem,
1164 2343 1198 2370 et
1214 2336 1409 2370 adunantes
1427 2335 1532 2369 modo
1552 2334 1621 2368 du-

120 2397 230 2436 centi,
258 2396 365 2432 m'odo
390 2399 556 2441 trecenti,
583 2397 689 2432 modo
715 2397 899 2445 quingenti
920 2403 955 2430 et
980 2396 1115 2441 plures,
1142 2393 1336 2428 secundum
1358 2393 1621 2440 possibilitatem

122 2456 273 2506 patriae,
299 2463 334 2490 et
358 2457 457 2491 ibant
475 2469 537 2502 per
563 2456 712 2503 patriam
732 2456 877 2503 triginta
900 2454 1013 2488 tribus
1038 2453 1163 2487 diebus
1189 2452 1384 2495 continuis,
1412 2452 1464 2485 bis
1485 2451 1521 2485 in
1544 2450 1619 2493 die,

123 2517 227 2553 nudis
252 2515 402 2563 pedibus
424 2522 459 2550 et
480 2528 626 2562 corpore
648 2522 785 2561 praeter
806 2513 1006 2557 femoralia,
1030 2511 1174 2558 capucia
1197 2511 1383 2553 habentes,
1412 2522 1448 2544 se
1466 2509 1623 2556 scorpio—
