2118 3184
459 412 686 448 Cimone-x
715 413 882 448 AEGIDII
912 413 953 447 Ll
982 411 1147 447 MUISIS.
1513 412 1580 446 :307

65 522 163 568 quod
196 523 304 556 inulta
340 523 429 556 mala
463 522 660 557 acciderent
693 534 784 569 quac
817 529 937 568 postea
969 521 1038 556 vidi
1068 522 1218 555 evenire.
1261 522 1306 554 Do
1338 532 1431 554 anuo
1462 526 1580 552 autem

67 580 99 613 M
124 579 203 614 CCC
227 580 314 614 XLV
341 581 611 627 praenosticavit
642 587 677 614 ct
710 580 795 614 dixit
815 607 823 623 τ
857 580 955 626 quod
983 580 1179 626 inciperent
1212 591 1360 627 guerrae
1392 590 1514 625 graves
1547 577 1580 609 iu

66 637 211 672 diversis
239 639 321 673 locis
345 646 376 672 οι
407 639 627 682 climatibus,
655 645 690 672 et
715 639 751 672 in
784 651 877 672 anno
904 638 1010 672 XLVI
1038 645 1073 672 et
1104 638 1140 671 in
1166 650 1259 671 auno
1290 636 1435 677 XLVII„
1465 642 1580 669 tantae

65 703 179 730 essent
198 710 346 745 guerrae
367 697 609 731 universaliter
627 704 661 730 et
681 698 715 730 in
734 698 901 731 omnibus
921 697 1003 731 Iocis
1020 696 1119 743 quod
1139 710 1228 742 pene
1246 697 1372 742 aliquis
1391 695 1491 728 sciret
1509 706 1582 740 quo

68 755 117 788 ire
137 762 256 801 etqua
276 756 380 789 verti.
407 768 470 789 nec
490 756 550 789 ubi
571 762 683 801 posset
704 768 849 789 securus
875 767 1075 796 remanereg
1097 762 1132 789 et
1149 754 1247 801 quod
1270 755 1304 787 iu
1324 766 1417 788 anno
1440 752 1580 786 XLVIII

64 813 262 859 inciperent
291 814 550 860 aliquantulum
580 814 668 847 mala
697 826 830 848 cessare
856 821 891 848 et
913 826 1061 862 guerrae
1086 814 1122 848 in
1149 820 1246 859 parte
1268 813 1389 855 silere7
1413 812 1458 844 ita
1484 809 1581 856 quod

68 878 183 905 essent
204 878 434 905 mercaturae.
462 873 509 905 lle
528 885 621 905 aimo
641 879 759 906 autem
784 872 895 906 XLIX
914 872 1185 918 praenostieavit
1207 871 1305 918 quod
1324 878 1409 904 tuuc
1428 869 1582 902 xiventes

66 930 145 976 plus
173 931 387 964 mirarentur
413 931 457 964 de
483 932 740 965 mutationibus
766 931 940 965 malorum
971 932 1005 965 in
1037 932 1193 973 bonum5
1226 942 1334 976 quam
1365 928 1434 962 sint
1464 926 1579 960 mirati

65 988 220 1023 viventes
247 989 291 1023 de
319 990 484 1023 omuibus
511 990 754 1024 accidentibus
775 1004 794 1024 a
821 991 997 1036 principio
1023 1002 1234 1038 guerrarum
1266 1000 1378 1034 usque
1406 985 1449 1019 ad
1481 985 1579 1018 illuni

65 1059 212 1081 annum.
242 1048 290 1081 De
309 1060 402 1081 anno
422 1055 540 1082 autem
564 1049 607 1092 L7
631 1049 718 1082 nihil
737 1049 848 1083 voluit
869 1049 957 1083 mihi
977 1048 1093 1083 dicere
1115 1060 1179 1082 nec
1201 1046 1334 1092 aliquid
1353 1046 1397 1079 ab
1415 1058 1457 1078 eo
1480 1044 1580 1090 potui

64 1105 152 1139 scire
168 1112 228 1139 aut
242 1112 463 1152 extorquere.
485 1107 557 1154 Ego
576 1114 694 1140 autem
710 1114 880 1153 tanquam
894 1107 1033 1153 juvenis
1052 1118 1116 1140 nec
1134 1118 1277 1151 sperans
1293 1110 1431 1137 tantum
1450 1102 1577 1144 vivere,

67 1165 186 1198 onmia
218 1177 282 1210 pro
311 1165 422 1199 nihilo
450 1166 671 1211 reputabam.
702 1166 770 1200 Sed
795 1166 879 1212 quia
903 1167 974 1200 vita
998 1165 1128 1199 comite
1150 1165 1186 1197 in
1211 1175 1303 1197 anno
1327 1161 1436 1195 XLIX
1464 1161 1582 1193 vivens

66 1221 185 1256 adhuc
208 1235 305 1256 eram
331 1230 365 1256 et
391 1223 547 1257 videram
571 1236 610 1256 ea
639 1236 730 1269 quae
762 1224 797 1256 in
825 1223 929 1257 dictis
954 1223 1055 1256 annis
1078 1227 1284 1263 evenerant,
1318 1219 1361 1253 de
1386 1219 1517 1265 quibus
1544 1218 1580 1251 in

64 1281 221 1327 quodam
244 1288 394 1315 tractatu
415 1282 480 1315 feci
501 1282 736 1324 mentionem,
758 1281 803 1315 de
820 1281 1063 1315 accidentibus
1080 1287 1199 1314 autem
1219 1279 1300 1313 anni
1319 1276 1579 1324 quadragesimi

65 1340 148 1373 noni
169 1339 338 1385 proposui
355 1339 472 1385 aliqua
490 1340 688 1387 registrare.
1212 1336 1217 1341 ’

113 1397 232 1431 Primo
247 1396 291 1430 de
305 1396 452 1431 domino
469 1409 609 1431 summo
622 1398 810 1443 pontifice7
829 1396 1008 1431 Clemente
1021 1408 1112 1443 papa
1126 1402 1222 1430 sexto
1232 1422 1240 1438 a
1258 1401 1293 1428 et
1305 1393 1350 1427 de
1364 1391 1577 1440 quibusdam

63 1455 138 1490 aliis
156 1467 219 1502 per
236 1461 404 1489 metrum.

112 1514 220 1557 Item7
241 1525 304 1560 per
323 1526 463 1559 prosam
477 1513 522 1547 de
541 1513 858 1560 praenosticatione
875 1513 1034 1561 magistri
1052 1511 1223 1547 Johannis
1241 1510 1285 1545 de
1307 1510 1428 1544 Muris.

112 1573 220 1616 Item„
241 1572 286 1606 de
304 1573 466 1618 captione
481 1572 710 1607 Judaeorum.

112 1632 220 1675 Item,
242 1630 286 1665 de
304 1631 425 1665 multis
443 1632 517 1665 aliis
535 1631 790 1666 accidentibus.

112 1691 200 1724 Item
212 1717 221 1733 ,
241 1689 286 1723 de
305 1690 517 1724 facientibus
539 1690 792 1736 poenitentiam
814 1691 995 1737 publicam
1008 1697 1044 1725 et
1056 1689 1101 1724 de
1118 1688 1254 1737 ingenti
1271 1684 1493 1720 mortalitate.

491 1821 544 1855 De
566 1821 718 1856 Domino
730 1835 832 1869 papa
854 1821 1025 1856 Clemente
1043 1826 1147 1855 sesrto.

477 1934 579 1967 Anno
599 1933 734 1968 domini
753 1933 896 1968 milleno

479 1993 527 2026 Ac
547 1993 652 2026 etiam
672 2000 725 2027 ter
743 1999 892 2027 centeno

478 2050 608 2085 Juncto
628 2051 864 2099 quadraginta
882 2062 1028 2092 novem„

479 2110 601 2144 Pastor
619 2110 735 2144 bonus
755 2110 816 2144 Dei
835 2122 937 2144 ovem
951 2136 960 2151 7

480 2167 520 2201 Id
539 2174 590 2201 est
607 2175 764 2202 sanctam
781 2168 977 2210 ecclesiam,

479 2225 628 2259 Matrem
646 2233 803 2261 nostram
821 2238 960 2272 semper
979 2226 1071 2272 piam
1085 2251 1093 2267 τ

478 2283 638 2317 Clemens
655 2291 772 2318 sextus
789 2284 1024 2332 gubernabat.

480 2343 542 2377 Hic
561 2355 660 2377 suam
680 2343 799 2377 sedem
818 2344 962 2377 tenebat

479 2401 518 2434 In
539 2401 617 2435 villa
638 2401 837 2435 Avionensi.

432 2166 453 2202 Ut

410 2458 452 2493 10
479 2460 558 2493 Fuit
574 2472 719 2506 quoque
738 2459 782 2493 de
801 2460 962 2494 immensi

479 2517 613 2552 Ordine
632 2524 718 2552 tunc
736 2517 994 2552 monachorum
