2137 3131
474 388 542 422 604
811 384 984 421 CORPUS
1011 382 1342 418 CHRONICORUM
1371 381 1633 416 FLANDRIAE.

476 499 588 532 clarus
608 496 769 529 habetur.
793 493 975 538 Philippus
994 491 1110 523 senior
1129 489 1286 522 Veronae
1309 495 1344 522 et
1359 489 1480 534 junior
1499 489 1629 522 Romae
1647 501 1666 522 a
1688 488 1793 522 Decio
1812 487 1983 522 occidun-

477 564 553 593 tur,
575 556 620 588 oh
638 565 790 599 quorum
811 550 932 584 odium
953 548 1232 595 persecutionem
1255 554 1371 581 movet
1389 547 1423 580 in
1443 546 1671 580 Christianos.

526 613 648 647 Decius
661 623 741 643 cum
760 610 829 642 filio
845 621 908 641 suo
923 607 1110 653 imperium
1128 606 1263 639 invasit.
1283 605 1486 640 'Notandum
1501 605 1597 652 quod
1612 612 1683 639 tam
1699 605 1743 638 de
1757 606 1856 638 annis
1873 605 1979 646 Decii7

476 684 580 718 quam
601 669 644 703 de
666 680 793 715 genere
814 667 935 700 mortis
953 666 1046 712 ejusff
1073 665 1283 698 diversitatis
1301 665 1479 707 confusio„
1505 677 1546 698 ex
1571 665 1724 698 historiis
1747 669 1911 711 generata
1933 661 1984 696 di-

476 729 580 762 versis
591 755 599 769 ,
616 727 754 761 sedulos
771 726 895 759 merito
912 724 1107 770 compellit,
1123 730 1158 757 et
1171 723 1340 757 discretos
1358 724 1504 757 lectores
1517 723 1561 756 ad
1576 723 1787 757 scrutinium
1802 728 1981 769 provocat.

478 788 562 821 Nam
588 787 621 819 iu
645 785 820 819 chronicis
842 796 914 817 uno
937 789 1075 816 tantum
1100 794 1193 815 anno
1216 794 1379 829 regnasse
1406 782 1604 815 invenitur.
1634 782 1669 814 in
1696 781 1843 815 historia
1870 780 1984 815 Orosii

476 846 607 888 tribus7
634 842 829 877 secundum
850 841 1142 888 martyrologium
1162 852 1244 873 vero
1268 846 1302 873 et
1322 839 1428 873 fidem
1452 846 1632 887 gestorum
1653 840 1752 873 annis
1772 840 1839 884 xvj.
1861 839 1984 885 Itaque

477 904 590 950 primo
617 902 690 947 ejus
713 913 805 934 anno
831 911 952 946 passus
973 905 1025 932 est
1049 899 1220 932 Fabianus
1237 925 1245 941 a
1272 897 1453 931 Cornelius
1475 898 1599 940 tertio}
1627 897 1754 931 Lucius
1780 904 1907 944 quarto
1933 896 1985 930 vel

475 968 589 1004 sexto:
609 961 692 1007 quia
711 961 746 993 in
761 957 974 1006 quibusdam
989 958 1089 991 annis
1100 958 1225 999 tribus7
1246 957 1280 990 in
1296 955 1510 1003 quibusdam
1527 957 1584 1002 viij
1600 956 1780 990 mensibus
1795 956 1985 1002 praefuisse

477 1021 653 1055 invenitur
672 1019 871 1065 Stephanus
890 1017 947 1063 xiij
963 1044 970 1059 ‚
994 1017 1140 1050 ultimus
1159 1016 1275 1049 Sixtus
1294 1016 1419 1049 ultimo
1439 1016 1513 1061 ejus
1528 1027 1620 1049 anno
1634 1042 1642 1058 ³
1663 1027 1744 1048 cum
1763 1027 1835 1061 quo
1855 1015 1985 1049 Roma-

480 1092 544 1113 nus
558 1106 566 1122 ,
589 1078 818 1112 felicissimus
831 1104 838 1117 i,
860 1076 1020 1118 diaconi,
1042 1082 1076 1109 et
1096 1075 1265 1123 Agapitus
1285 1081 1320 1108 et
1341 1074 1527 1108 novissime
1543 1074 1752 1108 Laurentius
1767 1072 1986 1107 archidiaco-

479 1152 544 1172 nus
566 1144 600 1171 et
618 1136 828 1182 Hippolytus
847 1141 1017 1180 martyres
1037 1134 1127 1179 passi
1147 1140 1246 1176 sunt7
1270 1133 1297 1166 si
1316 1132 1459 1166 ecclesia
1474 1144 1545 1166 non
1564 1132 1709 1165 fallitur.
1732 1131 1766 1165 Si
1786 1144 1870 1180 ergo
1888 1131 1986 1178 quod

478 1198 513 1231 in
542 1196 685 1230 ecclesia
713 1195 910 1229 celebratur
936 1200 969 1226 et
996 1192 1144 1226 docetur
1171 1192 1398 1238 suscipimus„
1426 1191 1588 1237 pluribus
1611 1191 1714 1237 plane
1740 1203 1848 1237 quam
1874 1191 1988 1225 tribus

477 1255 577 1289 annis
591 1266 670 1287 eum
691 1264 853 1300 regnasse
866 1251 1053 1285 constabit.

526 1312 708 1347 Novatiani
724 1324 743 1345 a
757 1311 892 1344 Novato
912 1310 1118 1356 presbytero
1136 1310 1267 1343 Romae
1285 1310 1395 1342 exorti
1413 1315 1512 1352 sunt7
1529 1309 1590 1355 qui
1606 1308 1772 1343 adversus
1786 1309 1987 1344 Cornelium

479 1371 683 1406 cathedram
711 1376 857 1404 conatus
879 1368 1062 1411 invadere7
1092 1368 1341 1416 dogmatizavit
1361 1374 1441 1414 post
1468 1368 1683 1413 baptismum
1710 1368 1882 1402 criminali
1905 1380 1989 1414 pec-

479 1437 556 1464 cato
582 1429 695 1474 lapsos
719 1440 790 1461 non
810 1439 910 1473 posse
936 1427 1151 1472 poenitentia
1172 1426 1338 1472 reparari.
1365 1426 1435 1466 Qui
1462 1432 1496 1459 et
1518 1426 1591 1472 ipse
1617 1438 1681 1472 pro
1703 1426 1842 1461 Christo
1868 1439 1989 1473 passus

480 1495 543 1522 est.
566 1488 655 1521 Nota
672 1485 769 1532 quod
784 1486 819 1519 in
839 1485 1091 1532 martyrologio
1112 1485 1239 1517 Lucius
1259 1496 1347 1530 papa
1367 1484 1495 1531 legitur
1510 1484 1576 1517 sub
1594 1484 1778 1518 Valeriano
1797 1491 1832 1518 et
1845 1485 1989 1520 Galieno

481 1552 560 1592 post
581 1545 723 1579 exilium
742 1544 887 1590 punitus
905 1543 1076 1577 sententia
1095 1543 1254 1588 capitali„
1277 1549 1309 1576 et
1330 1542 1461 1576 ibidem
1481 1542 1610 1590 legitur
1628 1541 1848 1588 Stephanum
1866 1545 1990 1578 simili-

479 1612 533 1639 ter
547 1605 613 1637 sub
628 1603 810 1636 Valeriano
825 1602 1051 1636 decollatum.
1072 1602 1134 1648 qui
1148 1608 1265 1635 tamen
1286 1601 1367 1635 alibi
1380 1602 1494 1634 tribus
1508 1601 1713 1647 praefuissQ
1731 1602 1812 1636 alibi
1830 1602 1874 1649 vij
1890 1604 1990 1638 annis

482 1662 668 1696 invenitur.
695 1660 810 1694 Sixtus
828 1672 973 1706 quoque
992 1660 1073 1693 alibi
1096 1659 1257 1702 duobus..
1278 1660 1359 1693 alibi
1384 1660 1414 1705 xj
1439 1659 1555 1701 annisi
1582 1660 1709 1693 rexisse
1732 1660 1934 1705 ecclesiam,
1956 1669 1991 1696 et

481 1722 582 1768 plane
602 1721 668 1753 sub
688 1720 792 1753 Decio
813 1731 934 1765 passus
952 1719 1142 1752 invenitur.
1168 1720 1214 1752 De
1237 1725 1350 1752 morte
1373 1719 1467 1752 Decii
1491 1718 1620 1766 legitur
1637 1719 1673 1752 in
1699 1719 1856 1753 Romana
1877 1720 1990 1754 histo-

482 1781 529 1814 ria
544 1807 552 1823 a
573 1778 671 1825 quod
691 1779 763 1825 ipse
787 1790 867 1812 cum
888 1778 998 1811 Gnira
1021 1790 1102 1825 rege
1126 1777 1325 1811 Gothorum
1345 1776 1595 1825 congrediens7
1617 1778 1689 1811 suis
1710 1778 1856 1824 perditis
1875 1786 1909 1813 et
1927 1791 1991 1825 pe-

483 1845 621 1884 rempto
641 1838 732 1880 filio,
750 1837 786 1870 in
806 1835 994 1882 paludibus
1010 1836 1149 1883 fugiens
1162 1836 1366 1869 submersus
1383 1836 1445 1878 sita
1463 1842 1503 1869 ut
1520 1848 1592 1869 non
1610 1848 1739 1882 corpus
1755 1837 1830 1883 ejus
1842 1837 1991 1872 inveniri

481 1897 602 1944 possit.
625 1897 667 1930 At
686 1896 721 1929 in
745 1896 903 1942 passione
926 1895 1106 1941 Hippolyti
1130 1894 1261 1928 dicitur
1283 1894 1381 1941 quod
1404 1895 1529 1928 Decius
1551 1901 1586 1928 et
1602 1894 1807 1928 Valerianus
1830 1908 1989 1942 praeses,

482 1956 590 2002 passis
610 1961 767 1988 recenter
789 1954 977 1988 Laurentio
996 1960 1030 1987 et
1049 1954 1256 1999 Hippolyto.
1280 1967 1298 1987 a
1318 1953 1505 1987 daemonio
1528 1954 1657 1999 arrepti
1679 1954 1723 1987 ab
1745 1954 1876 1988 eisdem
1895 1967 1992 1989 mar-

483 2014 618 2060 tyribus
633 2025 667 2046 se
681 2012 945 2046 intolerabiliter
959 2012 1107 2045 cruciari
1128 2012 1338 2045 clamabant.
1351 2011 1555 2045 Valerianus
1569 2018 1687 2045 autem
1704 2024 1784 2046 mox
1801 2013 1991 2048 exstinctus

482 2079 532 2106 est
544 2099 552 2115 a
569 2072 694 2105 Decius
712 2084 794 2104 xero
813 2077 890 2116 post
909 2071 1126 2103 vexationem
1146 2070 1345 2104 triduanam
1360 2084 1367 2107 ;
1389 2071 1490 2115 cnjus
1504 2083 1593 2104 uxor
1607 2070 1802 2116 Triphonia
1815 2077 1850 2105 et
1867 2071 1994 2118 Cyrilla

482 2131 551 2164 filia
572 2136 650 2176 post
668 2129 904 2175 baptismum7
927 2128 1014 2162 haec
1032 2142 1050 2161 a
1070 2128 1216 2162 Claudio
1234 2135 1355 2162 necata
1378 2141 1396 2161 v
1418 2128 1483 2162 kal.
1508 2128 1738 2172 Novembris,
1761 2128 1819 2162 illa
1837 2135 1992 2164 tremens

483 2190 518 2222 in
538 2188 696 2221 oratione
713 2187 959 2220 occubuerunt
981 2187 1124 2220 Romae.
1153 2186 1280 2220 Abdon
1299 2193 1333 2220 et
1355 2186 1486 2220 Sennes
1505 2187 1571 2220 sub
1595 2186 1719 2234 Reguli
1742 2186 1859 2234 gladio
1878 2188 1993 2234 puniti

484 2253 566 2280 sunt
587 2245 682 2291 apud
705 2245 903 2291 Ephesumg
929 2245 972 2290 vij
994 2245 1057 2278 viri
1081 2245 1117 2278 in
1139 2245 1305 2290 spelunca
1329 2245 1456 2278 timore
1479 2245 1593 2287 Decii,
1616 2245 1648 2291 vj
1676 2244 1743 2279 kal.
1769 2247 1936 2294 Augusti,
1957 2259 1993 2281 se

483 2305 698 2339 occultantes
721 2303 1003 2337 obdormierunt.
1032 2304 1210 2337 Romanus
1234 2304 1332 2337 miles
1348 2331 1356 2347 a
1380 2304 1511 2338 Romae
1533 2304 1722 2338 Laurentio
1748 2304 1923 2350 patiente,
1948 2304 1993 2339 ad

485 2362 590 2396 fidem
609 2374 797 2396 conversus
816 2368 850 2395 et
867 2362 1059 2396 decollatus
1078 2368 1150 2403 est„
1171 2368 1205 2395 et
1226 2362 1435 2408 Hippolytus
1460 2374 1567 2408 super
1587 2361 1770 2396 cardetum
1792 2369 1827 2396 et
1844 2363 1993 2397 tribulos

486 2427 617 2454 tractus
638 2421 753 2453 emisit
770 2421 946 2466 spiritum.
972 2419 1108 2453 Ibidem
1135 2419 1251 2453 Sixtus
1274 2432 1365 2466 papa
1386 2427 1421 2454 et
1445 2420 1584 2454 diaconi
1609 2421 1683 2466 ejus
1705 2420 1934 2455 Felicissimus
1959 2428 1994 2455 et

487 2479 656 2527 Agapitus
674 2478 834 2512 decollati
856 2485 951 2512 sunt.
973 2478 1090 2512 Sixtus
1109 2490 1199 2524 papa
1220 2478 1376 2513 decrevit
1398 2486 1439 2513 ut
1462 2478 1535 2513 duo
1556 2479 1751 2525 presbyteri
1770 2485 1805 2512 et
1826 2485 1896 2513 tres
1916 2478 1994 2513 dia-
