2137 3131
448 402 521 435 8114
1064 388 1352 425 APPENDICES.

452 509 587 544 sexaginta
608 507 682 532 libris
696 501 877 530 Bruxellensis
892 503 1031 529 monetae,
1047 497 1122 523 dedit
1138 497 1189 532 ipsi
1201 496 1331 523 ecclesiae
1348 505 1398 531 per
1411 503 1520 521 manum
1531 500 1557 521 et
1571 503 1711 521 assensum
1725 504 1815 521 meum
1829 496 1856 522 in
1869 505 1968 531 perpe-

453 562 524 582 tuam
538 555 733 587 eleemosynam
748 549 885 583 sexaginta
901 546 1012 573 bonaria
1025 546 1160 576 nemoris,
1177 544 1250 580 quod
1265 544 1368 570 dicitur
1382 543 1471 570 For-est
1481 564 1488 577 ,
1500 547 1526 569 et
1537 543 1610 577 jacet
1624 543 1650 568 in
1662 543 1791 578 parochia
1800 543 1834 569 de
1847 543 1964 570 Senefia.

452 604 489 629 De
506 603 555 628 hoc
572 608 680 626 nemore
698 597 784 624 solvet
796 596 853 631 ipsa
867 594 980 621 ecclesia
998 592 1145 619 castellano
1161 597 1188 618 et
1201 591 1312 618 haeredi
1326 591 1386 625 ejus
1400 591 1427 617 in
1442 590 1512 617 sesto
1525 591 1611 616 sancti
1622 590 1756 617 lobannis
1770 590 1906 626 Baptistae
1917 600 1965 617 an-

451 649 550 676 nuatim
573 655 682 673 censum
703 644 819 670 duorum
838 641 1006 671 solidorum,
1028 644 1055 665 et
1074 639 1132 674 ipse
1153 638 1317 665 castellanus
1339 643 1367 664 et
1387 638 1485 664 haeres
1507 637 1593 672 ipsius
1614 642 1746 664 tenentur
1768 638 1920 664 warandire
1938 643 1966 664 et

451 695 605 730 acquietare
625 693 674 727 ipsi
687 690 817 717 ecclesiae
835 687 988 724 praefatum
1003 695 1098 712 nemus
1108 707 1114 718 ,
1134 690 1164 711 ut
1184 695 1263 711 nemo
1283 685 1351 711 illud
1365 685 1500 720 inquietet
1516 694 1566 720 per
1577 684 1693 719 alicujus
1703 685 1776 718 juris
1792 685 1835 711 vel
1850 694 1966 712 consue-

452 741 551 767 tudinis
560 739 726 766 exactionem
737 758 744 768 ,
761 736 808 763 sed
818 735 913 762 usibus
926 739 1030 760 tantum
1043 739 1069 759 et
1082 733 1214 759 voluntati
1230 732 1346 758 fratrum
1359 732 1498 767 praefatae
1509 732 1817 758 ecclesiaeliberrimum
1825 741 1969 768 permane.-

451 789 487 814 bit
499 809 505 815 .
524 787 646 821 illudque
663 786 713 820 ipsi
728 789 832 810 tantum
849 781 973 808 excidere
991 786 1018 807 et
1035 780 1154 807 vendere
1171 785 1198 806 et
1216 785 1322 806 sai-tare
1336 784 1468 815 possunt,
1485 784 1512 805 et
1531 779 1675 815 quodlibet
1689 780 1764 806 aliud
1781 780 1815 806 de
1829 790 1861 806 eo
1876 779 1966 807 facere

450 839 562 869 possunt,
574 842 623 868 pro
636 842 701 858 suae
712 830 860 857 voluntatis
873 828 999 855 arbitrio.
1013 828 1048 853 Ut
1060 831 1150 853 autem
1165 827 1231 853 haec
1246 827 1336 853 omnia
1348 831 1484 862 perpetuo
1498 831 1557 852 rata
1571 831 1599 853 et
1610 827 1718 853 stabilia
1733 832 1870 859 maneant,
1886 836 1966 862 prae-

449 881 516 907 senti
530 881 631 915 scripto
646 885 672 905 et
686 878 766 913 sigilli
780 877 864 902 nostri
880 875 1046 910 appensione
1057 879 1083 900 et
1097 874 1237 900 hominum
1252 883 1375 900 meorum
1388 873 1591 909 subscriptione
1602 874 1765 900 roboramus
1775 879 1803 900 et
1817 875 1968 901 auctorisa—

451 938 518 953 mus.
540 928 650 963 Signum
669 925 769 951 domini
783 922 895 949 Arnoldi
908 943 914 954 7
931 921 1080 957 capellani7
1106 921 1134 947 S.
1151 920 1265 947 Gerardi
1284 921 1317 946 de
1333 920 1501 956 Grimbergis
1512 941 1518 952 ‚
1541 920 1569 947 S.
1589 920 1703 947 Arnoldi
1714 921 1807 947 fratris
1821 921 1944 955 ejusdem
1957 943 1964 953 ‚

450 976 477 1001 S.
494 974 603 1000 Arnoldi
614 974 647 999 de
662 972 777 997 lt'allwm
788 992 794 1004 ,
810 971 837 997 S.
855 969 967 996 Arnoldi
978 969 1012 995 (le
1030 968 1172 1002 lli-semul,
1190 968 1217 995 S.
1236 968 1349 995 Arnoldi
1363 968 1397 994 de
1411 967 1547 1004 Biqarden
1559 989 1565 1001 ,
1581 968 1610 994 S.
1628 968 1761 995 Boidinoi.

1353 1035 1477 1066 Original,
1498 1042 1566 1058 sceau
1580 1042 1609 1058 en
1621 1035 1668 1059 cire
1683 1039 1746 1059 verte
1762 1035 1931 1068 endomrnage.

1123 1313 1294 1347 LXXXII.

1332 1366 1339 1379 l

455 1416 497 1449 Le
513 1420 616 1448 comte
632 1412 826 1447 chcloum
839 1410 1007 1455 confirme
1025 1410 1060 1442 la
1073 1412 1203 1443 cession
1217 1409 1258 1443 de
1272 1409 1307 1442 la
1323 1407 1417 1443 [lime
1432 1409 1474 1443 de
1497 1409 1644 1451 Voorde,
1662 1410 1750 1454 faite
1767 1407 1792 1442 ἀ
1808 1409 1966 1456 l'ahbaye.

845 1480 920 1514 par
938 1468 1043 1502 Berte
1059 1467 1100 1501 cle
1119 1467 1349 1513 Steenlmyze.
1362 1467 1557 1501 —Loc'rffiL

1027 1668 1083 1693 Pres
1094 1669 1122 1693 de
1136 1670 1293 1697 Grammont,
1310 1670 1381 1693 1198.

491 1757 519 1781 lu
532 1756 637 1781 nomine
654 1754 739 1779 Patris
756 1758 782 1778 et
798 1752 855 1778 Filii
866 1757 893 1778 et
908 1751 1026 1786 Spiritus
1039 1749 1140 1776 Sancti.
1157 1749 1214 1785 Ego
1226 1749 1376 1775 Balduinus
1386 1770 1393 1780 ,
1414 1749 1558 1775 Flandriae
1574 1754 1602 1775 et
1613 1749 1742 1775 Hainoiae
1752 1758 1842 1775 comes
1852 1770 1859 1782 ‚
1871 1754 1966 1776 notum

453 1804 511 1829 lieri
524 1803 585 1829 volo
601 1802 700 1828 suturis
713 1805 739 1826 et
756 1798 945 1835 praesentibus
959 1797 1033 1833 quod
1048 1796 1129 1823 Berta
1144 1797 1178 1823 de
1194 1796 1308 1823 Stenhus
1320 1797 1451 1823 decimam
1466 1797 1499 1823 de
1514 1796 1606 1823 Vorda
1619 1802 1646 1822 et
1660 1796 1795 1832 quidquid
1808 1797 1835 1823 iu
1853 1806 1884 1823 ea
1894 1797 1968 1831 juris

453 1850 569 1877 habebat
583 1859 636 1875 una
650 1858 710 1874 cum
725 1846 787 1873 filiis
798 1846 854 1872 suis
863 1845 984 1871 Get-ardo
993 1865 999 1877 ,
1012 1843 1147 1870 Amelrico
1157 1865 1164 1875 7
1180 1843 1298 1870 Sockino
1309 1865 1316 1876 ,
1333 1844 1477 1874 Balduino,
1491 1844 1518 1869 in
1533 1853 1629 1869 manus
1640 1843 1746 1879 Aegidii
1758 1843 1791 1869 de
1808 1843 1919 1870 Trasnis
1929 1865 1938 1877 ‚
1951 1854 1967 1870 a

453 1907 507 1932 quo
524 1898 607 1932 ipsam
625 1895 754 1921 decimam
776 1892 918 1919 feodaliter
938 1891 1048 1918 tenebat
1060 1911 1067 1919 ,
1085 1891 1253 1926 reportavit,
1272 1896 1299 1917 et
1318 1900 1431 1917 assensu
1445 1890 1569 1916 advocati
1586 1891 1644 1921 sui,
1664 1889 1793 1916 willelmi
1810 1889 1916 1917 scilicet
1932 1890 1967 1917 (le

454 1945 569 1975 Lucem,
584 1953 644 1969 cum
659 1941 804 1978 praedictis
816 1939 878 1966 filiis
895 1939 951 1965 suis
963 1937 1059 1969 semel,
1076 1937 1196 1964 secundo
1210 1942 1237 1963 et
1251 1938 1334 1963 tertio
1348 1938 1483 1973 werpivit.
1496 1936 1627 1973 Aegidius
1640 1938 1668 1962 in
1681 1946 1777 1962 manus
1791 1946 1864 1963 meas
1879 1937 1965 1973 ipsam

451 1992 580 2017 decimam
593 1989 687 2016 retulit
708 1994 734 2014 et
753 1994 808 2014 tum
821 1987 917 2018 semel,
931 1985 1052 2012 secundo
1065 1990 1093 2011 et
1106 1986 1187 2011 tertio
1203 1985 1345 2020 professus
1365 1990 1405 2011 est
1421 1994 1449 2011 se
1469 1985 1496 2011 in
1511 1994 1542 2011 ea
1556 1984 1623 2010 nihil
1633 1984 1707 2018 juris
1722 1984 1851 2020 deinceps
1864 1984 1967 2012 habere

453 2038 574 2064 homines
584 2037 664 2063 etiam
675 2045 739 2062 suos
747 2035 872 2069 judicare
881 2034 955 2065 fecit,
973 2032 1047 2069 quod
1060 2032 1125 2059 nihil
1141 2032 1251 2058 omnino
1259 2032 1332 2066 juris
1342 2033 1401 2067 ipse
1411 2031 1542 2067 Aegidius
1552 2031 1594 2057 vel
1607 2031 1746 2067 prae-dicta
1756 2031 1837 2057 Berta
1850 2031 1968 2068 amplius

453 2086 597 2116 haberent⁷
610 2084 806 2110 tuuchomines
817 2083 867 2108 mei
880 2081 1222 2115 similiterjudicaverunt,
1234 2080 1309 2115 quod
1320 2089 1370 2106 nec
1379 2079 1525 2115 Aegidius,
1538 2088 1588 2105 nec
1596 2078 1720 2114 praefata
1731 2078 1840 2111 mulier,
1854 2088 1904 2106 nec
1918 2079 1970 2106 ati-

453 2133 513 2168 quis
523 2141 635 2158 suorum
646 2130 713 2156 nihil
723 2130 838 2165 amplius
852 2130 878 2155 in
889 2129 999 2163 eajuris
1011 2129 1159 2161 haberent;
1175 2127 1302 2162 hancque
1315 2127 1446 2153 decimam
1459 2126 1545 2153 libere
1558 2131 1585 2152 et
1595 2125 1720 2152 absolute
1732 2125 1760 2151 in
1774 2135 1870 2152 manus
1881 2126 1968 2153 abba-

453 2185 486 2205 tis
499 2185 526 2206 et
539 2180 652 2205 fratrum
669 2177 821 2204 Niniveusis
833 2176 961 2202 ecclesiae
980 2175 1084 2202 contuli
1097 2175 1123 2201 in
1139 2174 1349 2210 eleemosynam.
1369 2174 1405 2200 L‘t
1419 2173 1471 2200 hoc
1484 2178 1575 2200 autem
1586 2173 1689 2199 donum
1703 2172 1813 2198 firmum
1826 2177 1854 2199 et
1869 2173 1968 2200 stabile

455 2233 559 2253 maneat
577 2231 711 2262 perpetuo
722 2246 728 2256 ‚
751 2225 853 2260 scripto
878 2234 937 2250 meo
962 2223 1080 2259 sigillato
1103 2228 1130 2249 et
1148 2222 1290 2248 hominum
1311 2231 1434 2248 meorum
1458 2221 1613 2247 testimonio
1637 2220 1688 2246 seci
1709 2220 1846 2246 roborari.
1869 2220 1966 2246 Actum

454 2284 524 2300 anno
542 2273 698 2300 MCXCYIII
711 2273 789 2307 juxta
807 2271 1035 2298 Geraldimoutem
1047 2271 1073 2296 in
1093 2271 1135 2296 via
1148 2270 1188 2295 de'
1203 2269 1369 2296 Aldenarde.
1391 2269 1419 2295 S.
1435 2268 1541 2305 Aegidii
1557 2268 1591 2294 de
1612 2267 1740 2297 Trasnis‚·
1755 2266 1783 2293 S.
1804 2267 1917 2293 Arnoldi
1932 2267 1967 2294 de

457 2321 621 2354 Aldenarde3
637 2320 665 2346 S.
686 2319 848 2345 Theodorici
862 2318 896 2344 de
911 2318 1032 2344 Beverna
1053 2322 1079 2343 et
1098 2316 1213 2343 Gerardi
1223 2316 1258 2343 de
1275 2316 1380 2350 Rodi03
1401 2315 1429 2342 S.
1448 2315 1554 2351 Aegidii
1568 2315 1602 2341 de
1622 2314 1732 2349 Hallut3
1750 2313 1779 2340 S.
1800 2313 1915 2341 Gerardi
1931 2314 1967 2340 de

458 2368 532 2393 Parvi
547 2373 573 2393 et
587 2366 711 2392 Bussardi
722 2366 755 2391 de
767 2365 927 2401 Borghella3
945 2365 973 2391 S.
993 2365 1074 2391 Monii
1089 2364 1122 2390 de
1135 2364 1254 2389 Guwinis
1269 2368 1296 2389 et
1305 2363 1437 2389 Bernardi
1451 2362 1485 2389 de
1501 2363 1628 2388 Loscans.

1495 2427 1625 2452 cartulaire
1637 2427 1665 2450 de
1677 2426 1785 2451 Matines.
