2118 3184
788 434 1078 470 APPENDICES.
1617 437 1684 471 911

167 548 338 576 suorumque
352 541 467 568 salutem
481 541 515 568 de
535 541 654 576 propriis
671 540 824 567 redditibus
845 545 873 567 et
890 540 1110 577 possessionibus
1128 541 1185 567 suis
1197 561 1204 574 ‚
1228 550 1315 577 usqne
1336 541 1369 568 ad
1389 542 1510 569 valorem
1528 542 1683 578 quindecim

167 586 300 613 librarum
314 587 440 614 alborum
451 588 607 619 annuatim,
623 588 651 613 in
671 587 746 613 curia
759 597 807 613 sua
823 588 897 622 apud
914 587 1011 613 Ridere
1026 587 1096 614 infra
1116 587 1274 623 parochiam
1292 588 1325 615 de
1345 588 1463 615 I'amella
1474 610 1481 621 ‚
1503 589 1537 616 de
1550 599 1684 617 consensu

166 634 274 661 abbatis
295 640 323 662 et
340 641 493 662 conventus
511 635 663 662 Ninivensis
675 655 682 667 ‚
702 635 750 670 qui
769 640 833 661 sunt
851 644 968 670 persona
987 634 1056 667 loci,
1075 635 1253 671 capellaniam
1275 636 1445 668 instituerit,
1467 637 1514 663 tali
1532 638 1682 664 intention«-

167 691 198 709 ac
211 683 367 711 voluntate.
380 684 450 709 sicut
464 683 543 709 nobis
556 683 703 709 insinuavit
713 703 720 710 ,
735 682 810 718 quod
828 682 912 709 abbas
927 688 953 709 et
966 688 1119 709 conventus
1131 683 1264 718 praedicti
1278 683 1312 709 ad
1326 693 1421 719 preces
1439 690 1466 710 et
1485 687 1684 720 praesentatio-

167 738 229 755 nem
243 729 309 756 dicti
322 730 428 757 militis.
447 730 538 766 quoad
552 731 662 759 vixerit,
676 730 775 756 dictam
788 729 966 765 capellaniam
981 730 1062 757 alicui
1076 730 1174 756 idoneo
1188 730 1331 757 conserant
1345 731 1501 767 capellano,
1519 732 1560 759 vel
1576 742 1625 768 per
1643 744 1688 759 ca-

166 776 296 803 nonicum
303 785 395 807 suum,
405 776 439 803 de
447 786 581 803 consensu
590 776 711 811 ejusdem
719 777 821 803 militis.
831 777 987 803 deserviant
996 777 1117 803 camdem
1126 788 1132 811 3
1142 782 1204 812 post
1213 783 1327 804 mortem
1335 788 1401 804 vero
1413 779 1497 814 ipsius
1507 780 1609 812 militis,
1619 779 1686 806 dicti

167 822 252 850 abbas
265 828 293 849 et
304 828 456 849 conventus
471 833 522 859 pro
539 824 642 850 liberae
658 823 807 849 voluntatis
821 833 887 849 suae
903 823 1019 850 arbitrio
1036 833 1084 859 per
1098 823 1217 859 aliquem
1233 824 1266 850 de
1280 825 1417 851 canonicis
1434 826 1490 852 suis
1504 826 1561 853 sive
1576 836 1624 862 per
1637 827 1686 853 ali-

167 879 249 906 quem
263 870 392 896 idoneum
406 870 578 906 capellanum
593 869 634 896 vel
655 870 786 897 vicarium
804 870 954 896 secularem
969 870 1068 897 dictam
1082 870 1260 906 capellaniam
1279 872 1306 897 in
1324 872 1397 898 dicto
1415 872 1475 899 loco
1492 879 1628 909 perpetuo
1646 875 1686 900 sa-

166 917 240 944 ciant
252 917 403 949 deservire,
418 923 445 943 et
459 917 576 953 praefati
587 918 680 944 dilecti
694 918 743 944 lilii
757 918 843 943 nostri
857 917 942 943 abbas
954 923 981 944 et
991 923 1144 945 conventus
1155 928 1186 944 ex
1201 928 1254 945 una
1265 924 1343 954 parte
1355 924 1383 945 et
1396 919 1485 946 dictus
1499 920 1548 947 Ac.
1563 921 1639 947 miles
1653 932 1684 947 ex

166 963 253 991 altera
266 964 346 990 nobis
362 964 502 991 humiliter
518 964 759 1000 supplicaverunt,
774 965 905 1000 quatinus
917 965 1017 991 dictam
1031 964 1210 1000 capellaniam
1224 966 1402 1002 dignaremur
1415 968 1570 1002 approbare
1583 969 1685 1004 pariter

167 1016 196 1038 et
207 1011 383 1038 confirmare.
403 1011 456 1038 Nos
473 1012 517 1047 pia
528 1017 557 1038 et
567 1011 666 1038 devota
686 1013 713 1038 in
734 1011 849 1038 Domino
868 1011 1011 1038 voluntate
1026 1013 1170 1048 cupientes
1191 1013 1218 1039 in
1239 1013 1306 1039 locis
1325 1014 1455 1049 pastorali
1476 1025 1558 1041 curae
1576 1021 1685 1042 nostrae

166 1059 316 1086 commissis
327 1059 412 1085 divini
424 1059 516 1086 cultus
528 1059 660 1095 obsequia
675 1059 834 1086 etcoelestis
845 1059 933 1085 laudis
944 1068 1046 1095 organa
1057 1059 1181 1095 ampliari
1190 1081 1196 1092 ⁷
1206 1065 1236 1086 ut
1248 1060 1361 1087 dilatato
1372 1062 1504 1088 territorii
1515 1063 1556 1089 sui
1573 1062 1633 1089 loco
1645 1063 1685 1089 sa-

166 1106 255 1134 mulos
266 1116 331 1133 suos
344 1106 443 1133 saciant
455 1107 603 1143 longiores,
615 1107 649 1132 ad
656 1106 782 1133 devotam
791 1107 927 1133 dictorum
936 1107 1043 1133 abbatis
1051 1112 1078 1133 et
1087 1113 1239 1134 conventus
1251 1113 1278 1134 et
1288 1109 1354 1135 dicti
1365 1109 1414 1136 Ae.
1427 1110 1503 1136 miles
1511 1111 1682 1146 petitionem.

166 1153 267 1181 dictam
280 1154 460 1190 capellaniam
475 1160 502 1181 et
515 1155 575 1189 ejus
588 1155 788 1181 institutionem
798 1175 805 1182 .
822 1159 906 1190 prout
919 1155 1047 1190 superius
1061 1160 1103 1181 est
1117 1164 1276 1190 expressum
1287 1176 1294 1189 ‚
1310 1156 1386 1182 salvo
1401 1162 1490 1183 tamen
1512 1158 1538 1184 in
1557 1158 1684 1185 omnibus

163 1202 228 1236 jure
240 1202 360 1228 matricis
373 1201 504 1229 ecclesiae
517 1202 551 1227 de
565 1201 693 1234 Pamella,
705 1201 860 1236 praedictae
868 1201 1062 1237 approbamus,
1073 1207 1100 1228 et
1110 1203 1274 1229 auctoritate
1288 1209 1381 1229 nostra
1395 1203 1526 1230 dioecesis
1539 1206 1687 1232 conflrma-

168 1258 246 1284 mus3
265 1248 387 1276 volentes
400 1248 475 1284 quod
489 1249 510 1275 si
527 1248 626 1284 aliquis
640 1249 788 1275 canonicus
801 1248 835 1274 de
854 1248 948 1274 Ninive
967 1249 1067 1275 ibidem
1082 1249 1244 1275 instituatur
1258 1255 1386 1285 tanquam
1403 1251 1560 1286 capellanus
1579 1253 1687 1279 secula-

166 1297 215 1329 ris,
230 1296 309 1323 nobis
319 1296 345 1322 in
357 1295 484 1322 omnibus
495 1295 605 1322 obediat
615 1300 642 1322 et
651 1295 777 1321 mandata
787 1300 879 1321 nostra
890 1296 986 1330 exequi
1000 1300 1137 1322 teneatur.
1150 1296 1180 1322 ln
1192 1296 1234 1330 cuj
1240 1305 1271 1322 us
1282 1297 1321 1322 rei
1334 1298 1518 1324 testimonium
1529 1305 1686 1334 praesentes

166 1343 272 1371 litteras
288 1343 369 1380 sigilli
387 1344 473 1370 nostri
493 1343 660 1378 appensione
680 1342 806 1369 duximus
823 1343 1004 1369 roborandas.
1025 1342 1124 1369 Datum
1139 1352 1211 1370 anno
1227 1343 1335 1370 Domini
1355 1344 1475 1376 MCCLI,
1494 1355 1586 1373 mense
1600 1347 1683 1372 Julio.

1218 1410 1340 1442 Original.
1353 1419 1422 1436 sceau
1437 1412 1536 1437 detruit.

855 1650 986 1686 CCXX.

167 1740 308 1783 Pierre,
323 1739 490 1774 cardinal
502 1745 533 1774 et
545 1739 634 1787 leyat
643 1739 695 1773 du
707 1741 802 1773 saint
814 1737 900 1786 32⁴0qu
908 1765 918 1780 ,
936 1744 1091 1786 eoeempte
1105 1738 1126 1771 Γ
1127 1739 1261 1786 abbaye
1274 1739 1315 1773 de
1329 1740 1492 1786 quelques
1505 1744 1684 1776 mentions

294 1811 345 1833 au
358 1801 450 1845 sajet
460 1797 502 1833 de
511 1798 680 1845 pehsz'ons
696 1809 742 1831 ou
758 1797 800 1831 de
818 1795 981 1842 he'ne'fiees
998 1796 1160 1831 accordete
1167 1809 1244 1844 par
1263 1797 1327 1832 lui.
1347 1798 1543 1833 —Nmovn

816 1964 833 1985 Α
846 1964 934 1986 Anvers
942 1980 948 1991 ,
963 1962 1035 1986 1254.

202 2036 301 2063 Petrus
311 2056 318 2068 ,
334 2035 508 2061 miseratione
517 2034 609 2060 diviua
622 2034 709 2060 sancti
721 2033 831 2070 Georgii
845 2033 878 2060 ad
888 2033 978 2059 velum
993 2042 1107 2060 aureum
1120 2033 1252 2061 diaconus
1264 2035 1420 2067 cardinalis,
1435 2036 1600 2071 apostolicae
1613 2038 1685 2064 sedis

165 2082 273 2119 legatus
285 2103 292 2116 ‚
307 2081 414 2108 dilectis
431 2082 458 2107 in
472 2081 580 2107 Christo
598 2081 692 2107 abbati
709 2086 736 2107 et
753 2081 901 2107 conventui
916 2081 1072 2107 monasterii
1087 2080 1240 2108 Ninivensis
1250 2102 1257 2114 ,
1278 2082 1381 2108 ordinis
1396 2082 1682 2117 Praemonstratensis‚

165 2129 367 2157 Cameracensis
380 2128 525 2161 dioecesis,
538 2127 654 2154 salutem
663 2128 690 2154 iu
701 2128 827 2154 Domino.
839 2127 999 2154 Devotionis
1013 2132 1119 2154 vestrae
1132 2128 1260 2164 precibus
1271 2129 1392 2155 inclinati
1403 2150 1410 2161 ‚
1421 2131 1606 2164 praesentium
1620 2141 1685 2158 auc-

166 2177 277 2204 toritate
290 2176 481 2209 concedimus,
497 2181 529 2202 ut
539 2175 574 2202 ad
585 2176 769 2212 provisionem
784 2175 900 2210 alicujus
915 2176 941 2201 in
956 2175 1134 2211 pensionibus
1148 2175 1190 2202 vel
1205 2175 1264 2202 aliis
1277 2176 1417 2203 beneficiis
1431 2177 1621 2204 ecclesiasticis
1635 2188 1684 2214 per

162 2224 270 2251 litteras
282 2229 390 2250 nostras
410 2223 570 2258 impetratas
580 2243 587 2255 ‚
607 2231 658 2258 per
672 2232 740 2258 quas
754 2232 808 2248 non
823 2223 858 2248 sit
874 2222 921 2256 jus
934 2221 1015 2248 alicui
1033 2223 1199 2258 acquisitum
1214 2222 1255 2249 vel
1270 2224 1351 2250 etiam
1366 2224 1551 2259 impetrandas
1565 2234 1636 2260 quae
1650 2226 1684 2252 de

164 2271 215 2299 hac
226 2271 400 2298 concessione
414 2270 521 2306 plenam
533 2275 562 2297 et
573 2279 730 2306 expressam
742 2291 749 2303 ‚
768 2279 817 2297 seu
826 2270 860 2297 de
873 2270 958 2297 verbo
973 2270 1006 2296 ad
1018 2270 1133 2297 verbum
1144 2291 1151 2304 ‚
1163 2280 1219 2297 non
1233 2270 1348 2298 fecerint
1362 2273 1526 2298 mentionem
1537 2293 1544 2305 ‚
1558 2274 1684 2309 compelli

165 2319 275 2345 minime
288 2318 412 2345 valeatis.
430 2317 502 2344 Nulli
524 2327 590 2354 ergo
603 2318 713 2344 omnino
728 2317 868 2344 hominum
883 2316 962 2343 liceat
975 2317 1045 2344 hanc
1057 2318 1183 2353 paginam
1197 2323 1307 2345 nostrae
1323 2319 1506 2345 concessionis
1520 2320 1681 2356 infringere,

164 2366 208 2393 vel
219 2367 244 2393 ei
255 2375 325 2392 ausu
338 2366 484 2393 temerario
497 2365 646 2392 contraire.
659 2365 686 2392 Si
696 2366 757 2401 quis
770 2370 861 2391 autem
876 2364 927 2391 hoc
941 2369 1077 2391 attentare
1091 2367 1316 2401 praesumpserit,
1331 2366 1544 2402 indignationem
1559 2369 1683 2403 omnipo-

161 2414 244 2440 tentis
253 2413 303 2440 Dei
312 2408 340 2440 et
350 2413 493 2439 beatorum
505 2413 578 2439 Petri
590 2417 618 2439 et
629 2412 704 2438 Pauli
712 2433 719 2445 ‚
733 2412 919 2447 apostolorum
930 2411 990 2446 ejus
1000 2433 1008 2445 ‚
1023 2421 1051 2438 se
1065 2413 1174 2439 noverit
1187 2413 1373 2440 incursurum.
1387 2413 1486 2440 Datuin
1497 2414 1682 2451 Antwerpiae,

164 2466 240 2488 sexto
253 2469 338 2487 nonas
354 2459 493 2493 Octobris,
513 2469 585 2486 anno
599 2459 707 2486 Domini
723 2459 862 2486 MCCLIV.

1037 2506 1145 2538 Original
1153 2525 1160 2536 ,
1173 2506 1292 2539 fragment
1305 2507 1333 2531 de
1348 2516 1416 2533 sceau
1426 2516 1455 2533 cn
1465 2508 1512 2533 cire
1522 2509 1607 2534 brune.
