2118 3184
767 377 1052 416 APPENDICES.
1602 380 1671 416 853

842 508 975 543 CXLII.

155 600 313 642 Gerard,
334 603 496 647 sezynem·
515 600 556 634 de
577 599 806 646 Grimbevylze
823 606 855 633 ec
871 600 911 634 (le
934 600 1088 643 Ninore,
1111 601 1225 635 donne
1242 598 1265 633 ἀ
1284 600 1442 647 l'abbczye
1455 600 1483 633 le
1501 602 1610 634 vivier
1627 601 1667 633 (le

199 658 352 700 ὶαΙηὉε,ι
366 670 465 705 pom·
481 663 689 704 azefflnenter
705 657 739 691 la
753 660 896 704 pz'tatwe
909 659 968 692 des
981 661 1113 693 moines
1130 658 1158 692 Ie
1166 661 1259 704 J'om·
1271 658 1312 692 de
1330 670 1391 692 son
1405 660 1661 693 anniwrsaire.

201 738 247 742 ——
267 716 406 751 Ninon.

789 872 805 893 A
825 871 921 894 nume-st
933 889 939 898 ,
959 872 1031 895 ῙΞΞῖ).

191 943 248 978 Ego
260 941 398 968 Gerardus
411 962 417 973 ‚
430 941 463 967 de
475 941 642 977 Grimbergis
656 946 682 967 et
697 940 730 967 de
744 941 839 967 Ninive
847 941 986 971 domiuus,
1003 947 1030 968 et
1039 943 1130 979 Agnes
1139 963 1145 975 ,
1161 951 1230 968 uxor
1241 952 1298 969 mea
1309 963 1316 975 ‚
1332 942 1458 968 omnibus
1473 943 1524 969 hoc
1537 943 1668 978 scriptum

151 989 274 1016 lecturis.
287 989 386 1015 Notum
399 988 513 1015 facimus
524 1009 531 1021 ‚
546 988 620 1024 quod
631 988 666 1015 ob
679 993 818 1015 aeternam
830 998 901 1024 quae
916 989 943 1015 in
958 989 1066 1016 Christo
1080 996 1121 1016 est
1134 990 1249 1016 salutem
1263 995 1289 1016 et
1303 990 1458 1016 memoriam
1477 991 1563 1016 nostri
1576 990 1672 1017 saluti—

151 1036 249 1067 feram,
265 1036 430 1062 contulimus
441 1036 571 1063 ecclesiae
581 1036 719 1062 Ninivensi
735 1037 760 1062 in
774 1029 1148 1073 perpetuam'eleemosynam
1163 1037 1251 1064 locum
1263 1038 1358 1064 vivarii
1371 1038 1398 1064 in
1413 1038 1531 1071 Labruc,
1545 1043 1627 1073 prout
1642 1048 1670 1064 se

149 1083 271 1111 extendit
281 1083 370 1110 sclusa
380 1083 445 1110 dicti
459 1084 554 1110 vivarii
567 1083 594 1109 in
607 1083 693 1109 latum
707 1088 734 1109 et
750 1084 776 1109 in
791 1083 918 1120 longum,
931 1084 965 1110 ab
979 1085 1052 1110 omni
1071 1085 1212 1111 exactione
1228 1084 1269 1111 vel
1284 1094 1375 1111 annua
1389 1085 1519 1120 pensione
1533 1094 1667 1120 caponum

151 1131 193 1158 vel
208 1140 310 1158 avenae
326 1131 444 1158 liberum
458 1136 486 1157 ct
499 1131 616 1167 quitum.
632 1130 721 1165 Hujus
739 1136 829 1157 autem
848 1132 986 1167 pensionis
1004 1131 1149 1158 valentiam
1166 1132 1292 1158 volumus
1310 1137 1338 1158 et
1353 1132 1498 1158 statuimus
1515 1132 1671 1167 specialiter

150 1179 210 1205 dari
224 1184 252 1205 et
265 1179 397 1215 assignari
413 1178 446 1204 ad
461 1178 690 1214 augmentandam
704 1184 731 1204 et
745 1178 926 1204 decorandam
941 1179 1099 1214 pietantiam
1114 1188 1185 1214 quae
1199 1180 1226 1205 iu
1240 1179 1428 1205 anniversario
1443 1184 1537 1205 nostro
1551 1177 1614 1205 alibi
1631 1185 1671 1205 est

150 1226 297 1262 assignata.
312 1226 347 1253 152
363 1231 453 1252 autem
465 1225 516 1251 hoc
530 1230 619 1251 ratum
637 1230 664 1252 et
678 1225 777 1252 stabile
788 1226 814 1252 in
832 1235 929 1252 aevum
943 1232 1117 1262 permaneat.
1132 1227 1266 1262 scriptum
1280 1226 1332 1252 hoc
1345 1226 1497 1263 sigillorum
1511 1231 1667 1252 nostrorum

149 1274 316 1310 appensione
327 1278 354 1299 et
367 1273 476 1299 testium
490 1273 684 1299 subnotatione
692 1273 866 1299 roboramus.
877 1272 991 1309 Signum
1002 1274 1104 1299 domini
1118 1273 1233 1300 Roberti
1243 1273 1277 1299 de
1290 1273 1481 1300 Tenremonde
1495 1278 1521 1299 et
1535 1273 1669 1299 Iohannis

149 1321 242 1347 fratris
253 1321 312 1355 sui;
328 1320 357 1347 S.
369 1320 498 1346 Willelmi
511 1320 546 1346 de
555 1320 724 1356 Grimbergis
733 1341 739 1351 ,
755 1319 848 1346 fratris
861 1321 914 1346 mei
925 1331 931 1354 3
944 1320 972 1347 S.
989 1320 1116 1347 Paridani
1129 1320 1164 1346 de
1176 1320 1351 1356 Eppenylzem
1363 1325 1392 1346 et
1405 1319 1534 1346 Willelmi
1547 1320 1581 1346 de
1592 1319 1667 1351 Lira,

150 1367 282 1400 militum3
300 1366 328 1394 S.
341 1367 474 1393 Johannis
483 1366 517 1393 de
531 1366 698 1393 Ramesdunc
709 1371 736 1392 et
750 1366 863 1393 Gosuini
876 1367 938 1393 Mol.
956 1367 1051 1394 Actum
1063 1376 1136 1394 anno
1144 1367 1252 1393 Domini
1267 1366 1409 1393 MCCXXV
1421 1388 1428 1399 ‚
1442 1376 1533 1394 mense
1545 1366 1667 1396 Octobri,

150 1414 223 1451 apud
238 1414 356 1441 Rumest.

1192 1451 1300 1483 Original
1310 1469 1316 1481 ⁷
1329 1458 1414 1475 sccaux
1426 1451 1520 1482 perdus.

830 1693 981 1728 CXLIII.

151 1779 326 1828 L’lzdpital
336 1780 376 1814 de
385 1779 544 1822 Sf-Jean,
560 1777 584 1813 ὰ
597 1779 793 1822 Bruoeelles,
809 1780 943 1827 s’ohlzye
956 1778 979 1814 ἀ
992 1780 1195 1827 re'pao’eo’les
1209 1779 1407 1826 clommaqes
1419 1791 1486 1824 que
1499 1791 1549 1812 ses
1562 1779 1668 1825 «ξηρό-

199 1841 318 1874 rieurs
335 1850 381 1873 ou
394 1837 538 1884 envoy-<2¹3
546 1840 762 1884 pourraz'ent
777 1850 905 1873 causer
919 1837 942 1872 ἀ
961 1838 1118 1885 l'ahhaye
1132 1838 1172 1872 de
1191 1837 1328 1872 Ninove
1343 1835 1366 1871 ἀ
1379 1836 1606 1884 Ιρριῖεὸωῃήρ.
1621 1859 1667 1863 —

200 1897 341 1931 Pilum.

876 2037 948 2061 1226.

190 2108 329 2136 Universis
340 2107 440 2134 Christi
453 2107 581 2134 fidelibus
593 2108 643 2134 has
657 2108 763 2134 litteras
775 2108 954 2144 inspecturis,
971 2108 1056 2135 frater
1071 2109 1148 2135 Ludo
1158 2118 1220 2135 cum
1230 2106 1350 2143 capitulo
1364 2106 1507 2142 hospitalis
1520 2106 1549 2132 B.
1565 2106 1670 2132 Johan-

149 2157 190 2183 nis
205 2157 231 2182 in
244 2155 371 2182 Bruxella
381 2176 388 2187 ,
403 2154 530 2181 salutem.
547 2155 659 2181 Noverit
675 2155 839 2181 universitas
855 2161 962 2189 vestra,
980 2156 1055 2191 quod
1075 2165 1137 2182 cum
1155 2156 1189 2182 de
1203 2163 1338 2181 consensu
1352 2153 1455 2179 domini
1468 2151 1668 2180 Cameracensis

150 2203 256 2230 abbatis
268 2207 295 2229 et
308 2201 422 2238 capituli
434 2202 564 2229 ecclesiae
578 2202 730 2229 Ninivensis
744 2202 878 2238 quaedam
891 2203 1043 2238 capellania
1055 2203 1082 2229 in
1098 2202 1228 2239 parochia
1241 2202 1275 2228 de
1286 2200 1394 2228 Pamela
1407 2200 1481 2236 apud
1495 2199 1664 2237 Ledebergm

149 2251 274 2277 instituta
289 2259 338 2286 per
353 2249 527 2276 donationem
541 2249 644 2275 domini
657 2249 787 2276 Willelmi
797 2271 805 2284 ,
821 2250 856 2276 ad
869 2260 918 2277 nos
932 2251 967 2277 sit
982 2250 1113 2277 translata
1124 2272 1131 2282 ,
1146 2259 1196 2276 nos
1208 2249 1296 2276 eidem
1305 2248 1437 2275 ecclesiae
1451 2247 1604 2283 obligamus
1617 2248 1667 2274 do-

150 2307 224 2324 mum
238 2302 360 2324 nostram
373 2297 407 2323 ad
422 2297 520 2323 damna
535 2297 768 2332 recompensanda
778 2318 785 2330 ,
800 2297 822 2323 si
836 2307 890 2334 qua
901 2299 953 2334 ipsi
967 2308 1016 2334 per
1032 2308 1082 2325 nos
1096 2298 1139 2324 vel
1154 2307 1203 2333 per
1217 2296 1329 2323 nuntios
1341 2300 1450 2322 nostros
1463 2294 1563 2321 ibidem
1579 2297 1667 2322 conti-

148 2346 220 2381 gerit
231 2344 338 2371 inferri.
352 2344 388 2371 Ut
401 2349 492 2370 autem
507 2352 637 2379 praesens
653 2345 752 2380 pagiua
766 2344 852 2371 robur
866 2344 980 2377 habeat,
995 2345 1076 2381 sigilli
1091 2345 1177 2371 nostri
1191 2348 1332 2370 caractere
1348 2343 1434 2378 ipsam
1449 2340 1563 2368 fecimus
1577 2344 1666 2369 consi-

147 2393 236 2429 gnari.
253 2392 348 2420 Actum
360 2401 430 2418 anno
443 2391 550 2418 Domini
561 2390 715 2418 MCCXXVI
727 2413 733 2424 7
744 2401 836 2419 mense
849 2392 986 2429 Augusto.
1015 2402 1018 2406 ’

979 2458 1086 2490 Original
1097 2477 1103 2483 .
1117 2465 1185 2482 sceau
1198 2465 1227 2481 en
1243 2457 1291 2481 cire
1300 2461 1365 2480 verte
1375 2455 1543 2488 endommage.
