2118 3184
790 443 1078 478 APPENDICES.
1621 447 1687 482 9:51

861 578 1004 613 CCLXl.

177 674 248 708 Des
273 676 424 709 arbitres
441 681 599 709 atteslent
622 688 687 721 que
702 675 854 721 chths
875 676 916 709 de
948 676 996 711 W
995 677 1157 725 (tlelnaz'ny
1163 706 1172 721 ,
1196 679 1366 713 clianoine
1384 680 1425 715 (le
1440 681 1637 726 Alleerbeke,
1666 697 1687 716 (ι

223 733 395 780 (ἰοὶ-[ιωῃό
406 746 449 767 en
467 733 546 768 leur
556 733 722 780 presence
739 734 896 779 l'ahluzye
914 735 955 768 (le
971 741 1047 769 tous
1065 736 1110 769 les
1127 736 1250 783 proces
1271 739 1359 784 qn'z'l
1379 740 1434 773 lui
1455 743 1552 774 avait
1569 744 1686 776 inlen—

223 792 289 834 ἱεῖς,
306 786 523 826 Ιιοία·ιιιι)ιωίί
537 805 587 826 aa
612 794 703 838 szgjet
721 793 762 826 cle
782 793 943 839 quelques
964 794 1128 828 honne'ers
1153 795 1194 828 de
1219 802 1311 831 terre
1335 798 1439 832 se'me's
1461 797 1485 832 (ἱ
1502 799 1681 835 Arltenne.

222 871 268 875 —
289 850 487 884 Rmmnsnn‘r.

894 1012 965 1035 1284.

210 1093 350 1120 Universis
361 1099 519 1129 praesentes
532 1094 637 1120 litteras
656 1095 820 1129 inspecturis
840 1093 926 1120 frater
939 1094 1038 1127 Adam,
1055 1095 1202 1121 canonicus
1221 1095 1389 1131 Bonae-Spei
1401 1117 1407 1128 ‚
1429 1102 1541 1123 curatus
1555 1098 1684 1125 ecclesiae

172 1141 206 1167 de
219 1140 332 1167 Seneffia
342 1161 349 1172 ,
365 1140 451 1166 frater
461 1140 609 1177 Georgius,
625 1146 788 1176 praeceptor
802 1141 912 1167 militiae
926 1141 1020 1176 templi
1032 1141 1130 1167 domus
1140 1141 1173 1168 de
1186 1141 1365 1178 Valionpont,
1378 1142 1497 1170 Jacobus
1508 1144 1542 1171 de
1554 1144 1684 1172 Montano

172 1189 230 1214 vico
240 1209 246 1218 ,
262 1187 391 1214 ecclesiae
403 1187 563 1214 Nivellensis
576 1188 736 1219 canonicus,
751 1188 880 1224 Aegidius
893 1188 927 1214 de
945 1188 1051 1215 Samma
1065 1193 1091 1215 et
1109 1189 1247 1220 Renerus,
1263 1189 1390 1215 dominns
1405 1190 1438 1216 tle
1452 1191 1578 1218 Arkenna
1590 1214 1596 1224 ,
1611 1193 1684 1219 salu-

170 1242 223 1263 tem
237 1240 266 1262 et
277 1244 444 1271 cognoscere
453 1235 607 1262 veritatem.
622 1236 721 1262 Notum
733 1236 767 1261 sit
780 1236 951 1262 universitati
964 1241 1071 1262 vestrae
1082 1236 1156 1272 quod
1168 1237 1194 1262 in
1205 1237 1291 1262 nostri
1303 1238 1472 1272 praesentia,
1487 1239 1566 1265 nobis
1580 1240 1614 1265 ad
1631 1239 1683 1266 hoc

170 1284 273 1310 vocatis
290 1288 317 1309 et
340 1283 443 1319 rogatis
455 1287 568 1318 propter
584 1282 636 1309 hoc
653 1283 824 1315 constitutis,
846 1284 975 1319 magister
994 1282 1114 1310 Jacobus
1134 1283 1168 1310 de
1189 1283 1348 1320 lValehaz'nq
1363 1305 1370 1316 ‚
1389 1285 1536 1311 canonicus
1554 1286 1683 1313 ecclesiae

171 1330 345 1363 Nivellensis‚
363 1330 448 1356 fratre
460 1330 572 1366 Aegidio
584 1329 618 1356 de
628 1329 784 1362 Hol'stadio⁷
799 1330 930 1356 canonico
944 1330 1095 1363 Ninivensi,
1110 1335 1291 1366 procuratore
1303 1331 1425 1357 virorum
1439 1331 1630 1367 religiosorum
1639 1333 1683 1359 ab·

169 1379 240 1404 batis
253 1383 280 1404 et
293 1383 444 1404 conventus
457 1377 588 1404 ecclesiae
601 1377 752 1404 Ninivensis
765 1383 910 1413 praesente
923 1399 930 1409 ,
950 1379 1053 1413 quittas
1069 1378 1195 1404 clamavit
1211 1383 1362 1414 spontanea
1384 1378 1526 1405 voluntate
1539 1385 1566 1405 et
1580 1381 1684 1406 remisit

170 1433 263 1452 omnes
276 1425 397 1451 actiones
407 1445 413 1456 ‚
433 1433 529 1450 causas
547 1429 574 1450 et
591 1424 720 1460 querelas
733 1424 812 1450 dictis
824 1425 916 1451 abbati
929 1429 956 1451 et
968 1426 1131 1457 conventui,
1153 1434 1221 1460 quas
1242 1425 1361 1452 habebat
1375 1435 1423 1452 seu
1439 1426 1542 1452 habere
1556 1432 1678 1462 poterat,

168 1481 200 1499 ex
214 1480 388 1508 quacumque
401 1480 495 1503 causa,
511 1480 560 1497 seu
574 1471 643 1497 alius
657 1472 765 1498 nomine
774 1481 839 1503 sno⁷
855 1477 951 1498 contra
965 1471 1073 1498 eosdem
1093 1481 1182 1507 usque
1197 1472 1223 1498 in
1239 1472 1310 1498 diem
1321 1472 1483 1499 hodiernum
1494 1494 1500 1505 ‚
1518 1479 1545 1499 et
1558 1474 1684 1509 speciali-

169 1525 211 1545 ter
221 1519 248 1545 in
262 1523 382 1555 quatuor
393 1518 513 1544 bonariis
524 1523 629 1547 terrae,
645 1527 742 1553 parum
751 1519 812 1554 plus
825 1519 865 1545 vel
876 1528 972 1554 parum
989 1519 1092 1551 minus,
1106 1519 1280 1545 moventibus
1290 1529 1321 1546 ex
1330 1520 1407 1546 curia
1419 1520 1453 1546 de
1465 1520 1607 1553 Arkenna‚
1619 1522 1681 1547 olim

168 1566 314 1602 assignatis
325 1574 374 1592 seu
386 1564 556 1601 assignandis
567 1565 594 1591 in
606 1564 697 1591 dotem
714 1565 882 1601 capellaniae
894 1565 928 1592 de
941 1566 1104 1602 Rohinynz'es
1115 1587 1122 1598 ,
1138 1575 1255 1602 quarum
1272 1567 1352 1592 etiam
1368 1572 1504 1593 terrarum
1521 1568 1684 1594 satisfactio-

168 1623 230 1640 nem
245 1613 349 1648 recepit
362 1611 452 1638 dictus
464 1612 594 1647 magister
606 1612 726 1638 Jacobus
740 1621 754 1638 a
770 1617 950 1648 procuratore
968 1613 1104 1638 dictorum
1118 1613 1310 1649 religiosorum
1323 1634 1330 1646 ⁷
1346 1614 1455 1641 nomine
1467 1615 1556 1642 dictae
1569 1616 1682 1651 capella-

168 1661 241 1692 niae,
251 1665 380 1695 tanquam
389 1659 570 1691 manburnus,
579 1659 683 1694 siquod
693 1659 798 1693 jurisin
812 1660 851 1686 eis
862 1660 934 1686 dicta
945 1660 1095 1695 capellania
1103 1660 1233 1692 habebat⁷
1246 1660 1381 1687 habuerat
1390 1671 1437 1688 seu
1450 1662 1552 1689 habere
1561 1669 1678 1698 poterat,

167 1712 195 1734 et
206 1708 232 1733 in
247 1707 356 1733 duobus
366 1706 488 1732 bunariis
500 1711 590 1732 terrae
601 1706 710 1733 arabilis
724 1716 780 1733 uno
793 1707 906 1733 bouario
920 1708 991 1742 prati
1003 1713 1029 1734 et
1038 1708 1160 1740 dimidio,
1173 1717 1269 1743 parum
1281 1709 1343 1744 plus
1351 1709 1394 1736 vel
1406 1719 1502 1745 parum
1512 1711 1614 1743 minus,
1628 1720 1680 1737 mo-

167 1754 295 1781 ventibus
309 1763 341 1780 ex
354 1753 448 1779 eadem
462 1754 555 1785 curia,
571 1753 658 1779 libere
671 1758 697 1780 et
711 1753 837 1780 absolute
850 1753 993 1781 conferens
1007 1754 1086 1781 dictis
1101 1755 1193 1781 abbati
1207 1760 1234 1781 et
1247 1756 1394 1782 conventui
1404 1776 1411 1788 ‚
1427 1766 1476 1791 per
1490 1766 1585 1783 manus
1600 1767 1679 1792 prae-

166 1802 231 1828 dicti
245 1801 433 1837 procuratoris
443 1821 450 1832 ,
463 1809 543 1826 omne
551 1800 598 1835 jus
608 1800 682 1836 quod
695 1801 721 1826 in
736 1801 814 1827 dictis
822 1802 903 1827 terris
912 1806 939 1827 et
954 1802 1039 1837 pratis
1052 1801 1186 1836 habebat,
1201 1801 1336 1828 habuerat
1346 1811 1394 1828 seu
1406 1802 1509 1829 habere
1516 1809 1640 1839 poterat,
1652 1810 1679 1831 et

167 1849 330 1885 promittens
341 1847 395 1874 fide
406 1848 537 1883 praestita
547 1848 694 1883 corporali,
705 1848 778 1883 quod
791 1853 885 1874 contra
893 1848 1047 1883 praedictas
1059 1849 1163 1883 quittas
1175 1848 1363 1875 clamationem
1374 1870 1381 1881 ,
1390 1850 1576 1877 remissionem
1586 1856 1615 1877 et
1626 1852 1678 1877 col-

166 1896 296 1923 lationem
312 1905 363 1931 per
372 1904 401 1922 se
414 1894 457 1921 vel
470 1904 520 1930 per
533 1895 615 1921 alium
628 1895 735 1922 occulte
748 1895 791 1922 vel
805 1901 899 1931 aperte
911 1905 964 1922 non
978 1896 1068 1922 veniet
1082 1897 1109 1922 in
1124 1895 1248 1922 futurum
1257 1917 1264 1929 ‚
1280 1897 1442 1923 renuntians
1455 1898 1535 1924 etiam
1549 1900 1621 1924 omni
1633 1908 1678 1926 ex-

165 1944 296 1980 ceptioni,
308 1943 471 1976 defensioni,
481 1943 539 1977 juri
548 1948 576 1969 et
587 1943 697 1975 auxilio,
711 1953 782 1979 quae
791 1949 901 1979 possent
910 1945 936 1970 in
947 1949 1085 1979 posterum
1098 1944 1185 1970 eidem
1198 1945 1328 1980 magistro
1336 1944 1438 1970 Jacobo
1447 1945 1577 1980 prodesse
1587 1946 1678 1972 etdic-

165 1992 200 2018 tis
209 1991 301 2018 abbati
308 1997 336 2018 et
345 1991 492 2018 conventui
501 1990 607 2017 obesse.
620 1990 649 2016 In
660 1991 814 2026 praemissis
822 1991 946 2026 promisit
955 1991 1036 2017 etiam
1045 1991 1133 2018 dictus
1142 1992 1288 2018 canonicus
1297 1992 1382 2027 quod,
1392 2001 1472 2027 quam
1482 1993 1536 2019 cito
1545 1992 1676 2020 haeredes

166 2039 302 2074 quondam
317 2038 418 2065 domini
432 2038 527 2065 Odrini
537 2038 629 2064 militis
643 2037 735 2064 fratris
743 2038 785 2064 sui
798 2038 831 2064 ad
845 2043 960 2064 aetatem
974 2039 1117 2073 pervenire
1128 2039 1319 2075 contingerent
1329 2060 1336 2071 ‚
1349 2039 1470 2065 eamdem
1483 2040 1673 2075 quittationem

166 2095 248 2123 quam
256 2085 320 2113 fecit
330 2086 364 2112 de
374 2086 528 2121 praemissis
541 2084 641 2111 sacient
653 2090 680 2111 et
691 2085 793 2121 quittas
803 2084 971 2119 clamabunt3
987 2085 1020 2110 ad
1031 2094 1102 2120 quae
1111 2084 1232 2111 facienda
1242 2086 1398 2121 praedictus
1411 2087 1556 2112 canonicus
1567 2096 1596 2113 se
1606 2087 1675 2113 obli-

165 2134 239 2170 gavit
258 2142 307 2169 per
324 2137 492 2168 praesentes.
511 2132 540 2158 ln
555 2133 633 2166 cujus
646 2132 686 2158 rei
703 2132 886 2158 testimonium
905 2141 953 2158 nos
970 2132 1100 2167 praedicti
1116 2132 1200 2158 Adam
1211 2153 1217 2163 ,
1238 2132 1323 2158 frater
1341 2132 1473 2169 Georgius
1484 2153 1491 2165 ,
1507 2133 1626 2160 Jacobus
1640 2135 1673 2160 de

167 2181 296 2207 Montano
310 2181 369 2207 vico
379 2201 386 2212 ‚
400 2179 529 2216 Aegidius
543 2180 577 2206 de
591 2180 697 2206 Samma
707 2185 735 2206 et
745 2180 883 2207 Reuerus.
899 2179 1025 2206 dominus
1037 2180 1070 2206 de
1081 2179 1209 2206 Arkenna
1219 2201 1225 2211 ,
1242 2180 1276 2206 ad
1287 2185 1443 2216 requestam
1457 2186 1484 2206 et
1497 2181 1675 2216 supplicatio-

165 2237 227 2255 nem
240 2227 373 2264 praedicti
386 2227 508 2263 magistri
519 2227 614 2254 Jacobi
626 2227 660 2253 de
678 2227 835 2263 Walehaiuq
849 2248 856 2261 ‚
871 2226 960 2263 sigilla
971 2232 1063 2253 nostra
1077 2227 1269 2262 praesentibus
1283 2236 1336 2253 una
1350 2237 1411 2253 cum
1422 2227 1510 2264 sigillo
1525 2229 1610 2264 ipsius
1622 2239 1673 2256 ma-

165 2275 242 2311 gistri
255 2275 350 2302 Jacobi
363 2274 490 2301 duximus
499 2274 670 2310 apponenda.
687 2274 785 2300 Datum
798 2283 869 2300 anno
879 2273 986 2300 Domini
1000 2273 1218 2305 MCOEXXXIV,
1233 2275 1259 2300 in
1276 2274 1367 2310 vigilia
1381 2274 1570 2301 Penthecosta.

944 2340 1051 2372 Original
1059 2359 1066 2370 ‚
1077 2340 1112 2365 six
1122 2340 1253 2372 fragments
1264 2341 1292 2365 de
1305 2347 1389 2365 sceaux
1399 2349 1429 2364 en
1441 2341 1488 2365 cire
1500 2347 1572 2365 verte.
