2118 3184
524 410 747 445 ‹ttffloxlcx
780 411 946 445 :mollin
978 411 1016 445 Ll
1048 411 1210 445 mmsis.
1562 416 1628 449 271

112 516 243 551 dicitur
265 515 286 550 {i
310 517 338 551 le
358 517 469 551 seuve
490 518 522 554 ¹.
545 519 644 563 juxta
666 519 861 552 Bruxellam
877 546 884 552 .
912 526 943 552 et
972 518 1095 552 eodem
1121 518 1198 553 die.
1225 519 1295 554 dux
1320 519 1364 553 de
1390 519 1508 555 Gelres
1527 521 1628 554 aliam

111 575 218 609 filiam
238 575 338 609 ducis
357 576 564 610 Brabantiae.
586 576 808 622 desponsavit
828 576 974 610 ibidem.

163 637 263 668 Anno
289 634 510 681 supradicto.
538 637 628 669 misit
658 648 715 669 rex
744 636 925 670 franciae.
953 636 1014 682 qui
1040 643 1124 670 tune
1146 643 1220 670 erat
1245 636 1340 683 apud
1360 637 1527 684 Ilaydt'n,
1549 646 1629 672 octo

112 693 250 741 bargias
274 706 392 727 versus
416 694 531 727 villain
558 694 602 727 de
630 693 764 729 Calais.
792 701 952 728 oneratas
976 695 1203 738 victualibus,
1230 708 1317 741 quas
1348 697 1482 745 Anglici
1516 699 1630 742 perci-

111 752 266 797 pientes7
289 759 456 798 ceperunt
477 766 534 786 eas
551 760 583 786 et
606 753 727 786 lucrati
748 760 828 786 sunt
848 766 953 786 manu
974 760 1119 787 armata.

160 810 289 844 Eodem
317 823 430 845 anno.
455 812 545 845 eirca
574 813 701 845 festum
725 812 847 846 beatae
874 811 1002 846 Mariae
1029 811 1276 860 Magdalenae,
1306 812 1378 847 (lux
1406 814 1626 848 Britanniae.

111 867 310 903 coadunato
333 870 466 917 ingenti
491 871 663 903 exercitu.
691 871 860 918 pugnavit
882 877 1003 904 contra
1027 871 1208 918 Anglicos.
1231 878 1263 904 et
1291 871 1325 905 in
1344 871 1440 906 dicto
1461 873 1627 907 conflictu

112 933 236 972 captus
254 928 319 961 fuit
340 929 385 962 ab
404 928 548 962 eisdem.

162 986 262 1019 Anno
288 985 548 1020 MCCCXLYH.
578 998 659 1034 rege
680 987 822 1034 Angliae
842 986 985 1020 sedente
1011 994 1091 1021 ante
1114 987 1247 1029 Calais,
1271 1000 1329 1021 rex
1354 989 1516 1023 Franciae
1537 991 1630 1023 venit,

108 1042 153 1077 de
176 1044 287 1078 Ponte
305 1044 341 1078 S.
366 1045 560 1079 Max-entiae
584 1046 783 1081 Ambianis.
805 1045 901 1079 etde
922 1046 1100 1080 Ambianis
1123 1047 1311 1080 Attrebati.
1337 1048 1488 1082 intrante
1516 1048 1626 1091 Maio‚

108 1107 143 1135 et
163 1102 209 1135 ibi
229 1103 325 1136 stetit
349 1116 411 1148 per
433 1116 490 1136 sex
519 1103 780 1147 hebdomades7
803 1110 837 1137 et
858 1116 937 1138 suas
958 1111 1080 1151 gentes
1103 1104 1289 1144 adunavih
1319 1112 1354 1138 et
1375 1105 1510 1140 decima
1536 1119 1629 1141 nona

109 1159 166 1194 die
190 1162 318 1194 mensis
335 1161 450 1204 Junii.v
471 1163 564 1195 veuit
585 1174 667 1196 cuin
691 1174 755 1195 suo
775 1163 929 1196 exercitu
947 1162 1042 1208 apud
1062 1161 1232 1207 Haydin,
1255 1169 1289 1196 et
1310 1163 1356 1196 ibi
1376 1165 1470 1197 stetit
1491 1166 1630 1200 circiter

108 1230 172 1264 per
189 1231 303 1253 unum
324 1232 498 1262 mensem,
521 1227 553 1254 et
573 1222 664 1254 circa
686 1221 815 1254 festum
835 1221 956 1254 beatae
974 1221 1103 1254 Mariae
1123 1220 1368 1268 Magdalenae7
1391 1230 1501 1256 castra
1523 1226 1630 1258 movit

108 1276 153 1311 de
175 1276 345 1324 Hayde'n,
374 1285 408 1311 et
435 1279 496 1312 ivit
521 1278 617 1324 apud
642 1277 936 1324 Fankenhergylw,
963 1284 997 1311 et
1025 1279 1060 1311 in
1085 1278 1237 1312 crastino
1265 1278 1355 1312 beati
1383 1280 1629 1327 Christophori

110 1336 220 1369 movit
243 1348 302 1369 rex
326 1343 361 1369 et
387 1337 459 1369 fixit
482 1336 633 1369 tentoria
653 1348 716 1369 sua
735 1347 855 1369 coram
873 1335 953 1369 villa
973 1335 1018 1369 de
1041 1335 1173 1377 Calazts,
1196 1336 1278 1369 satis
1297 1349 1408 1383 prope
1426 1339 1536 1372 aciem
1558 1344 1630 1373 An-

105 1394 293 1441 glieorum.
312 1394 353 1427 Et
367 1400 441 1427 erat
459 1406 541 1427 cum
559 1406 600 1427 eo
614 1393 687 1427 dux
702 1393 939 1428 Normanniae
952 1421 960 1437 3
983 1394 1074 1427 filius
1092 1395 1185 1440 ejus7
1202 1394 1275 1428 dux
1292 1395 1535 1443 Burgundiae.v
1558 1398 1630 1432 dux

107 1451 153 1486 de
178 1452 366 1495 Bourbon,
387 1464 504 1486 eomes
533 1451 729 1494 flandriae,
756 1464 874 1485 eomes
896 1452 1166 1495 Niamurcensist
1193 1451 1361 1487 dominus
1384 1454 1564 1489 „Iohannes
1587 1456 1631 1489 de

108 1511 334 1559 Byaumont,
360 1518 395 1545 et
417 1511 647 1558 quamplures
674 1511 730 1544 alii
758 1511 908 1545 barones
933 1518 968 1545 et
995 1512 1147 1555 nobiles5
1178 1510 1254 1545 fuit'
1271 1519 1389 1546 autem
1414 1513 1546 1547 ibidem
1573 1527 1630 1548 rex

107 1581 189 1604 cum
208 1571 282 1605 acie
295 1583 358 1605 sua
371 1583 430 1604 sex
444 1569 581 1604 diebus.
599 1570 781 1604 Venerunt
796 1577 914 1604 autem
934 1570 1008 1604 duo
1027 1570 1216 1617 saepedicti
1231 1571 1441 1615 cardinalesff
1464 1572 1630 1607 dominus

109 1628 300 1663 Hannibal
311 1636 347 1663 et
364 1628 532 1663 dominus
550 1628 595 1662 de
613 1628 855 1671 Chromonte,
877 1635 911 1662 et
930 1641 965 1662 se
984 1641 1066 1662 cum
1088 1629 1159 1662 suis
1179 1629 1271 1663 inter
1284 1629 1372 1663 duas
1392 1631 1482 1664 acies
1501 1644 1631 1677 posue-

107 1693 213 1731 runt,
235 1688 433 1722 laborantes
452 1686 497 1721 ad
514 1699 636 1733 pacem
660 1686 922 1720 reformandam
936 1714 944 1720 .
971 1694 1033 1721 aut
1050 1694 1091 1721 ut
1112 1694 1257 1735 treugae
1277 1687 1515 1722 donarentur.
1542 1691 1632 1724 ohti-

107 1752 336 1793 nueruntque
359 1746 404 1779 ab
428 1752 578 1791 utraque
605 1752 703 1791 parte
734 1744 975 1779 sufferentiam
1006 1745 1114 1779 trium
1137 1744 1277 1779 dierum
1308 1746 1554 1781 solummodo.
1594 1750 1629 1782 in

108 1806 242 1853 quibus
264 1805 379 1839 tribus
404 1804 530 1839 diebus
559 1811 731 1838 venerunt
754 1804 828 1852 regi
853 1804 996 1852 Angliae
1026 1817 1154 1852 magna
1183 1805 1284 1850 copia
1308 1805 1571 1854 Flamiugorum
1596 1815 1627 1841 et

106 1864 354 1912 Anglicorum,
380 1870 415 1897 et
437 1864 547 1897 crevit
569 1863 721 1897 multum
748 1876 833 1897 suus
859 1863 1048 1905 exercitus3
1077 1870 1111 1896 et
1137 1863 1222 1897 feeit
1247 1864 1322 1897 fieri
1349 1864 1479 1898 fossata
1503 1877 1630 1914 magna

107 1923 201 1958 circa
218 1935 324 1957 suum
342 1922 535 1956 exercitum
548 1949 556 1965 2
582 1922 630 1956 ita
647 1921 746 1968 quod
767 1934 827 1955 rex
846 1922 1009 1955 Franciae
1035 1928 1070 1955 et
1092 1922 1145 1955 sui
1165 1921 1211 1955 ad
1237 1922 1347 1956 aciem
1373 1923 1464 1970 regis
1484 1924 1628 1971 Angliae

108 1982 247 2016 nullum
265 1987 407 2028 possent
426 1981 557 2014 habere
574 1993 753 2014 accessum
770 1993 835 2014 nec
851 1981 942 2014 viam
962 1980 1070 2014 eundi
1085 1979 1130 2014 ad
1149 1981 1266 2014 villam
1285 1980 1330 2014 de
1347 1980 1465 2015 Calais
1484 1989 1630 2028 propter

107 2052 203 2074 mare
224 2047 258 2073 et
283 2046 430 2086 propter
455 2039 522 2073 loei
546 2039 765 2085 parvitatem.
798 2039 838 2072 Et
864 2039 1068 2073 necessitate
1093 2039 1299 2085 compulsus
1323 2040 1501 2085 oportuit7
1530 2040 1627 2086 quod

107 2099 238 2133 levaret
263 2097 382 2131 sedem
406 2109 517 2131 suam.
541 2096 703 2131 Secunda
723 2103 843 2131 autem
867 2096 924 2131 die
948 2097 1116 2145 Augusti7
1143 2096 1306 2131 videlicet
1326 2096 1383 2130 die
1406 2097 1521 2140 Jovis,
1547 2105 1628 2132 ante

107 2168 271 2191 auroram
292 2155 415 2189 levavit
430 2167 488 2188 rex
507 2155 670 2189 Franciae
685 2154 804 2189 sedem
819 2167 918 2189 suam
933 2167 1016 2188 cum
1035 2167 1163 2202 magna
1176 2155 1398 2188 festinatione
1418 2155 1453 2188 in
1472 2162 1625 2200 tautum,

108 2214 207 2262 quod
220 2215 318 2257 vina,
334 2226 426 2260 quae
440 2214 475 2247 in
491 2213 594 2247 doliis
611 2221 728 2257 erant-¹
751 2213 1028 2248 effundebantur
1044 2225 1151 2259 super
1166 2225 1329 2259 campos7
1347 2220 1381 2247 et
1400 2226 1527 2262 magna
1548 2227 1627 2261 pars

108 2274 282 2322 logiarum
309 2279 361 2306 est
383 2273 590 2314 combusta3
615 2279 650 2306 et
676 2273 794 2318 plures
820 2273 956 2320 Anglici
981 2273 1142 2306 exierunt
1166 2272 1322 2306 volentes
1348 2284 1406 2306 eos
1434 2273 1570 2320 insequi
1593 2281 1628 2308 et,

108 2332 257 2375 lucrari,
284 2331 345 2365 sed
372 2331 416 2365 de
442 2331 543 2377 ipsis.
572 2337 612 2364 ut
638 2331 843 2373 dicebatum
873 2331 1012 2365 circiter
1037 2331 1215 2378 sexaginta
1240 2337 1323 2364 sunt
1349 2331 1466 2365 occisi.
1495 2331 1536 2365 Et
1560 2331 1627 2366 fuit

107 2391 240 2425 clamor
266 2391 302 2424 in
325 2391 399 2424 acie
425 2391 536 2438 regis.
566 2389 664 2436 quod
684 2402 742 2423 rex
769 2389 914 2437 Angliae
937 2396 972 2423 et
998 2389 1050 2423 sui
1075 2389 1230 2422 exierant
1254 2395 1290 2422 et
1310 2389 1518 2437 pugnabant
1543 2401 1625 2423 eum

148 2519 156 2537 ¹
178 2519 266 2547 Furae
280 2520 372 2546 ducis.
390 2529 437 2546 seu
458 2519 613 2545 Ter-ruerem.
