<?xml version="1.0" encoding="UTF-8"?>
<!DOCTYPE html PUBLIC "-//W3C//DTD XHTML 1.0 Transitional//EN"
    "http://www.w3.org/TR/xhtml1/DTD/xhtml1-transitional.dtd">
<html xmlns="http://www.w3.org/1999/xhtml" xml:lang="en" lang="en">
 <head>
  <title>
</title>
<meta http-equiv="Content-Type" content="text/html;charset=utf-8" />
  <meta name='ocr-system' content='tesseract 3.04.00' />
  <meta name='ocr-capabilities' content='ocr_page ocr_carea ocr_par ocr_line ocrx_word'/>
</head>
<body>
  <div class='ocr_page' id='page_1' title='image "./corpuschronicoru02smetuoft_0977.png"; bbox 0 0 2118 3184; ppageno 0'>
   <div class='ocr_carea' id='block_1_1' title="bbox 795 447 1692 483">
    <p class='ocr_par' dir='ltr' id='par_1_1' title="bbox 795 447 1692 483">
     <span class='ocr_line' id='line_1_1' title="bbox 795 447 1692 483; baseline 0 -1"><span class='ocrx_word' id='word_1_1' title='bbox 795 447 1080 483; x_wconf 74' lang='lat' dir='ltr'><strong>APPENDICES.</strong></span> <span class='ocrx_word' id='word_1_2' title='bbox 1622 448 1692 482; x_wconf 65' lang='lat'>945</span> 
     </span>
    </p>
   </div>
   <div class='ocr_carea' id='block_1_2' title="bbox 180 555 1692 687">
    <p class='ocr_par' dir='ltr' id='par_1_2' title="bbox 180 555 1692 687">
     <span class='ocr_line' id='line_1_2' title="bbox 180 555 1692 594; baseline -0.003 -9"><span class='ocrx_word' id='word_1_3' title='bbox 180 564 207 584; x_wconf 88' lang='lat' dir='ltr'>et</span> <span class='ocrx_word' id='word_1_4' title='bbox 220 559 306 585; x_wconf 74' lang='lat' dir='ltr'>libere</span> <span class='ocrx_word' id='word_1_5' title='bbox 318 564 344 585; x_wconf 81' lang='lat' dir='ltr'>et</span> <span class='ocrx_word' id='word_1_6' title='bbox 358 561 451 594; x_wconf 81' lang='lat' dir='ltr'>quiete</span> <span class='ocrx_word' id='word_1_7' title='bbox 462 578 468 586; x_wconf 83' lang='grc'>,</span> <span class='ocrx_word' id='word_1_8' title='bbox 483 563 508 583; x_wconf 82' lang='lat' dir='ltr'>et</span> <span class='ocrx_word' id='word_1_9' title='bbox 523 558 580 583; x_wconf 76' lang='lat' dir='ltr'>sine</span> <span class='ocrx_word' id='word_1_10' title='bbox 597 556 814 583; x_wconf 71' lang='lat' dir='ltr'>contradictione</span> <span class='ocrx_word' id='word_1_11' title='bbox 827 555 918 591; x_wconf 80' lang='lat' dir='ltr'>aliqua</span> <span class='ocrx_word' id='word_1_12' title='bbox 933 556 1044 582; x_wconf 75' lang='lat' dir='ltr'>habebit</span> <span class='ocrx_word' id='word_1_13' title='bbox 1057 561 1083 582; x_wconf 86' lang='lat' dir='ltr'>et</span> <span class='ocrx_word' id='word_1_14' title='bbox 1098 556 1257 591; x_wconf 75' lang='lat' dir='ltr'>possidebit.</span> <span class='ocrx_word' id='word_1_15' title='bbox 1276 557 1304 582; x_wconf 94' lang='lat' dir='ltr'>ln</span> <span class='ocrx_word' id='word_1_16' title='bbox 1319 557 1398 589; x_wconf 86' lang='lat' dir='ltr'>cujus</span> <span class='ocrx_word' id='word_1_17' title='bbox 1412 557 1452 582; x_wconf 88' lang='lat' dir='ltr'>rei</span> <span class='ocrx_word' id='word_1_18' title='bbox 1466 555 1650 582; x_wconf 86' lang='lat' dir='ltr'>testimonium</span> <span class='ocrx_word' id='word_1_19' title='bbox 1665 560 1692 580; x_wconf 86' lang='lat' dir='ltr'>et</span> 
     </span>
     <span class='ocr_line' id='line_1_3' title="bbox 181 595 1689 641; baseline -0.003 -9"><span class='ocrx_word' id='word_1_20' title='bbox 181 607 317 632; x_wconf 86' lang='lat' dir='ltr'>munimen</span> <span class='ocrx_word' id='word_1_21' title='bbox 332 610 490 641; x_wconf 73' lang='lat' dir='ltr'>praesentes</span> <span class='ocrx_word' id='word_1_22' title='bbox 504 604 608 630; x_wconf 84' lang='lat' dir='ltr'>litteras</span> <span class='ocrx_word' id='word_1_23' title='bbox 622 603 711 639; x_wconf 75' lang='lat' dir='ltr'>sigillo</span> <span class='ocrx_word' id='word_1_24' title='bbox 725 608 820 628; x_wconf 84' lang='lat' dir='ltr'>nostro</span> <span class='ocrx_word' id='word_1_25' title='bbox 833 595 970 628; x_wconf 79' lang='lat' dir='ltr'>communi</span> <span class='ocrx_word' id='word_1_26' title='bbox 980 623 987 633; x_wconf 80' lang='grc'>,</span> <span class='ocrx_word' id='word_1_27' title='bbox 1003 603 1036 628; x_wconf 81' lang='lat' dir='ltr'>nd</span> <span class='ocrx_word' id='word_1_28' title='bbox 1054 612 1149 638; x_wconf 83' lang='lat' dir='ltr'>preces</span> <span class='ocrx_word' id='word_1_29' title='bbox 1163 603 1251 629; x_wconf 82' lang='lat' dir='ltr'>dictae</span> <span class='ocrx_word' id='word_1_30' title='bbox 1269 603 1430 629; x_wconf 73' lang='lat' dir='ltr'>catherinae</span> <span class='ocrx_word' id='word_1_31' title='bbox 1443 608 1471 629; x_wconf 86' lang='lat' dir='ltr'>et</span> <span class='ocrx_word' id='word_1_32' title='bbox 1485 603 1550 629; x_wconf 92' lang='lat' dir='ltr'>dicti</span> <span class='ocrx_word' id='word_1_33' title='bbox 1568 602 1671 638; x_wconf 75' lang='lat' dir='ltr'>Aegidii</span> <span class='ocrx_word' id='word_1_34' title='bbox 1684 623 1689 630; x_wconf 79' lang='grc'>,</span> 
     </span>
     <span class='ocr_line' id='line_1_4' title="bbox 181 650 1428 687; baseline -0.002 -8"><span class='ocrx_word' id='word_1_35' title='bbox 181 653 341 679; x_wconf 68' lang='lat' dir='ltr'>tradidimus</span> <span class='ocrx_word' id='word_1_36' title='bbox 354 652 496 687; x_wconf 65' lang='lat' dir='ltr'>sigillatas.</span> <span class='ocrx_word' id='word_1_37' title='bbox 515 651 608 677; x_wconf 77' lang='lat' dir='ltr'>Actum</span> <span class='ocrx_word' id='word_1_38' title='bbox 624 655 651 676; x_wconf 88' lang='lat' dir='ltr'>et</span> <span class='ocrx_word' id='word_1_39' title='bbox 664 650 757 675; x_wconf 84' lang='lat' dir='ltr'>datum</span> <span class='ocrx_word' id='word_1_40' title='bbox 767 659 838 676; x_wconf 70' lang='lat' dir='ltr'>anno</span> <span class='ocrx_word' id='word_1_41' title='bbox 848 650 1138 676; x_wconf 69' lang='lat' dir='ltr'>tiomiuiMCCLxxxl</span> <span class='ocrx_word' id='word_1_42' title='bbox 1150 672 1157 678; x_wconf 81' lang='grc'>,</span> <span class='ocrx_word' id='word_1_43' title='bbox 1168 660 1260 677; x_wconf 87' lang='lat' dir='ltr'>mense</span> <span class='ocrx_word' id='word_1_44' title='bbox 1274 650 1428 677; x_wconf 84' lang='lat' dir='ltr'>Decembri.</span> 
     </span>
    </p>
   </div>
   <div class='ocr_carea' id='block_1_3' title="bbox 1169 726 1559 757">
    <p class='ocr_par' dir='ltr' id='par_1_3' title="bbox 1169 726 1559 757">
     <span class='ocr_line' id='line_1_5' title="bbox 1169 726 1559 757; baseline -0.003 -7"><span class='ocrx_word' id='word_1_45' title='bbox 1169 726 1276 757; x_wconf 57' lang='lat' dir='ltr'>Original</span> <span class='ocrx_word' id='word_1_46' title='bbox 1286 745 1291 751; x_wconf 81' lang='grc'>,</span> <span class='ocrx_word' id='word_1_47' title='bbox 1305 734 1373 750; x_wconf 77' lang='lat' dir='ltr'>sceau</span> <span class='ocrx_word' id='word_1_48' title='bbox 1387 734 1415 750; x_wconf 82' lang='lat' dir='ltr'>cn</span> <span class='ocrx_word' id='word_1_49' title='bbox 1429 726 1476 750; x_wconf 77' lang='lat' dir='ltr'>cire</span> <span class='ocrx_word' id='word_1_50' title='bbox 1487 730 1559 749; x_wconf 70' lang='lat' dir='ltr'>vui-tc.</span> 
     </span>
    </p>
   </div>
   <div class='ocr_carea' id='block_1_4' title="bbox 181 1051 1690 1421">
    <p class='ocr_par' dir='ltr' id='par_1_4' title="bbox 181 1051 1690 1421">
     <span class='ocr_line' id='line_1_6' title="bbox 875 1051 1014 1086; baseline -0.022 0"><span class='ocrx_word' id='word_1_51' title='bbox 875 1051 1014 1086; x_wconf 75' lang='lat' dir='ltr'>CCLlV.</span> 
     </span>
     <span class='ocr_line' id='line_1_7' title="bbox 181 1149 1690 1197; baseline -0.003 -7"><span class='ocrx_word' id='word_1_52' title='bbox 181 1156 323 1190; x_wconf 73' lang='lat' dir='ltr'>Arnoztl</span> <span class='ocrx_word' id='word_1_53' title='bbox 337 1157 378 1189; x_wconf 77' lang='lat' dir='ltr'>de</span> <span class='ocrx_word' id='word_1_54' title='bbox 400 1155 574 1194; x_wconf 63' lang='lat' dir='ltr'>Laurum,</span> <span class='ocrx_word' id='word_1_55' title='bbox 598 1156 668 1187; x_wconf 69' lang='lat' dir='ltr'>sire</span> <span class='ocrx_word' id='word_1_56' title='bbox 685 1153 726 1187; x_wconf 79' lang='lat' dir='ltr'>cle</span> <span class='ocrx_word' id='word_1_57' title='bbox 744 1153 879 1195; x_wconf 79' lang='lat' dir='ltr'>Breda,</span> <span class='ocrx_word' id='word_1_58' title='bbox 908 1152 1042 1186; x_wconf 58' lang='lat' dir='ltr'>(lei-lare</span> <span class='ocrx_word' id='word_1_59' title='bbox 1064 1151 1151 1197; x_wconf 73' lang='lat' dir='ltr'>qzc&#39;il</span> <span class='ocrx_word' id='word_1_60' title='bbox 1170 1164 1190 1184; x_wconf 81' lang='grc' dir='ltr'>(ι</span> <span class='ocrx_word' id='word_1_61' title='bbox 1211 1151 1329 1184; x_wconf 74' lang='lat' dir='ltr'>[lonne&#39;</span> <span class='ocrx_word' id='word_1_62' title='bbox 1343 1149 1363 1183; x_wconf 76' lang='grc' dir='ltr'>(ι’</span> <span class='ocrx_word' id='word_1_63' title='bbox 1385 1151 1542 1197; x_wconf 74' lang='grc' dir='ltr'><em>[’(ιΙ)Ι)(ι]]θ</em></span> <span class='ocrx_word' id='word_1_64' title='bbox 1565 1165 1613 1185; x_wconf 66' lang='lat' dir='ltr'>zon</span> <span class='ocrx_word' id='word_1_65' title='bbox 1634 1166 1690 1186; x_wconf 72' lang='lat' dir='ltr'>re—</span> 
     </span>
     <span class='ocr_line' id='line_1_8' title="bbox 562 1209 1306 1246; baseline -0.004 -1"><span class='ocrx_word' id='word_1_66' title='bbox 562 1225 650 1246; x_wconf 63' lang='lat' dir='ltr'>cena</span> <span class='ocrx_word' id='word_1_67' title='bbox 667 1211 707 1245; x_wconf 77' lang='lat' dir='ltr'>cle</span> <span class='ocrx_word' id='word_1_68' title='bbox 723 1211 786 1245; x_wconf 61' lang='lat' dir='ltr'>clia?</span> <span class='ocrx_word' id='word_1_69' title='bbox 799 1211 901 1245; x_wconf 62' lang='lat' dir='ltr'>liures</span> <span class='ocrx_word' id='word_1_70' title='bbox 918 1212 1087 1245; x_wconf 64' lang='lat' dir='ltr'>conowoz&#39;s.</span> <span class='ocrx_word' id='word_1_71' title='bbox 1107 1230 1154 1234; x_wconf 93' lang='lat'><strong>—</strong></span> <span class='ocrx_word' id='word_1_72' title='bbox 1168 1209 1306 1243; x_wconf 69' lang='lat' dir='ltr'>Nmovss.</span> 
     </span>
     <span class='ocr_line' id='line_1_9' title="bbox 899 1398 969 1421; baseline 0 0"><span class='ocrx_word' id='word_1_73' title='bbox 899 1398 969 1421; x_wconf 62' lang='lat' dir='ltr'>mm.</span> 
     </span>
    </p>
   </div>
   <div class='ocr_carea' id='block_1_5' title="bbox 177 1477 1696 2601">
    <p class='ocr_par' dir='ltr' id='par_1_5' title="bbox 177 1477 1696 2601">
     <span class='ocr_line' id='line_1_10' title="bbox 215 1477 1690 1520; baseline -0.003 -11"><span class='ocrx_word' id='word_1_74' title='bbox 215 1484 271 1520; x_wconf 76' lang='lat' dir='ltr'>Ego</span> <span class='ocrx_word' id='word_1_75' title='bbox 285 1482 432 1509; x_wconf 76' lang='lat' dir='ltr'>Arnoldus.</span> <span class='ocrx_word' id='word_1_76' title='bbox 445 1482 535 1508; x_wconf 83' lang='lat' dir='ltr'>dictus</span> <span class='ocrx_word' id='word_1_77' title='bbox 546 1481 580 1507; x_wconf 88' lang='lat' dir='ltr'>de</span> <span class='ocrx_word' id='word_1_78' title='bbox 591 1481 724 1511; x_wconf 76' lang='lat' dir='ltr'>Lovaniu,</span> <span class='ocrx_word' id='word_1_79' title='bbox 737 1480 863 1506; x_wconf 88' lang='lat' dir='ltr'>dominus</span> <span class='ocrx_word' id='word_1_80' title='bbox 873 1479 907 1505; x_wconf 85' lang='lat' dir='ltr'>de</span> <span class='ocrx_word' id='word_1_81' title='bbox 919 1478 1005 1504; x_wconf 89' lang='lat' dir='ltr'>Breda</span> <span class='ocrx_word' id='word_1_82' title='bbox 1015 1498 1021 1509; x_wconf 78' lang='lat'><em>‚</em></span> <span class='ocrx_word' id='word_1_83' title='bbox 1039 1477 1115 1504; x_wconf 87' lang='lat' dir='ltr'>miles</span> <span class='ocrx_word' id='word_1_84' title='bbox 1125 1498 1132 1508; x_wconf 76' lang='lat'>‚</span> <span class='ocrx_word' id='word_1_85' title='bbox 1148 1483 1242 1504; x_wconf 82' lang='lat' dir='ltr'>notum</span> <span class='ocrx_word' id='word_1_86' title='bbox 1254 1478 1323 1504; x_wconf 83' lang='lat' dir='ltr'>facio</span> <span class='ocrx_word' id='word_1_87' title='bbox 1337 1483 1391 1504; x_wconf 83' lang='lat' dir='ltr'>tam</span> <span class='ocrx_word' id='word_1_88' title='bbox 1407 1479 1598 1513; x_wconf 79' lang='lat' dir='ltr'>praesentibus</span> <span class='ocrx_word' id='word_1_89' title='bbox 1609 1488 1690 1514; x_wconf 83' lang='lat' dir='ltr'>quam</span> 
     </span>
     <span class='ocr_line' id='line_1_11' title="bbox 179 1525 1691 1565; baseline -0.004 -8"><span class='ocrx_word' id='word_1_90' title='bbox 179 1531 280 1557; x_wconf 78' lang='lat' dir='ltr'>suturis</span> <span class='ocrx_word' id='word_1_91' title='bbox 293 1531 320 1556; x_wconf 92' lang='lat' dir='ltr'>in</span> <span class='ocrx_word' id='word_1_92' title='bbox 336 1536 510 1565; x_wconf 87' lang='lat' dir='ltr'>perpetuum.</span> <span class='ocrx_word' id='word_1_93' title='bbox 531 1529 610 1564; x_wconf 80' lang='lat' dir='ltr'>Quod</span> <span class='ocrx_word' id='word_1_94' title='bbox 632 1538 683 1564; x_wconf 78' lang='lat' dir='ltr'>ego</span> <span class='ocrx_word' id='word_1_95' title='bbox 699 1528 734 1554; x_wconf 91' lang='lat' dir='ltr'>ob</span> <span class='ocrx_word' id='word_1_96' title='bbox 752 1528 803 1554; x_wconf 89' lang='lat' dir='ltr'>mei</span> <span class='ocrx_word' id='word_1_97' title='bbox 820 1536 1000 1562; x_wconf 80' lang='lat' dir='ltr'>meorumque</span> <span class='ocrx_word' id='word_1_98' title='bbox 1019 1526 1229 1561; x_wconf 82' lang='lat' dir='ltr'>sempiternam,</span> <span class='ocrx_word' id='word_1_99' title='bbox 1248 1535 1318 1561; x_wconf 89' lang='lat' dir='ltr'>quae</span> <span class='ocrx_word' id='word_1_100' title='bbox 1338 1526 1364 1551; x_wconf 90' lang='lat' dir='ltr'>in</span> <span class='ocrx_word' id='word_1_101' title='bbox 1380 1525 1487 1552; x_wconf 86' lang='lat' dir='ltr'>Christo</span> <span class='ocrx_word' id='word_1_102' title='bbox 1506 1531 1545 1552; x_wconf 83' lang='lat' dir='ltr'>est</span> <span class='ocrx_word' id='word_1_103' title='bbox 1557 1526 1691 1558; x_wconf 68' lang='lat' dir='ltr'>salutem,</span> 
     </span>
     <span class='ocr_line' id='line_1_12' title="bbox 178 1572 1691 1610; baseline -0.003 -6"><span class='ocrx_word' id='word_1_104' title='bbox 178 1579 264 1604; x_wconf 87' lang='lat' dir='ltr'>libera</span> <span class='ocrx_word' id='word_1_105' title='bbox 281 1578 308 1603; x_wconf 92' lang='lat' dir='ltr'>in</span> <span class='ocrx_word' id='word_1_106' title='bbox 327 1576 442 1602; x_wconf 89' lang='lat' dir='ltr'>Domino</span> <span class='ocrx_word' id='word_1_107' title='bbox 461 1575 603 1602; x_wconf 81' lang='lat' dir='ltr'>voluntate</span> <span class='ocrx_word' id='word_1_108' title='bbox 623 1576 649 1601; x_wconf 91' lang='lat' dir='ltr'>in</span> <span class='ocrx_word' id='word_1_109' title='bbox 669 1584 765 1610; x_wconf 85' lang='lat' dir='ltr'>puram</span> <span class='ocrx_word' id='word_1_110' title='bbox 786 1577 813 1600; x_wconf 81' lang='lat' dir='ltr'>et</span> <span class='ocrx_word' id='word_1_111' title='bbox 834 1580 994 1609; x_wconf 85' lang='lat' dir='ltr'>perpetuam</span> <span class='ocrx_word' id='word_1_112' title='bbox 1011 1572 1210 1608; x_wconf 80' lang='lat' dir='ltr'><strong>eleemosynam</strong></span> <span class='ocrx_word' id='word_1_113' title='bbox 1232 1572 1334 1598; x_wconf 90' lang='lat' dir='ltr'>contuli</span> <span class='ocrx_word' id='word_1_114' title='bbox 1354 1573 1519 1599; x_wconf 80' lang='lat' dir='ltr'>monasterio</span> <span class='ocrx_word' id='word_1_115' title='bbox 1536 1573 1691 1607; x_wconf 74' lang='lat' dir='ltr'>Ninivensi,</span> 
     </span>
     <span class='ocr_line' id='line_1_13' title="bbox 179 1619 1693 1657; baseline -0.004 -6"><span class='ocrx_word' id='word_1_116' title='bbox 179 1624 455 1652; x_wconf 73' lang='lat' dir='ltr'>praemonstratensis</span> <span class='ocrx_word' id='word_1_117' title='bbox 469 1623 586 1655; x_wconf 81' lang='lat' dir='ltr'>ordinis⁷</span> <span class='ocrx_word' id='word_1_118' title='bbox 602 1623 695 1649; x_wconf 71' lang='lat' dir='ltr'>decem</span> <span class='ocrx_word' id='word_1_119' title='bbox 711 1622 795 1648; x_wconf 83' lang='lat' dir='ltr'>libras</span> <span class='ocrx_word' id='word_1_120' title='bbox 809 1622 972 1657; x_wconf 81' lang='lat' dir='ltr'>parisienses</span> <span class='ocrx_word' id='word_1_121' title='bbox 985 1620 1118 1646; x_wconf 87' lang='lat' dir='ltr'>bonorum</span> <span class='ocrx_word' id='word_1_122' title='bbox 1133 1619 1261 1656; x_wconf 80' lang='lat' dir='ltr'>legalium</span> <span class='ocrx_word' id='word_1_123' title='bbox 1272 1624 1299 1646; x_wconf 86' lang='lat' dir='ltr'>et</span> <span class='ocrx_word' id='word_1_124' title='bbox 1312 1620 1537 1655; x_wconf 81' lang='lat' dir='ltr'>computabilium</span> <span class='ocrx_word' id='word_1_125' title='bbox 1552 1621 1693 1656; x_wconf 72' lang='lat' dir='ltr'>assignans</span> 
     </span>
     <span class='ocr_line' id='line_1_14' title="bbox 178 1667 1691 1706; baseline -0.003 -8"><span class='ocrx_word' id='word_1_126' title='bbox 178 1672 212 1698; x_wconf 83' lang='lat' dir='ltr'>ad</span> <span class='ocrx_word' id='word_1_127' title='bbox 232 1681 327 1698; x_wconf 87' lang='lat' dir='ltr'>nemus</span> <span class='ocrx_word' id='word_1_128' title='bbox 344 1680 433 1697; x_wconf 85' lang='lat' dir='ltr'>meum</span> <span class='ocrx_word' id='word_1_129' title='bbox 455 1670 529 1706; x_wconf 90' lang='lat' dir='ltr'>quod</span> <span class='ocrx_word' id='word_1_130' title='bbox 552 1670 654 1696; x_wconf 87' lang='lat' dir='ltr'>dicitur</span> <span class='ocrx_word' id='word_1_131' title='bbox 671 1679 767 1696; x_wconf 87' lang='lat' dir='ltr'>nemus</span> <span class='ocrx_word' id='word_1_132' title='bbox 783 1669 879 1695; x_wconf 86' lang='lat' dir='ltr'>beatae</span> <span class='ocrx_word' id='word_1_133' title='bbox 899 1668 999 1694; x_wconf 77' lang='lat' dir='ltr'>Mariae</span> <span class='ocrx_word' id='word_1_134' title='bbox 1013 1689 1020 1700; x_wconf 72' lang='grc'>,</span> <span class='ocrx_word' id='word_1_135' title='bbox 1034 1672 1062 1694; x_wconf 84' lang='lat' dir='ltr'>et</span> <span class='ocrx_word' id='word_1_136' title='bbox 1080 1677 1174 1693; x_wconf 87' lang='lat' dir='ltr'>nemus</span> <span class='ocrx_word' id='word_1_137' title='bbox 1192 1667 1265 1702; x_wconf 87' lang='lat' dir='ltr'>quod</span> <span class='ocrx_word' id='word_1_138' title='bbox 1281 1667 1382 1693; x_wconf 87' lang='lat' dir='ltr'>dicitur</span> <span class='ocrx_word' id='word_1_139' title='bbox 1400 1676 1495 1694; x_wconf 87' lang='lat' dir='ltr'>nemus</span> <span class='ocrx_word' id='word_1_140' title='bbox 1515 1668 1586 1693; x_wconf 85' lang='lat' dir='ltr'>beati</span> <span class='ocrx_word' id='word_1_141' title='bbox 1601 1668 1691 1694; x_wconf 85' lang='lat' dir='ltr'>Petri.</span> 
     </span>
     <span class='ocr_line' id='line_1_15' title="bbox 177 1713 1694 1754; baseline -0.003 -10"><span class='ocrx_word' id='word_1_142' title='bbox 177 1728 248 1754; x_wconf 82' lang='lat' dir='ltr'>quae</span> <span class='ocrx_word' id='word_1_143' title='bbox 259 1727 369 1744; x_wconf 87' lang='lat' dir='ltr'>nemora</span> <span class='ocrx_word' id='word_1_144' title='bbox 377 1719 428 1743; x_wconf 77' lang='lat' dir='ltr'>sita</span> <span class='ocrx_word' id='word_1_145' title='bbox 441 1717 542 1742; x_wconf 83' lang='lat' dir='ltr'>suntin</span> <span class='ocrx_word' id='word_1_146' title='bbox 554 1717 684 1752; x_wconf 72' lang='lat' dir='ltr'>contiguo</span> <span class='ocrx_word' id='word_1_147' title='bbox 697 1717 815 1742; x_wconf 81' lang='lat' dir='ltr'>nemoris</span> <span class='ocrx_word' id='word_1_148' title='bbox 825 1715 926 1741; x_wconf 89' lang='lat' dir='ltr'>domini</span> <span class='ocrx_word' id='word_1_149' title='bbox 938 1714 972 1740; x_wconf 91' lang='lat' dir='ltr'>de</span> <span class='ocrx_word' id='word_1_150' title='bbox 984 1714 1158 1747; x_wconf 62' lang='lat' dir='ltr'>Audenwde,</span> <span class='ocrx_word' id='word_1_151' title='bbox 1172 1713 1298 1740; x_wconf 86' lang='lat' dir='ltr'>avunculi</span> <span class='ocrx_word' id='word_1_152' title='bbox 1307 1713 1358 1740; x_wconf 89' lang='lat' dir='ltr'>mei</span> <span class='ocrx_word' id='word_1_153' title='bbox 1369 1734 1375 1746; x_wconf 84' lang='lat'>‚</span> <span class='ocrx_word' id='word_1_154' title='bbox 1392 1714 1466 1749; x_wconf 86' lang='lat' dir='ltr'>quod</span> <span class='ocrx_word' id='word_1_155' title='bbox 1480 1714 1580 1740; x_wconf 82' lang='lat' dir='ltr'>dicitur</span> <span class='ocrx_word' id='word_1_156' title='bbox 1593 1714 1694 1740; x_wconf 74' lang='lat' dir='ltr'>Porslc-</span> 
     </span>
     <span class='ocr_line' id='line_1_16' title="bbox 179 1761 1692 1802; baseline -0.003 -11"><span class='ocrx_word' id='word_1_157' title='bbox 179 1766 268 1799; x_wconf 81' lang='lat' dir='ltr'><em>berch,</em></span> <span class='ocrx_word' id='word_1_158' title='bbox 284 1774 355 1802; x_wconf 82' lang='lat' dir='ltr'>quae</span> <span class='ocrx_word' id='word_1_159' title='bbox 369 1774 481 1790; x_wconf 87' lang='lat' dir='ltr'>nemora</span> <span class='ocrx_word' id='word_1_160' title='bbox 494 1774 509 1790; x_wconf 89' lang='lat' dir='ltr'>a</span> <span class='ocrx_word' id='word_1_161' title='bbox 522 1764 622 1790; x_wconf 87' lang='lat' dir='ltr'>dilecto</span> <span class='ocrx_word' id='word_1_162' title='bbox 636 1764 746 1790; x_wconf 90' lang='lat' dir='ltr'>domino</span> <span class='ocrx_word' id='word_1_163' title='bbox 760 1773 820 1789; x_wconf 88' lang='lat' dir='ltr'>meo</span> <span class='ocrx_word' id='word_1_164' title='bbox 834 1768 861 1789; x_wconf 89' lang='lat' dir='ltr'>et</span> <span class='ocrx_word' id='word_1_165' title='bbox 872 1761 1009 1788; x_wconf 80' lang='lat' dir='ltr'>avunculo</span> <span class='ocrx_word' id='word_1_166' title='bbox 1025 1771 1084 1788; x_wconf 89' lang='lat' dir='ltr'>meo</span> <span class='ocrx_word' id='word_1_167' title='bbox 1097 1761 1223 1787; x_wconf 85' lang='lat' dir='ltr'>Johanne</span> <span class='ocrx_word' id='word_1_168' title='bbox 1234 1782 1241 1793; x_wconf 76' lang='lat'><strong>‚</strong></span> <span class='ocrx_word' id='word_1_169' title='bbox 1257 1761 1329 1787; x_wconf 81' lang='lat' dir='ltr'>dicto</span> <span class='ocrx_word' id='word_1_170' title='bbox 1340 1761 1373 1786; x_wconf 89' lang='lat' dir='ltr'>de</span> <span class='ocrx_word' id='word_1_171' title='bbox 1388 1761 1565 1794; x_wconf 76' lang='lat' dir='ltr'>Andenarde,</span> <span class='ocrx_word' id='word_1_172' title='bbox 1581 1761 1692 1787; x_wconf 87' lang='lat' dir='ltr'>domino</span> 
     </span>
     <span class='ocr_line' id='line_1_17' title="bbox 177 1807 1692 1846; baseline -0.003 -8"><span class='ocrx_word' id='word_1_173' title='bbox 177 1813 211 1839; x_wconf 90' lang='lat' dir='ltr'>de</span> <span class='ocrx_word' id='word_1_174' title='bbox 226 1812 334 1846; x_wconf 77' lang='lat' dir='ltr'>Rosoet,</span> <span class='ocrx_word' id='word_1_175' title='bbox 348 1811 432 1837; x_wconf 84' lang='lat' dir='ltr'>milite</span> <span class='ocrx_word' id='word_1_176' title='bbox 443 1832 450 1842; x_wconf 69' lang='lat'>‚</span> <span class='ocrx_word' id='word_1_177' title='bbox 464 1816 544 1836; x_wconf 88' lang='lat' dir='ltr'>teneo</span> <span class='ocrx_word' id='word_1_178' title='bbox 555 1811 581 1836; x_wconf 93' lang='lat' dir='ltr'>in</span> <span class='ocrx_word' id='word_1_179' title='bbox 593 1810 702 1836; x_wconf 84' lang='lat' dir='ltr'>feodum</span> <span class='ocrx_word' id='word_1_180' title='bbox 712 1831 719 1841; x_wconf 83' lang='lat'>‚</span> <span class='ocrx_word' id='word_1_181' title='bbox 732 1810 765 1836; x_wconf 91' lang='lat' dir='ltr'>de</span> <span class='ocrx_word' id='word_1_182' title='bbox 777 1810 857 1845; x_wconf 78' lang='lat' dir='ltr'>lignis</span> <span class='ocrx_word' id='word_1_183' title='bbox 868 1809 977 1835; x_wconf 81' lang='lat' dir='ltr'>caeduis</span> <span class='ocrx_word' id='word_1_184' title='bbox 991 1808 1127 1834; x_wconf 81' lang='lat' dir='ltr'>dictorum</span> <span class='ocrx_word' id='word_1_185' title='bbox 1141 1817 1282 1834; x_wconf 87' lang='lat' dir='ltr'>nemorum</span> <span class='ocrx_word' id='word_1_186' title='bbox 1295 1807 1410 1833; x_wconf 90' lang='lat' dir='ltr'>venditis</span> <span class='ocrx_word' id='word_1_187' title='bbox 1422 1812 1449 1833; x_wconf 82' lang='lat' dir='ltr'>et</span> <span class='ocrx_word' id='word_1_188' title='bbox 1461 1807 1610 1833; x_wconf 78' lang='lat' dir='ltr'>vendendis</span> <span class='ocrx_word' id='word_1_189' title='bbox 1624 1817 1692 1843; x_wconf 87' lang='lat' dir='ltr'>quo-</span> 
     </span>
     <span class='ocr_line' id='line_1_18' title="bbox 179 1855 1692 1894; baseline -0.005 -8"><span class='ocrx_word' id='word_1_190' title='bbox 179 1861 218 1887; x_wconf 84' lang='lat' dir='ltr'>vis</span> <span class='ocrx_word' id='word_1_191' title='bbox 232 1869 304 1886; x_wconf 90' lang='lat' dir='ltr'>anno</span> <span class='ocrx_word' id='word_1_192' title='bbox 318 1860 344 1885; x_wconf 92' lang='lat' dir='ltr'>in</span> <span class='ocrx_word' id='word_1_193' title='bbox 365 1864 529 1894; x_wconf 85' lang='lat' dir='ltr'>perpetuum</span> <span class='ocrx_word' id='word_1_194' title='bbox 545 1858 715 1894; x_wconf 86' lang='lat' dir='ltr'>recipiendas</span> <span class='ocrx_word' id='word_1_195' title='bbox 726 1879 732 1888; x_wconf 79' lang='lat'>,</span> <span class='ocrx_word' id='word_1_196' title='bbox 751 1863 778 1883; x_wconf 87' lang='lat' dir='ltr'>et</span> <span class='ocrx_word' id='word_1_197' title='bbox 799 1858 871 1883; x_wconf 90' lang='lat' dir='ltr'>dicto</span> <span class='ocrx_word' id='word_1_198' title='bbox 886 1857 1049 1882; x_wconf 83' lang='lat' dir='ltr'>monasterio</span> <span class='ocrx_word' id='word_1_199' title='bbox 1063 1865 1111 1882; x_wconf 87' lang='lat' dir='ltr'>seu</span> <span class='ocrx_word' id='word_1_200' title='bbox 1126 1855 1253 1881; x_wconf 81' lang='lat' dir='ltr'>mandato</span> <span class='ocrx_word' id='word_1_201' title='bbox 1266 1855 1352 1890; x_wconf 89' lang='lat' dir='ltr'>ipsius</span> <span class='ocrx_word' id='word_1_202' title='bbox 1366 1864 1474 1890; x_wconf 79' lang='lat' dir='ltr'><strong>semper</strong></span> <span class='ocrx_word' id='word_1_203' title='bbox 1488 1855 1559 1880; x_wconf 88' lang='lat' dir='ltr'>circa</span> <span class='ocrx_word' id='word_1_204' title='bbox 1573 1855 1692 1881; x_wconf 88' lang='lat' dir='ltr'>medium</span> 
     </span>
     <span class='ocr_line' id='line_1_19' title="bbox 179 1901 1693 1940; baseline -0.003 -7"><span class='ocrx_word' id='word_1_205' title='bbox 179 1907 278 1934; x_wconf 84' lang='lat' dir='ltr'>mensis</span> <span class='ocrx_word' id='word_1_206' title='bbox 294 1906 355 1932; x_wconf 78' lang='lat' dir='ltr'>Maii</span> <span class='ocrx_word' id='word_1_207' title='bbox 369 1905 489 1931; x_wconf 71' lang='lat' dir='ltr'>finaliter</span> <span class='ocrx_word' id='word_1_208' title='bbox 503 1905 698 1940; x_wconf 77' lang='lat' dir='ltr'>persolvendas</span> <span class='ocrx_word' id='word_1_209' title='bbox 708 1925 715 1937; x_wconf 84' lang='lat'>,</span> <span class='ocrx_word' id='word_1_210' title='bbox 731 1905 766 1930; x_wconf 86' lang='lat' dir='ltr'>ita</span> <span class='ocrx_word' id='word_1_211' title='bbox 781 1903 854 1939; x_wconf 92' lang='lat' dir='ltr'>quod</span> <span class='ocrx_word' id='word_1_212' title='bbox 869 1903 902 1929; x_wconf 90' lang='lat' dir='ltr'>de</span> <span class='ocrx_word' id='word_1_213' title='bbox 921 1903 993 1929; x_wconf 90' lang='lat' dir='ltr'>dicta</span> <span class='ocrx_word' id='word_1_214' title='bbox 1009 1912 1113 1928; x_wconf 88' lang='lat' dir='ltr'>summa</span> <span class='ocrx_word' id='word_1_215' title='bbox 1126 1902 1219 1928; x_wconf 88' lang='lat' dir='ltr'>decem</span> <span class='ocrx_word' id='word_1_216' title='bbox 1232 1901 1365 1928; x_wconf 86' lang='lat' dir='ltr'>librarum</span> <span class='ocrx_word' id='word_1_217' title='bbox 1384 1906 1487 1936; x_wconf 89' lang='lat' dir='ltr'>septem</span> <span class='ocrx_word' id='word_1_218' title='bbox 1505 1901 1591 1927; x_wconf 80' lang='lat' dir='ltr'>librae</span> <span class='ocrx_word' id='word_1_219' title='bbox 1604 1901 1693 1928; x_wconf 85' lang='lat' dir='ltr'>dictae</span> 
     </span>
     <span class='ocr_line' id='line_1_20' title="bbox 178 1948 1694 1988; baseline -0.003 -9"><span class='ocrx_word' id='word_1_220' title='bbox 178 1958 302 1980; x_wconf 84' lang='lat' dir='ltr'>monetae</span> <span class='ocrx_word' id='word_1_221' title='bbox 318 1952 440 1979; x_wconf 88' lang='lat' dir='ltr'>converti</span> <span class='ocrx_word' id='word_1_222' title='bbox 453 1951 572 1978; x_wconf 86' lang='lat' dir='ltr'>debeant</span> <span class='ocrx_word' id='word_1_223' title='bbox 588 1952 614 1978; x_wconf 89' lang='lat' dir='ltr'>in</span> <span class='ocrx_word' id='word_1_224' title='bbox 631 1951 878 1988; x_wconf 72' lang='lat' dir='ltr'>augmentationem</span> <span class='ocrx_word' id='word_1_225' title='bbox 893 1959 941 1976; x_wconf 83' lang='lat' dir='ltr'>seu</span> <span class='ocrx_word' id='word_1_226' title='bbox 956 1950 1170 1976; x_wconf 87' lang='lat' dir='ltr'>meliorationem</span> <span class='ocrx_word' id='word_1_227' title='bbox 1183 1948 1331 1984; x_wconf 84' lang='lat' dir='ltr'>pietantiae</span> <span class='ocrx_word' id='word_1_228' title='bbox 1344 1953 1495 1975; x_wconf 82' lang='lat' dir='ltr'>conventus</span> <span class='ocrx_word' id='word_1_229' title='bbox 1508 1948 1572 1974; x_wconf 84' lang='lat' dir='ltr'>dicti</span> <span class='ocrx_word' id='word_1_230' title='bbox 1587 1957 1694 1975; x_wconf 88' lang='lat' dir='ltr'>monas-</span> 
     </span>
     <span class='ocr_line' id='line_1_21' title="bbox 180 1995 1693 2033; baseline -0.004 -6"><span class='ocrx_word' id='word_1_231' title='bbox 180 2001 255 2033; x_wconf 78' lang='lat' dir='ltr'>terii,</span> <span class='ocrx_word' id='word_1_232' title='bbox 275 2005 303 2026; x_wconf 84' lang='lat' dir='ltr'>et</span> <span class='ocrx_word' id='word_1_233' title='bbox 319 1998 446 2026; x_wconf 85' lang='lat' dir='ltr'>residuae</span> <span class='ocrx_word' id='word_1_234' title='bbox 460 2003 516 2024; x_wconf 88' lang='lat' dir='ltr'>tres</span> <span class='ocrx_word' id='word_1_235' title='bbox 528 1998 613 2025; x_wconf 85' lang='lat' dir='ltr'>librae</span> <span class='ocrx_word' id='word_1_236' title='bbox 627 1999 653 2024; x_wconf 83' lang='lat' dir='ltr'>in</span> <span class='ocrx_word' id='word_1_237' title='bbox 668 1998 875 2024; x_wconf 66' lang='lat' dir='ltr'>subventionem</span> <span class='ocrx_word' id='word_1_238' title='bbox 887 1996 996 2023; x_wconf 84' lang='lat' dir='ltr'>luminis</span> <span class='ocrx_word' id='word_1_239' title='bbox 1010 1997 1036 2022; x_wconf 92' lang='lat' dir='ltr'>in</span> <span class='ocrx_word' id='word_1_240' title='bbox 1047 1996 1203 2022; x_wconf 85' lang='lat' dir='ltr'>sanctuario</span> <span class='ocrx_word' id='word_1_241' title='bbox 1218 1995 1348 2022; x_wconf 86' lang='lat' dir='ltr'>ecclesiae</span> <span class='ocrx_word' id='word_1_242' title='bbox 1360 1995 1549 2022; x_wconf 83' lang='lat' dir='ltr'>conventualis</span> <span class='ocrx_word' id='word_1_243' title='bbox 1563 1995 1628 2022; x_wconf 83' lang='lat' dir='ltr'>dicti</span> <span class='ocrx_word' id='word_1_244' title='bbox 1640 1995 1693 2022; x_wconf 84' lang='lat' dir='ltr'>loci</span> 
     </span>
     <span class='ocr_line' id='line_1_22' title="bbox 179 2043 1690 2083; baseline -0.003 -10"><span class='ocrx_word' id='word_1_245' title='bbox 179 2047 300 2074; x_wconf 81' lang='lat' dir='ltr'>ardentis</span> <span class='ocrx_word' id='word_1_246' title='bbox 311 2046 416 2083; x_wconf 77' lang='lat' dir='ltr'>jugiter</span> <span class='ocrx_word' id='word_1_247' title='bbox 431 2051 459 2072; x_wconf 80' lang='lat' dir='ltr'>et</span> <span class='ocrx_word' id='word_1_248' title='bbox 471 2045 598 2072; x_wconf 87' lang='lat' dir='ltr'>lucentis.</span> <span class='ocrx_word' id='word_1_249' title='bbox 613 2046 657 2073; x_wconf 81' lang='lat' dir='ltr'>Sic</span> <span class='ocrx_word' id='word_1_250' title='bbox 669 2046 766 2081; x_wconf 87' lang='lat' dir='ltr'>utique</span> <span class='ocrx_word' id='word_1_251' title='bbox 780 2050 807 2071; x_wconf 87' lang='lat' dir='ltr'>et</span> <span class='ocrx_word' id='word_1_252' title='bbox 823 2055 876 2071; x_wconf 87' lang='lat' dir='ltr'>non</span> <span class='ocrx_word' id='word_1_253' title='bbox 890 2044 956 2071; x_wconf 88' lang='lat' dir='ltr'>alias</span> <span class='ocrx_word' id='word_1_254' title='bbox 974 2044 1060 2070; x_wconf 88' lang='lat' dir='ltr'>dictas</span> <span class='ocrx_word' id='word_1_255' title='bbox 1077 2043 1171 2070; x_wconf 89' lang='lat' dir='ltr'>decem</span> <span class='ocrx_word' id='word_1_256' title='bbox 1192 2043 1276 2069; x_wconf 87' lang='lat' dir='ltr'>libras</span> <span class='ocrx_word' id='word_1_257' title='bbox 1293 2043 1465 2069; x_wconf 86' lang='lat' dir='ltr'>decernimus</span> <span class='ocrx_word' id='word_1_258' title='bbox 1481 2043 1690 2069; x_wconf 85' lang='lat' dir='ltr'>convertendas.</span> 
     </span>
     <span class='ocr_line' id='line_1_23' title="bbox 180 2090 1693 2130; baseline -0.003 -10"><span class='ocrx_word' id='word_1_259' title='bbox 180 2095 283 2121; x_wconf 89' lang='lat' dir='ltr'>Verum</span> <span class='ocrx_word' id='word_1_260' title='bbox 293 2094 357 2130; x_wconf 86' lang='lat' dir='ltr'>quia</span> <span class='ocrx_word' id='word_1_261' title='bbox 371 2093 465 2120; x_wconf 86' lang='lat' dir='ltr'>eadem</span> <span class='ocrx_word' id='word_1_262' title='bbox 478 2103 604 2126; x_wconf 78' lang='lat' dir='ltr'>nemora,</span> <span class='ocrx_word' id='word_1_263' title='bbox 617 2103 701 2129; x_wconf 88' lang='lat' dir='ltr'>supra</span> <span class='ocrx_word' id='word_1_264' title='bbox 712 2102 782 2129; x_wconf 87' lang='lat' dir='ltr'>quae</span> <span class='ocrx_word' id='word_1_265' title='bbox 796 2093 893 2119; x_wconf 84' lang='lat' dir='ltr'>dictam</span> <span class='ocrx_word' id='word_1_266' title='bbox 907 2092 1104 2127; x_wconf 76' lang='lat' dir='ltr'>eleemosynam</span> <span class='ocrx_word' id='word_1_267' title='bbox 1116 2091 1263 2127; x_wconf 75' lang='lat' dir='ltr'>assignavi,</span> <span class='ocrx_word' id='word_1_268' title='bbox 1277 2100 1291 2116; x_wconf 89' lang='lat' dir='ltr'>a</span> <span class='ocrx_word' id='word_1_269' title='bbox 1305 2090 1378 2116; x_wconf 86' lang='lat' dir='ltr'>dicto</span> <span class='ocrx_word' id='word_1_270' title='bbox 1392 2090 1527 2116; x_wconf 87' lang='lat' dir='ltr'>avunculo</span> <span class='ocrx_word' id='word_1_271' title='bbox 1542 2099 1600 2116; x_wconf 88' lang='lat' dir='ltr'>meo</span> <span class='ocrx_word' id='word_1_272' title='bbox 1614 2095 1693 2116; x_wconf 90' lang='lat' dir='ltr'>teneo</span> 
     </span>
     <span class='ocr_line' id='line_1_24' title="bbox 178 2136 1694 2175; baseline -0.004 -7"><span class='ocrx_word' id='word_1_273' title='bbox 178 2143 205 2168; x_wconf 91' lang='lat' dir='ltr'>in</span> <span class='ocrx_word' id='word_1_274' title='bbox 222 2142 349 2174; x_wconf 71' lang='lat' dir='ltr'>feodum,</span> <span class='ocrx_word' id='word_1_275' title='bbox 371 2147 403 2168; x_wconf 84' lang='lat' dir='ltr'>ut</span> <span class='ocrx_word' id='word_1_276' title='bbox 421 2141 524 2168; x_wconf 89' lang='lat' dir='ltr'>dictum</span> <span class='ocrx_word' id='word_1_277' title='bbox 538 2147 596 2174; x_wconf 73' lang='lat' dir='ltr'>est,</span> <span class='ocrx_word' id='word_1_278' title='bbox 611 2141 732 2168; x_wconf 85' lang='lat' dir='ltr'>eamdem</span> <span class='ocrx_word' id='word_1_279' title='bbox 747 2140 944 2175; x_wconf 65' lang='lat' dir='ltr'>eleemosynam</span> <span class='ocrx_word' id='word_1_280' title='bbox 961 2149 976 2165; x_wconf 89' lang='lat' dir='ltr'>a</span> <span class='ocrx_word' id='word_1_281' title='bbox 993 2139 1066 2165; x_wconf 86' lang='lat' dir='ltr'>dicto</span> <span class='ocrx_word' id='word_1_282' title='bbox 1085 2138 1220 2165; x_wconf 87' lang='lat' dir='ltr'>avunculo</span> <span class='ocrx_word' id='word_1_283' title='bbox 1237 2147 1297 2164; x_wconf 90' lang='lat' dir='ltr'>meo</span> <span class='ocrx_word' id='word_1_284' title='bbox 1313 2143 1442 2173; x_wconf 85' lang='lat' dir='ltr'>tanquam</span> <span class='ocrx_word' id='word_1_285' title='bbox 1458 2147 1471 2163; x_wconf 87' lang='lat' dir='ltr'>a</span> <span class='ocrx_word' id='word_1_286' title='bbox 1490 2137 1601 2163; x_wconf 90' lang='lat' dir='ltr'>domino</span> <span class='ocrx_word' id='word_1_287' title='bbox 1621 2136 1694 2163; x_wconf 82' lang='lat' dir='ltr'>feodi</span> 
     </span>
     <span class='ocr_line' id='line_1_25' title="bbox 179 2184 1694 2224; baseline -0.004 -9"><span class='ocrx_word' id='word_1_288' title='bbox 179 2189 305 2224; x_wconf 88' lang='lat' dir='ltr'>supplico</span> <span class='ocrx_word' id='word_1_289' title='bbox 317 2188 484 2215; x_wconf 86' lang='lat' dir='ltr'>confirmari.</span> <span class='ocrx_word' id='word_1_290' title='bbox 500 2188 578 2215; x_wconf 86' lang='lat' dir='ltr'>Unde</span> <span class='ocrx_word' id='word_1_291' title='bbox 592 2198 642 2224; x_wconf 80' lang='lat' dir='ltr'>ego</span> <span class='ocrx_word' id='word_1_292' title='bbox 655 2187 794 2214; x_wconf 87' lang='lat' dir='ltr'>Johannes</span> <span class='ocrx_word' id='word_1_293' title='bbox 805 2187 894 2213; x_wconf 87' lang='lat' dir='ltr'>dictus</span> <span class='ocrx_word' id='word_1_294' title='bbox 907 2186 940 2213; x_wconf 89' lang='lat' dir='ltr'>de</span> <span class='ocrx_word' id='word_1_295' title='bbox 955 2185 1131 2218; x_wconf 79' lang='lat' dir='ltr'>Audenarde,</span> <span class='ocrx_word' id='word_1_296' title='bbox 1144 2185 1270 2211; x_wconf 87' lang='lat' dir='ltr'>dominus</span> <span class='ocrx_word' id='word_1_297' title='bbox 1282 2184 1316 2211; x_wconf 88' lang='lat' dir='ltr'>de</span> <span class='ocrx_word' id='word_1_298' title='bbox 1332 2184 1437 2218; x_wconf 79' lang='lat' dir='ltr'>Rosoet,</span> <span class='ocrx_word' id='word_1_299' title='bbox 1453 2184 1540 2217; x_wconf 75' lang='lat' dir='ltr'>miles,</span> <span class='ocrx_word' id='word_1_300' title='bbox 1557 2184 1589 2210; x_wconf 88' lang='lat' dir='ltr'>ad</span> <span class='ocrx_word' id='word_1_301' title='bbox 1599 2193 1694 2220; x_wconf 77' lang='lat' dir='ltr'>preces</span> 
     </span>
     <span class='ocr_line' id='line_1_26' title="bbox 179 2230 1694 2270; baseline -0.003 -8"><span class='ocrx_word' id='word_1_302' title='bbox 179 2241 206 2262; x_wconf 85' lang='lat' dir='ltr'>et</span> <span class='ocrx_word' id='word_1_303' title='bbox 219 2235 374 2262; x_wconf 84' lang='lat' dir='ltr'>instantiam</span> <span class='ocrx_word' id='word_1_304' title='bbox 388 2235 480 2261; x_wconf 88' lang='lat' dir='ltr'>dilecti</span> <span class='ocrx_word' id='word_1_305' title='bbox 493 2235 599 2270; x_wconf 83' lang='lat' dir='ltr'>nepotis</span> <span class='ocrx_word' id='word_1_306' title='bbox 613 2235 664 2261; x_wconf 86' lang='lat' dir='ltr'>mei</span> <span class='ocrx_word' id='word_1_307' title='bbox 676 2234 723 2260; x_wconf 86' lang='lat' dir='ltr'>Ar.</span> <span class='ocrx_word' id='word_1_308' title='bbox 739 2234 803 2260; x_wconf 90' lang='lat' dir='ltr'>dicti</span> <span class='ocrx_word' id='word_1_309' title='bbox 815 2234 848 2260; x_wconf 90' lang='lat' dir='ltr'>de</span> <span class='ocrx_word' id='word_1_310' title='bbox 860 2233 980 2260; x_wconf 84' lang='lat' dir='ltr'>Lovanio</span> <span class='ocrx_word' id='word_1_311' title='bbox 990 2254 997 2265; x_wconf 74' lang='lat'><strong>‚</strong></span> <span class='ocrx_word' id='word_1_312' title='bbox 1013 2232 1115 2259; x_wconf 88' lang='lat' dir='ltr'>domini</span> <span class='ocrx_word' id='word_1_313' title='bbox 1125 2232 1159 2258; x_wconf 89' lang='lat' dir='ltr'>de</span> <span class='ocrx_word' id='word_1_314' title='bbox 1171 2231 1268 2263; x_wconf 60' lang='lat' dir='ltr'>Breda7</span> <span class='ocrx_word' id='word_1_315' title='bbox 1287 2231 1384 2257; x_wconf 84' lang='lat' dir='ltr'>milites</span> <span class='ocrx_word' id='word_1_316' title='bbox 1396 2230 1563 2266; x_wconf 87' lang='lat' dir='ltr'>supradicti,</span> <span class='ocrx_word' id='word_1_317' title='bbox 1577 2231 1694 2258; x_wconf 88' lang='lat' dir='ltr'>eleemo-</span> 
     </span>
     <span class='ocr_line' id='line_1_27' title="bbox 179 2277 1695 2319; baseline -0.003 -11"><span class='ocrx_word' id='word_1_318' title='bbox 179 2292 272 2319; x_wconf 77' lang='lat' dir='ltr'>synam</span> <span class='ocrx_word' id='word_1_319' title='bbox 285 2282 451 2317; x_wconf 84' lang='lat' dir='ltr'>praedictam</span> <span class='ocrx_word' id='word_1_320' title='bbox 465 2281 616 2308; x_wconf 87' lang='lat' dir='ltr'>secundum</span> <span class='ocrx_word' id='word_1_321' title='bbox 629 2280 742 2308; x_wconf 83' lang='lat' dir='ltr'>formam</span> <span class='ocrx_word' id='word_1_322' title='bbox 758 2290 911 2316; x_wconf 81' lang='lat' dir='ltr'>expressam</span> <span class='ocrx_word' id='word_1_323' title='bbox 926 2280 1053 2316; x_wconf 88' lang='lat' dir='ltr'>superius</span> <span class='ocrx_word' id='word_1_324' title='bbox 1067 2278 1207 2311; x_wconf 78' lang='lat' dir='ltr'>collatam,</span> <span class='ocrx_word' id='word_1_325' title='bbox 1223 2283 1255 2304; x_wconf 78' lang='lat' dir='ltr'>ut</span> <span class='ocrx_word' id='word_1_326' title='bbox 1268 2278 1389 2312; x_wconf 86' lang='lat' dir='ltr'>ejusdem</span> <span class='ocrx_word' id='word_1_327' title='bbox 1405 2277 1593 2312; x_wconf 81' lang='lat' dir='ltr'>eleemosynae</span> <span class='ocrx_word' id='word_1_328' title='bbox 1611 2278 1695 2313; x_wconf 88' lang='lat' dir='ltr'>parti-</span> 
     </span>
     <span class='ocr_line' id='line_1_28' title="bbox 179 2325 1692 2365; baseline -0.003 -9"><span class='ocrx_word' id='word_1_329' title='bbox 179 2339 244 2365; x_wconf 75' lang='lat' dir='ltr'>ceps</span> <span class='ocrx_word' id='word_1_330' title='bbox 257 2338 316 2356; x_wconf 87' lang='lat' dir='ltr'>esse</span> <span class='ocrx_word' id='word_1_331' title='bbox 330 2329 429 2365; x_wconf 86' lang='lat' dir='ltr'>possim</span> <span class='ocrx_word' id='word_1_332' title='bbox 440 2350 447 2362; x_wconf 87' lang='lat'>‚</span> <span class='ocrx_word' id='word_1_333' title='bbox 467 2329 550 2355; x_wconf 84' lang='lat' dir='ltr'>laudo</span> <span class='ocrx_word' id='word_1_334' title='bbox 570 2334 597 2355; x_wconf 91' lang='lat' dir='ltr'>et</span> <span class='ocrx_word' id='word_1_335' title='bbox 614 2328 808 2355; x_wconf 83' lang='lat' dir='ltr'>ratihabitione</span> <span class='ocrx_word' id='word_1_336' title='bbox 828 2327 951 2363; x_wconf 82' lang='lat' dir='ltr'>approbo</span> <span class='ocrx_word' id='word_1_337' title='bbox 966 2332 993 2353; x_wconf 88' lang='lat' dir='ltr'>et</span> <span class='ocrx_word' id='word_1_338' title='bbox 1006 2326 1086 2363; x_wconf 79' lang='lat' dir='ltr'>sigilli</span> <span class='ocrx_word' id='word_1_339' title='bbox 1106 2326 1157 2353; x_wconf 89' lang='lat' dir='ltr'>mei</span> <span class='ocrx_word' id='word_1_340' title='bbox 1173 2325 1237 2352; x_wconf 85' lang='lat' dir='ltr'>huic</span> <span class='ocrx_word' id='word_1_341' title='bbox 1254 2326 1356 2360; x_wconf 87' lang='lat' dir='ltr'>scripto</span> <span class='ocrx_word' id='word_1_342' title='bbox 1370 2325 1536 2360; x_wconf 84' lang='lat' dir='ltr'>appensione</span> <span class='ocrx_word' id='word_1_343' title='bbox 1549 2326 1692 2352; x_wconf 81' lang='lat' dir='ltr'>confirmo.</span> 
     </span>
     <span class='ocr_line' id='line_1_29' title="bbox 180 2372 1695 2411; baseline -0.003 -8"><span class='ocrx_word' id='word_1_344' title='bbox 180 2376 233 2403; x_wconf 82' lang='lat' dir='ltr'>Nos</span> <span class='ocrx_word' id='word_1_345' title='bbox 247 2385 326 2409; x_wconf 74' lang='lat' dir='ltr'>vero,</span> <span class='ocrx_word' id='word_1_346' title='bbox 343 2376 426 2402; x_wconf 87' lang='lat' dir='ltr'>abbas</span> <span class='ocrx_word' id='word_1_347' title='bbox 441 2381 468 2402; x_wconf 86' lang='lat' dir='ltr'>et</span> <span class='ocrx_word' id='word_1_348' title='bbox 484 2381 636 2402; x_wconf 81' lang='lat' dir='ltr'>conventus</span> <span class='ocrx_word' id='word_1_349' title='bbox 647 2375 778 2411; x_wconf 79' lang='lat' dir='ltr'>praedicti</span> <span class='ocrx_word' id='word_1_350' title='bbox 793 2375 948 2401; x_wconf 82' lang='lat' dir='ltr'>monasterii</span> <span class='ocrx_word' id='word_1_351' title='bbox 962 2374 1128 2406; x_wconf 80' lang='lat' dir='ltr'>Ninivensis,</span> <span class='ocrx_word' id='word_1_352' title='bbox 1145 2374 1244 2399; x_wconf 89' lang='lat' dir='ltr'>bonam</span> <span class='ocrx_word' id='word_1_353' title='bbox 1256 2372 1424 2399; x_wconf 84' lang='lat' dir='ltr'>voluntatem</span> <span class='ocrx_word' id='word_1_354' title='bbox 1437 2382 1499 2398; x_wconf 88' lang='lat' dir='ltr'>cum</span> <span class='ocrx_word' id='word_1_355' title='bbox 1511 2373 1616 2399; x_wconf 85' lang='lat' dir='ltr'>actibus</span> <span class='ocrx_word' id='word_1_356' title='bbox 1630 2373 1695 2399; x_wconf 86' lang='lat' dir='ltr'>dicti</span> 
     </span>
     <span class='ocr_line' id='line_1_30' title="bbox 179 2420 1694 2459; baseline -0.003 -9"><span class='ocrx_word' id='word_1_357' title='bbox 179 2423 278 2450; x_wconf 84' lang='lat' dir='ltr'>nobilis</span> <span class='ocrx_word' id='word_1_358' title='bbox 288 2424 339 2449; x_wconf 85' lang='lat' dir='ltr'>viri</span> <span class='ocrx_word' id='word_1_359' title='bbox 350 2423 450 2450; x_wconf 90' lang='lat' dir='ltr'>domiui</span> <span class='ocrx_word' id='word_1_360' title='bbox 461 2423 494 2450; x_wconf 89' lang='lat' dir='ltr'>de</span> <span class='ocrx_word' id='word_1_361' title='bbox 507 2423 602 2456; x_wconf 60' lang='lat' dir='ltr'>Breda7</span> <span class='ocrx_word' id='word_1_362' title='bbox 614 2428 697 2459; x_wconf 87' lang='lat' dir='ltr'>prout</span> <span class='ocrx_word' id='word_1_363' title='bbox 709 2423 814 2458; x_wconf 83' lang='lat' dir='ltr'>experti</span> <span class='ocrx_word' id='word_1_364' title='bbox 825 2432 930 2455; x_wconf 75' lang='lat' dir='ltr'>sumus,</span> <span class='ocrx_word' id='word_1_365' title='bbox 943 2422 1037 2448; x_wconf 82' lang='lat' dir='ltr'>saltem</span> <span class='ocrx_word' id='word_1_366' title='bbox 1049 2421 1230 2457; x_wconf 83' lang='lat' dir='ltr'>spiritualiter</span> <span class='ocrx_word' id='word_1_367' title='bbox 1241 2430 1416 2456; x_wconf 87' lang='lat' dir='ltr'>compensare</span> <span class='ocrx_word' id='word_1_368' title='bbox 1429 2420 1561 2453; x_wconf 81' lang='lat' dir='ltr'>volentes,</span> <span class='ocrx_word' id='word_1_369' title='bbox 1574 2421 1694 2446; x_wconf 86' lang='lat' dir='ltr'>omnium</span> 
     </span>
     <span class='ocr_line' id='line_1_31' title="bbox 180 2467 1696 2507; baseline -0.003 -9"><span class='ocrx_word' id='word_1_370' title='bbox 180 2471 315 2498; x_wconf 88' lang='lat' dir='ltr'>bonorum</span> <span class='ocrx_word' id='word_1_371' title='bbox 326 2471 508 2506; x_wconf 87' lang='lat' dir='ltr'>spiritualium</span> <span class='ocrx_word' id='word_1_372' title='bbox 520 2481 591 2507; x_wconf 86' lang='lat' dir='ltr'>quae</span> <span class='ocrx_word' id='word_1_373' title='bbox 601 2471 704 2497; x_wconf 83' lang='lat' dir='ltr'>suerint</span> <span class='ocrx_word' id='word_1_374' title='bbox 717 2475 743 2496; x_wconf 89' lang='lat' dir='ltr'>et</span> <span class='ocrx_word' id='word_1_375' title='bbox 753 2470 787 2496; x_wconf 90' lang='lat' dir='ltr'>de</span> <span class='ocrx_word' id='word_1_376' title='bbox 799 2475 908 2496; x_wconf 85' lang='lat' dir='ltr'>caetero</span> <span class='ocrx_word' id='word_1_377' title='bbox 920 2470 987 2496; x_wconf 76' lang='lat' dir='ltr'>sient</span> <span class='ocrx_word' id='word_1_378' title='bbox 1003 2470 1029 2495; x_wconf 92' lang='lat' dir='ltr'>in</span> <span class='ocrx_word' id='word_1_379' title='bbox 1044 2469 1156 2495; x_wconf 88' lang='lat' dir='ltr'>eeclesia</span> <span class='ocrx_word' id='word_1_380' title='bbox 1168 2473 1262 2495; x_wconf 87' lang='lat' dir='ltr'>nostra</span> <span class='ocrx_word' id='word_1_381' title='bbox 1272 2468 1306 2493; x_wconf 89' lang='lat' dir='ltr'>ab</span> <span class='ocrx_word' id='word_1_382' title='bbox 1317 2467 1443 2493; x_wconf 86' lang='lat' dir='ltr'>omnibus</span> <span class='ocrx_word' id='word_1_383' title='bbox 1454 2467 1532 2494; x_wconf 90' lang='lat' dir='ltr'>nobis</span> <span class='ocrx_word' id='word_1_384' title='bbox 1542 2473 1570 2494; x_wconf 83' lang='lat' dir='ltr'>et</span> <span class='ocrx_word' id='word_1_385' title='bbox 1582 2468 1696 2504; x_wconf 77' lang='lat' dir='ltr'>singulis</span> 
     </span>
     <span class='ocr_line' id='line_1_32' title="bbox 182 2515 1696 2554; baseline -0.003 -10"><span class='ocrx_word' id='word_1_386' title='bbox 182 2518 290 2554; x_wconf 84' lang='lat' dir='ltr'>plenam</span> <span class='ocrx_word' id='word_1_387' title='bbox 305 2518 541 2553; x_wconf 86' lang='lat' dir='ltr'>participationem</span> <span class='ocrx_word' id='word_1_388' title='bbox 555 2518 642 2544; x_wconf 87' lang='lat' dir='ltr'>eidem</span> <span class='ocrx_word' id='word_1_389' title='bbox 657 2517 830 2544; x_wconf 84' lang='lat' dir='ltr'>concedimus</span> <span class='ocrx_word' id='word_1_390' title='bbox 843 2517 886 2552; x_wconf 85' lang='lat' dir='ltr'>pia</span> <span class='ocrx_word' id='word_1_391' title='bbox 898 2517 924 2542; x_wconf 93' lang='lat' dir='ltr'>in</span> <span class='ocrx_word' id='word_1_392' title='bbox 935 2516 1050 2542; x_wconf 88' lang='lat' dir='ltr'>Domino</span> <span class='ocrx_word' id='word_1_393' title='bbox 1061 2516 1188 2547; x_wconf 81' lang='lat' dir='ltr'>caritate,</span> <span class='ocrx_word' id='word_1_394' title='bbox 1202 2515 1366 2550; x_wconf 85' lang='lat' dir='ltr'>recipientes</span> <span class='ocrx_word' id='word_1_395' title='bbox 1377 2524 1439 2540; x_wconf 87' lang='lat' dir='ltr'>eum</span> <span class='ocrx_word' id='word_1_396' title='bbox 1451 2515 1477 2540; x_wconf 87' lang='lat' dir='ltr'>in</span> <span class='ocrx_word' id='word_1_397' title='bbox 1487 2515 1652 2541; x_wconf 77' lang='lat' dir='ltr'>confratrem</span> <span class='ocrx_word' id='word_1_398' title='bbox 1663 2515 1696 2541; x_wconf 83' lang='lat' dir='ltr'>ad</span> 
     </span>
     <span class='ocr_line' id='line_1_33' title="bbox 181 2562 1695 2601; baseline -0.002 -10"><span class='ocrx_word' id='word_1_399' title='bbox 181 2566 261 2591; x_wconf 82' lang='lat' dir='ltr'>vitam</span> <span class='ocrx_word' id='word_1_400' title='bbox 273 2566 377 2601; x_wconf 83' lang='lat' dir='ltr'>pariter</span> <span class='ocrx_word' id='word_1_401' title='bbox 387 2565 458 2591; x_wconf 80' lang='lat' dir='ltr'>etad</span> <span class='ocrx_word' id='word_1_402' title='bbox 472 2571 584 2592; x_wconf 86' lang='lat' dir='ltr'>mortem</span> <span class='ocrx_word' id='word_1_403' title='bbox 598 2587 604 2598; x_wconf 82' lang='grc'>,</span> <span class='ocrx_word' id='word_1_404' title='bbox 617 2570 643 2591; x_wconf 87' lang='lat' dir='ltr'>et</span> <span class='ocrx_word' id='word_1_405' title='bbox 655 2570 715 2600; x_wconf 86' lang='lat' dir='ltr'>post</span> <span class='ocrx_word' id='word_1_406' title='bbox 728 2565 812 2600; x_wconf 85' lang='lat' dir='ltr'>ipsius</span> <span class='ocrx_word' id='word_1_407' title='bbox 824 2564 964 2591; x_wconf 83' lang='lat' dir='ltr'>decessum</span> <span class='ocrx_word' id='word_1_408' title='bbox 975 2565 1000 2590; x_wconf 90' lang='lat' dir='ltr'>in</span> <span class='ocrx_word' id='word_1_409' title='bbox 1012 2563 1124 2591; x_wconf 84' lang='lat' dir='ltr'>ecclesia</span> <span class='ocrx_word' id='word_1_410' title='bbox 1143 2568 1234 2589; x_wconf 86' lang='lat' dir='ltr'>nostra</span> <span class='ocrx_word' id='word_1_411' title='bbox 1249 2563 1282 2588; x_wconf 86' lang='lat' dir='ltr'>ad</span> <span class='ocrx_word' id='word_1_412' title='bbox 1299 2572 1381 2588; x_wconf 87' lang='lat' dir='ltr'>uuum</span> <span class='ocrx_word' id='word_1_413' title='bbox 1397 2562 1523 2588; x_wconf 83' lang='lat' dir='ltr'>altarium</span> <span class='ocrx_word' id='word_1_414' title='bbox 1538 2568 1695 2589; x_wconf 82' lang='lat' dir='ltr'>nostrorum</span> 
     </span>
    </p>
   </div>
   <div class='ocr_carea' id='block_1_6' title="bbox 303 2609 1572 2646">
    <p class='ocr_par' dir='ltr' id='par_1_6' title="bbox 303 2609 1572 2646">
     <span class='ocr_line' id='line_1_34' title="bbox 303 2609 1572 2646; baseline -0.002 0"><span class='ocrx_word' id='word_1_415' title='bbox 303 2613 390 2646; x_wconf 65' lang='lat' dir='ltr'>Tou.</span> <span class='ocrx_word' id='word_1_416' title='bbox 420 2613 465 2646; x_wconf 89' lang='lat' dir='ltr'>ll.</span> <span class='ocrx_word' id='word_1_417' title='bbox 1504 2609 1572 2643; x_wconf 84' lang='lat'>119</span> 
     </span>
    </p>
   </div>
  </div>
 </body>
</html>
