2118 3184
788 435 1075 471 APPENDICES.
1622 438 1692 472 939

835 573 1028 609 CCXLVll.

175 671 318 706 Aruoul
339 672 380 706 de
405 671 573 706 Lomheke
597 679 628 707 et
654 685 695 707 sa
711 674 840 718 ferretne
856 673 979 708 cedent
994 673 1017 708 ἀ
1034 674 1192 721 l'ahbaye
1209 675 1250 709 de
1268 674 1407 710 Nz'novc
1425 681 1502 710 tous
1518 676 1564 710 les
1581 676 1692 710 droz'cs

222 731 325 776 qu'ae'ls
342 737 404 765 ont
419 743 464 765 ou
481 731 585 778 qn'ils
602 737 662 765 ont
679 745 746 766 cru
764 735 865 766 avoir
883 745 949 767 sur
968 746 1036 767 une
1050 732 1163 775 (lime,
1183 732 1206 767 ἀ
1225 734 1406 768 Lomhelce.
1428 755 1475 760 ——
1495 735 1637 768 ΡΑΜειε.

800 913 815 934 Α
831 910 974 939 Lidekcrke,
997 912 1066 935 1270.

213 990 353 1018 Universis
364 997 522 1027 praesentes
533 991 639 1018 litteras
648 993 827 1028 inspecturis,
844 993 983 1020 Arnoldus
995 993 1085 1019 dictus
1095 993 1129 1020 de
1140 993 1264 1019 Lambeke
1273 1015 1281 1028 ‚
1297 994 1387 1027 miles,
1401 1000 1428 1021 et
1439 995 1608 1022 Machtildis.
1623 1006 1690 1023 uxor

173 1039 244 1073 ejus,
257 1038 372 1065 salutem
385 1039 412 1065 in
424 1038 565 1065 salvatore
577 1039 698 1065 omnium
707 1049 768 1066 cum
782 1041 906 1067 veritatis
919 1041 1015 1066 notitia
1024 1041 1050 1066 in
1061 1040 1183 1076 agendis.
1198 1041 1375 1067 l‘niversitati
1386 1047 1493 1068 vestrae
1505 1044 1689 1077 praesentium

171 1085 356 1112 insinuatione
370 1091 505 1121 patescat,
521 1086 594 1122 quod
609 1096 658 1112 nos
669 1087 704 1113 ob
715 1092 854 1113 aeternam
867 1088 972 1123 quaein
982 1087 1089 1113 Christo
1101 1092 1142 1114 est
1154 1087 1271 1114 salutem
1280 1108 1287 1120 ‚
1302 1089 1453 1115 animarum
1469 1095 1624 1117 nostrarum
1637 1093 1692 1117 uti-

171 1132 242 1158 litati
252 1132 398 1168 providere
413 1133 521 1168 pietatis
533 1133 665 1168 operibus
679 1133 822 1168 cupientes
833 1155 840 1163 ,
858 1135 917 1169 pari
933 1139 998 1160 voto
1011 1134 1190 1169 unanimique
1204 1144 1338 1161 consensu
1353 1141 1448 1162 mutua
1458 1136 1600 1163 voluntate
1611 1147 1690 1164 omne

168 1179 216 1213 jus
229 1179 303 1215 quod
316 1180 343 1205 in
357 1179 461 1205 decima
474 1179 508 1205 de
521 1180 645 1206 Lon-beke
659 1179 806 1206 habuimus
820 1181 862 1207 vel
876 1181 978 1207 habere
994 1181 1154 1207 videbamur
1165 1172 1309 1217 bucusque
1321 1203 1327 1213 ‚
1343 1183 1423 1216 cujus
1436 1183 1557 1210 decimae
1568 1185 1652 1211 abbas
1663 1191 1690 1211 et

171 1231 324 1252 conventus
339 1226 471 1252 ecclesiae
492 1226 643 1253 Niniveusis
657 1227 705 1261 jus
722 1228 848 1254 obtinent
870 1233 1050 1263 patronatus,
1071 1227 1198 1254 videlicet
1216 1229 1324 1254 tertiam
1339 1234 1445 1264 partem
1467 1231 1551 1256 totius
1569 1231 1690 1258 decimae

170 1274 260 1300 dictae
274 1274 354 1300 villae
364 1295 371 1300 .
391 1274 495 1300 decima
508 1274 647 1300 novalium
661 1280 688 1302 et
702 1275 858 1301 animalium
873 1275 1006 1301 duntaxat
1020 1280 1147 1310 excepta,
1162 1285 1233 1310 quae
1251 1281 1347 1302 curato
1367 1277 1530 1312 presbytero
1545 1278 1594 1304 soli
1607 1279 1688 1305 cedit.

172 1321 258 1357 Quam
270 1321 402 1348 decimam
418 1330 433 1347 a
445 1321 555 1347 domino
569 1322 690 1348 Rassone
703 1322 737 1348 de
748 1322 888 1348 Lidekerke
897 1342 903 1353 ,
916 1323 982 1356 jure
993 1324 1130 1348 tenuimus
1141 1322 1252 1354 feodali,
1268 1321 1302 1348 de
1314 1332 1447 1349 consensu
1459 1345 1465 1356 ,
1479 1334 1590 1351 assensu
1605 1331 1632 1352 et
1643 1326 1691 1352 be-

171 1368 309 1404 neplacito
321 1368 444 1403 ejusdem
461 1368 563 1394 domini
579 1368 651 1394 feodi
663 1390 670 1401 ‚
684 1369 710 1395 in
722 1378 820 1404 puram
833 1378 864 1394 ac
878 1374 1040 1404 perpetuam
1052 1369 1253 1404 eleemosynam
1270 1369 1400 1396 ecclesiae
1415 1376 1441 1396 et
1454 1373 1601 1398 conventui
1616 1373 1690 1399 Nini-

171 1415 331 1452 vensilarga
341 1425 421 1441 manu
434 1416 600 1441 contulimus
614 1421 641 1442 et
654 1416 822 1443 conserimus
836 1421 952 1452 propter
963 1416 1100 1448 Deum‚et
1115 1417 1142 1442 in
1153 1416 1248 1442 eadem
1262 1416 1365 1442 decima
1379 1418 1501 1444 investiri
1516 1418 1629 1446 fecimus
1643 1420 1692 1446 ab—

172 1464 263 1490 batem
274 1463 364 1490 dictae
377 1463 507 1489 ecclesiae
521 1463 555 1489 ad
568 1472 638 1499 opus
650 1463 774 1498 ejusdem
787 1464 918 1490 ecclesiae
927 1469 1079 1490 conventus
1087 1464 1168 1499 pleno
1177 1464 1254 1498 jure,
1268 1465 1306 1490 ita
1314 1465 1388 1500 quod
1398 1466 1555 1500 praedictus
1563 1467 1690 1494 dominus

171 1510 256 1544 feodi,
265 1510 373 1537 divinae
381 1510 490 1545 pietatis
499 1510 600 1536 intuitu
610 1515 636 1536 et
643 1520 757 1546 precum
765 1515 921 1536 nostrarum
930 1510 1026 1536 humili
1033 1510 1201 1546 supplicatu,
1210 1510 1310 1537 dictam
1319 1511 1450 1538 decimam
1461 1522 1542 1548 quam
1551 1514 1585 1540 ab
1594 1515 1690 1541 eodem

171 1559 310 1585 tenuimus
322 1558 349 1584 in
363 1557 588 1592 feodumjudicio
599 1557 740 1584 hominum
761 1567 877 1584 suorum
890 1558 1063 1584 feodatorum
1077 1558 1111 1584 ad
1125 1558 1177 1584 hoc
1187 1558 1222 1584 ab
1239 1559 1299 1594 ipso
1313 1559 1423 1585 domino
1440 1560 1472 1585 R.
1487 1561 1540 1586 rite
1551 1561 1693 1588 submoni-

171 1612 263 1633 torum
281 1605 396 1632 inferius
407 1605 626 1641 subscriptorum
641 1615 655 1632 a
669 1606 748 1632 nobis
762 1606 795 1632 ad
807 1615 876 1641 opus
888 1611 915 1632 et
927 1606 1074 1632 utilitatem
1088 1611 1240 1632 conventus
1255 1612 1282 1632 et
1294 1606 1425 1633 ecclesiae
1439 1608 1644 1642 praedictorum
1663 1611 1690 1636 in

171 1662 268 1680 manus
279 1653 366 1689 ipsius
377 1653 478 1678 domini
493 1648 526 1678 R.
542 1652 664 1678 eamdem
678 1653 810 1679 decimam
821 1653 931 1688 penitus
945 1653 1110 1689 resignando
1124 1657 1151 1679 et
1164 1653 1313 1679 effestucali
1326 1654 1487 1688 werpitione
1502 1655 1640 1682 mediante
1653 1658 1692 1683 ei-

171 1701 232 1728 dem
245 1705 273 1727 et
285 1700 358 1726 omni
373 1699 431 1734 juri
446 1699 520 1735 quod
532 1700 559 1725 in
571 1708 603 1725 ea
617 1699 786 1726 obtinuimus
800 1699 842 1726 vel
857 1702 996 1736 potuimus
1010 1700 1136 1726 obtinere
1149 1700 1311 1727 omnimodis
1323 1701 1508 1728 renuntiando
1521 1711 1583 1729 eum
1597 1703 1690 1730 debita

171 1747 344 1774 solemnitate
357 1747 426 1773 adeo
436 1751 618 1782 reportatam,
634 1752 665 1773 ut
680 1747 828 1781 nihiljuris
842 1748 869 1773 in
882 1748 976 1774 eadem
990 1747 1094 1773 decima
1104 1757 1153 1774 seu
1166 1748 1192 1773 in
1204 1747 1297 1783 aliqua
1308 1753 1386 1783 parte
1400 1749 1522 1782 ejusdem
1537 1759 1569 1776 ex
1585 1755 1650 1777 tunc
1662 1753 1689 1778 in

171 1799 252 1822 antea
262 1794 440 1830 cognovimus
448 1798 476 1819 et
487 1794 676 1829 cognoscimus
687 1803 737 1820 nos
749 1794 862 1826 habere,
873 1795 948 1830 quod
958 1800 1011 1820 tam
1025 1794 1114 1820 dictus
1125 1794 1252 1821 dominus
1263 1795 1297 1820 R.
1308 1804 1390 1830 quam
1399 1795 1524 1822 homines
1535 1798 1576 1823 sui
1588 1797 1690 1825 feodati

170 1841 322 1878 supradicti
333 1842 386 1868 rite
401 1841 550 1867 submoniti
564 1841 721 1868 confitendo
737 1841 864 1868 similiter
878 1847 1079 1878 cognoverunt.
1095 1841 1192 1877 Itaque
1205 1842 1279 1868 dicta
1291 1843 1396 1869 decima
1408 1843 1435 1869 in
1450 1853 1546 1870 manus
1561 1844 1627 1871 dicti
1641 1845 1690 1872 do-

172 1890 237 1916 mini
249 1889 294 1921 R„
308 1894 341 1915 ut
353 1888 457 1914 dictum
471 1893 526 1921 est,
542 1888 629 1914 libere
643 1893 799 1924 reportata,
819 1888 891 1914 idem
908 1889 1035 1915 dominus
1050 1889 1153 1915 dictum
1166 1888 1275 1914 feodum
1290 1890 1317 1915 in
1332 1889 1529 1916 haereditatem
1545 1892 1689 1919 transferri

171 1937 286 1972 cupiens
295 1941 324 1962 et
342 1940 449 1961 mutare
461 1935 582 1962 eamdem
598 1935 728 1961 decimam
747 1944 808 1961 cum
829 1936 902 1961 omni
912 1935 978 1969 jure
991 1935 1065 1971 quod
1082 1936 1109 1961 in
1123 1935 1217 1961 eadem
1229 1944 1351 1971 unquam
1370 1936 1516 1963 habuimus
1531 1937 1573 1964 vel
1586 1938 1690 1966 habere

171 1984 312 2020 potuimus
331 1983 358 2009 in
380 1992 475 2009 manus
488 1992 552 2009 suas
570 1988 738 2018 reportatam
754 1983 828 2009 dicto
841 1983 934 2009 abbati
951 1983 985 2008 ad
1000 1992 1071 2018 opus
1084 1988 1112 2009 et
1132 1982 1278 2009 utilitatem
1295 1989 1448 2010 conventus
1463 1985 1504 2010 sui
1517 1990 1545 2012 et
1560 1986 1690 2013 ecclesiae

173 2031 285 2058 tradidit
299 2031 364 2066 jure
380 2030 581 2063 haereditario,
598 2031 649 2056 sub
663 2040 755 2057 annuo
772 2039 855 2057 censu
868 2030 986 2056 duorum
1001 2030 1151 2057 solidorum
1166 2030 1329 2056 flandrensis
1348 2036 1473 2058 monetae
1487 2034 1597 2068 quaein
1614 2039 1689 2060 terra

172 2083 201 2106 et
215 2078 316 2114 oppido
332 2078 366 2104 de
380 2077 457 2104 Alost
475 2078 586 2114 publice
598 2083 626 2104 et
641 2078 744 2104 usualis
757 2078 854 2104 existet
868 2078 920 2104 sibi
934 2083 961 2104 et
978 2078 1184 2104 successoribus
1197 2078 1254 2104 suis
1268 2079 1415 2114 quotannis
1429 2079 1462 2105 ad
1476 2080 1570 2106 natale
1587 2080 1690 2107 domini

171 2125 367 2152 solvendorum
378 2125 405 2150 in
419 2130 585 2160 perpetuum
596 2125 787 2160 possidendam
796 2146 803 2158 2
816 2125 928 2160 pacifice
936 2130 964 2151 et
976 2126 1081 2160 quiete.
1095 2124 1238 2151 Caeterum
1252 2130 1283 2150 ut
1294 2125 1438 2151 abundans
1446 2126 1552 2153 cautela
1564 2127 1690 2154 videatur

170 2174 198 2200 in
207 2172 334 2199 omnibus
343 2171 508 2208 supradictis
520 2172 628 2208 plenius
637 2173 794 2204 observari,
810 2172 960 2199 notandum
969 2178 1010 2199 est
1023 2178 1050 2199 et
1062 2172 1208 2209 diligenter
1221 2173 1423 2199 observandum
1437 2174 1512 2209 quod
1524 2175 1551 2200 in
1563 2175 1689 2202 omnibus

170 2220 358 2248 contractibus
366 2220 531 2255 supradictis
540 2220 568 2246 in
579 2220 694 2256 singulis
702 2220 872 2253 eorumdem,
884 2220 1010 2247 videlicet
1019 2221 1045 2246 in
1057 2220 1204 2247 collatione
1210 2220 1300 2247 dictae
1307 2220 1428 2247 decimae
1434 2226 1461 2247 et
1469 2222 1495 2247 in
1504 2223 1689 2258 resignatione

170 2267 242 2294 feodi
257 2268 321 2294 etin
333 2267 495 2294 investitura
509 2267 700 2299 haereditatis,
717 2273 799 2303 prout
813 2268 941 2303 superius
957 2273 1021 2294 sunt
1033 2277 1161 2304 expressa
1172 2289 1179 2299 ‚
1195 2274 1248 2294 tam
1262 2269 1315 2294 rite
1329 2274 1440 2304 tamque
1453 2269 1611 2296 solemniter
1626 2279 1687 2297 cum

171 2315 246 2341 omni
258 2314 449 2341 observatione
458 2314 531 2348 juris
541 2319 568 2341 et
578 2314 642 2340 sacti
653 2320 693 2341 est
706 2315 840 2341 hincinde
854 2324 1027 2350 processum,
1039 2320 1070 2341 ut
1082 2316 1108 2341 in
1122 2314 1215 2350 aliquo
1229 2316 1440 2350 praemissorum
1455 2315 1522 2343 nihil
1535 2317 1645 2344 omnino
1655 2318 1689 2344 de

171 2362 394 2398 contingentibus
407 2362 442 2388 sit
454 2363 593 2389 omissum.
609 2362 644 2389 [t
656 2367 747 2389 autem
760 2363 848 2388 omnia
860 2362 1010 2397 praelibata
1025 2367 1084 2388 rata
1099 2368 1126 2388 et
1139 2363 1298 2389 inconcussa
1313 2369 1491 2398 permaneant
1504 2364 1531 2390 in
1545 2364 1670 2390 futurum
1680 2386 1686 2396 ,

171 2415 199 2436 et
210 2418 245 2436 ne
258 2409 349 2445 aliqua
363 2410 389 2435 in
409 2415 549 2445 posterum
564 2410 672 2436 valeant
692 2410 917 2446 tergiversatione
930 2410 1054 2442 turbari,
1074 2419 1125 2436 nos
1140 2410 1205 2436 dicti
1217 2411 1349 2446 conjuges
1360 2410 1408 2436 Ar.
1423 2415 1450 2436 et
1464 2410 1501 2436 M.
1517 2417 1688 2446 praesentem

170 2461 273 2483 cartam
292 2456 380 2483 dictae
399 2456 530 2483 ecclesiae
544 2462 571 2483 et
585 2457 731 2483 conventui
746 2456 926 2489 contulimus7
947 2456 1099 2492 sigillorum
1112 2462 1270 2482 nostrorum
1285 2456 1473 2483 karacteribus
1486 2458 1684 2494 consignatam.

172 2504 318 2531 Praeterea
330 2513 381 2540 ego
394 2504 428 2530 R.
444 2504 534 2531 dictus
547 2504 580 2530 de
594 2504 698 2530 Gavera
710 2525 716 2530 .
731 2503 858 2530 dominus
871 2504 905 2530 de
920 2503 1060 2530 Lidekerke
1069 2525 1075 2532 ,
1092 2503 1169 2530 miles
1179 2524 1186 2535 ‚
1202 2503 1235 2529 ad
1249 2504 1404 2529 instantiam
1419 2509 1446 2530 et
1461 2505 1620 2539 petitionem
1633 2510 1687 2532 tam

170 2552 306 2579 dictorum
315 2551 463 2587 conjugum
472 2550 504 2577 Α.
513 2556 541 2578 et
550 2551 599 2584 Μ.ἓ
609 2560 691 2586 quam
700 2550 835 2577 dictorum
844 2551 951 2578 abbatis
958 2556 985 2578 et
993 2555 1154 2584 conventus,
1164 2551 1190 2577 in
1199 2550 1431 2583 ratihabitionem,
1441 2551 1687 2587 confirmationem,
