2118 3184
595 392 819 428 CHRONlet
860 393 1017 427 mmm!
1051 394 1088 427 LI
1120 393 1281 427 Mttsts.
1632 396 1681 428 1·’

1649 399 1679 428 q..

1682 396 1693 429 w

504 566 755 590 ruitum-:wrm
783 566 973 590 st-:crxnt'u
1006 567 1106 590 ΡΒΠΙΙ
1140 566 1363 591 TRACTx'rl'S.

243 689 346 733 Quod
365 691 525 734 seqnitur·
542 696 590 723 ex!
611 689 652 723 dc·
675 689 912 722 a‹·c·1'‹l‹·1m·lmx
939 689 1025 722 dieti
1044 689 1201 736 priori-<¹
1224 695 1300 735 pax!
1319 689 1512 722 pleroma-m
1536 689 1576 722 cle
1598 702 1630 722 xe

716 749 849 792 fin-lam
877 753 908 780 vl
932 747 1154 781 velelmzmm.

225 857 398 891 Defuncto
425 857 520 891 (licto
546 857 693 892 domino
720 858 846 892 abbate
875 858 1119 892 Tin-odorico.
1151 864 1346 892 conventus
1374 865 1586 893 com-acatos
1614 871 1694 892 cum

174 915 290 961 priore
310 915 404 949 diem
431 916 610 950 electionis
638 917 901 964 assignaverunt
931 916 1167 950 concorditer.
1191 917 1314 950 ultima
1334 916 1391 950 (lie
1417 918 1544 951 mensis
1571 918 1696 964 Aprilis

173 974 341 1007 existente
360 975 395 1008 in
416 975 501 1008 feria
524 976 625 1009 tertia
640 1003 648 1008 .
671 982 903 1009 convocantes
923 982 954 1008 et
981 975 1188 1009 mandantes
1210 976 1294 1009 alios
1317 977 1593 1010 commonachos
1615 989 1697 1010 suos

174 1032 369 1078 professos.
395 1033 456 1079 qui
483 1039 578 1066 extra
604 1034 851 1067 morabantur.
883 1046 964 1067 cnm
989 1034 1209 1067 intimatione
1237 1041 1422 1068 consueta.
1450 1041 1624 1081 quatenus
1651 1034 1694 1068 ad

171 1089 303 1124 dictam
323 1090 417 1124 (liem
434 1093 663 1137 personaliter
677 1105 799 1126 omnes
813 1099 1071 1138 comparerent.
1092 1093 1244 1125 Fuerunt
1260 1099 1377 1126 autem
1394 1106 1516 1127 ornnes
1532 1093 1695 1127 monachi

174 1149 321 1195 professi
341 1150 375 1183 in
395 1149 452 1183 die
473 1150 671 1196 praedicta.
694 1163 785 1196 quae
805 1150 869 1184 fuit
889 1162 982 1183 anno
1004 1150 1143 1183 Domini
1166 1149 1398 1183 MCCCXXXI
1413 1178 1420 1183 .
1442 1152 1629 1185 coadunati
1651 1151 1695 1185 ad

175 1208 316 1254 pulsum
351 1220 542 1254 campanae
568 1209 602 1241 in
636 1208 808 1254 capitulo,
840 1214 1022 1253 praesente
1051 1208 1241 1241 venerabili
1271 1208 1345 1241 viro
1369 1208 1515 1241 domino
1540 1209 1696 1243 (im-ardo

173 1265 218 1300 de
244 1265 392 1308 Grac-lto.
420 1267 591 1300 canonico
620 1273 653 1299 et
674 1266 894 1299 thesaurario
918 1266 953 1298 in
978 1265 1122 1299 ecclesia
1149 1266 1271 1299 beatae
1294 1266 1423 1299 Mariae
1443 1267 1692 1301 'fornas-ensis.

174 1330 356 1371 praesente
374 1325 479 1358 etiam
495 1325 663 1372 magistro
680 1324 842 1357 Johanne
857 1323 901 1357 de
919 1323 1084 1370 Espiere,
1112 1324 1227 1370 papali
1247 1331 1281 1357 et
1299 1325 1472 1370 imperiali
1490 1327 1697 1359 auctoritate

173 1382 316 1429 publico
341 1382 491 1416 notario.
521 1383 695 1428 Factaque
716 1382 957 1428 propositione
979 1394 1042 1428 per
1063 1381 1199 1416 dictum
1223 1381 1410 1417 dominum
1438 1384 1696 1418 thesaurarium

172 1439 217 1475 de
241 1441 356 1475 tribus
380 1441 444 1475 viis
467 1440 639 1488 eligendi7
664 1453 787 1473 onmes
814 1440 1038 1474 concorditer
1065 1441 1155 1474 viam
1179 1441 1472 1488 Sancti-Spiritus
1500 1443 1693 1490 elegerunt.

173 1498 255 1533 Sine
273 1499 442 1533 dilatione
462 1499 570 1547 igitur
591 1505 626 1532 et
644 1499 778 1544 absque
797 1510 913 1542 mora.v
937 1499 1126 1545 incipiente
1149 1499 1353 1545 suppriore.¹
1379 1512 1501 1533 omnes
1524 1513 1592 1535 una
1614 1513 1698 1535 voce

174 1558 329 1604 priorem
348 1570 453 1591 snum
469 1558 614 1591 fratrem
630 1556 819 1605 Aegidium
830 1556 877 1590 Le
893 1556 1023 1591 lllm'sz't
1035 1557 1311 1591 nominaverunt
1324 1564 1359 1591 et
1372 1566 1556 1606 surgentes
1570 1559 1605 1593 in
1620 1572 1699 1593 mo·-

174 1622 296 1650 mento
308 1643 316 1657 ‚
343 1630 361 1646 «
377 1615 426 1649 Te
442 1616 554 1649 Deum
571 1614 756 1649 laudamus
770 1631 788 1647 υ
807 1615 983 1649 cantando
998 1622 1281 1662 assumpserunt„
1304 1623 1339 1649 et
1357 1616 1401 1650 ad
1417 1618 1597 1651 ecclesiam
1613 1630 1699 1664 por—

173 1681 355 1709 taverunt:
381 1675 554 1721 finitoque
570 1681 677 1708 cantu
701 1686 824 1707 omnes
847 1675 980 1721 pariter
1000 1675 1185 1708 humiliter
1206 1675 1450 1721 supradictum
1475 1677 1523 1709 sic
1547 1677 1697 1710 electum

174 1741 409 1782 rogaverunt.
433 1741 471 1767 ut
493 1734 655 1767 electioni
681 1733 726 1767 de
748 1746 784 1768 se
804 1734 916 1767 factae
941 1734 1173 1777 consentiret7
1199 1734 1260 1780 qui
1283 1741 1363 1780 post
1389 1747 1538 1781 paucam
1562 1747 1696 1769 morani

174 1792 377 1838 respondit,
406 1805 442 1826 se
469 1793 556 1826 velle
581 1792 794 1836 deliberaret
825 1800 1016 1839 antequam
1039 1793 1265 1827 consentiret.
1290 1793 1524 1827 Postmodum
1552 1795 1586 1827 in
1610 1794 1698 1827 festo

175 1850 322 1885 Sanctae
347 1851 528 1885 Trinitatis
550 1852 729 1898 sequentis
748 1852 962 1898 acceptavitg
993 1864 1124 1885 munus
1144 1858 1261 1885 tamen
1284 1853 1583 1895 confirmationis,
1613 1865 1697 1886 sano

176 1916 279 1943 utens
305 1910 472 1948 consilio.v
499 1916 618 1956 petere
639 1909 789 1944 distulit.
813 1911 914 1944 Facta
940 1917 1058 1944 autem
1078 1909 1172 1944 dicta
1195 1911 1365 1945 electione
1382 1918 1414 1945 ct
1438 1912 1695 1957 acceptatione.

176 1967 377 2014 praedictus
391 1966 558 2001 dominus
579 1968 764 2015 episcopus
787 1969 1018 2002 Tornacensis
1032 1968 1076 2001 de
1090 1975 1182 2002 statu
1197 1970 1399 2003 monasterii
1419 1976 1453 2003 et
1468 1982 1696 2015 personarum

176 2026 259 2060 fecit
278 2026 353 2059 fieri
380 2025 686 2070 informationem,
707 2033 743 2060 et
758 2027 908 2073 reperit„
934 2026 1032 2073 quod
1051 2027 1218 2074 eligentes
1235 2034 1270 2061 et
1287 2028 1417 2062 clectus
1438 2035 1537 2061 erant
1556 2040 1699 2062 excom-

174 2084 345 2118 municati
362 2111 370 2127 e
405 2090 513 2130 prout
541 2084 737 2118 dicebatur.
768 2085 968 2132 Volensque
997 2097 1206 2131 promovere
1237 2085 1428 2132 quemdam
1457 2086 1694 2119 monachum.

176 2148 341 2176 vocatum
356 2141 544 2175 dominum
559 2143 703 2177 Petrum
719 2142 764 2177 de
787 2143 819 2177 V
818 2146 940 2185 ἰνίον-ς,
957 2156 1065 2190 quern
1083 2155 1203 2176 secum
1219 2150 1453 2190 assumpserat
1471 2145 1675 2178 consocium
1687 2172 1694 2178 .

176 2201 269 2235 misit
294 2213 375 2235 cum
405 2202 628 2235 festinatione
656 2203 826 2236 Avenioni
849 2202 894 2236 ad
916 2215 1099 2236 romanam
1122 2202 1275 2245 curiam,
1299 2215 1390 2249 quae
1417 2209 1502 2237 tunc
1524 2203 1572 2236 ibi
1599 2209 1694 2236 erat.

176 2258 221 2293 ad
239 2258 413 2306 quosdam
433 2259 596 2293 dominos
610 2259 821 2304 cardinales7
839 2260 969 2307 quibus
988 2267 1063 2294 erat
1082 2266 1185 2293 notus
1204 2267 1235 2293 et
1256 2260 1448 2294 familiaris.
1473 2260 1543 2301 Qui
1562 2260 1697 2295 domini

176 2317 388 2361 cardinalcs‚
415 2319 583 2352 accersito
615 2317 761 2352 domino
785 2331 925 2352 summo
954 2319 1120 2365 pontifice
1151 2330 1242 2364 papa
1267 2318 1428 2352 Johanne
1455 2319 1571 2362 XXIL,
1602 2326 1633 2353 et
1668 2320 1696 2353 ei

173 2375 481 2410 denuntiationem
503 2376 631 2410 factam
646 2388 709 2422 per
723 2375 909 2410 dominum
926 2377 1132 2423 episcopum
1152 2376 1410 2410 'l‘ornacensem
1431 2377 1694 2411 intimaverunt.

217 2506 223 2523 ¹
247 2506 282 2532 Li
295 2505 400 2533 Muin's.
