2137 3131
392 371 462 406 934
998 358 1284 394 APPENDICES.

543 482 569 503 et
586 474 784 502 conservabunt
799 477 926 506 tanquam
942 466 1142 495 usufructuarii
1160 466 1231 492 bona
1252 464 1316 491 side.
1337 463 1480 491 Caeterum
1498 465 1526 490 in
1546 464 1828 499 recompensationem
1843 464 1903 499 piae

395 490 400 505 ι
413 488 513 505 ‘sorum

405 490 410 514 Ι
520 497 528 511 ‚
684 521 719 547 cti
736 519 866 554 conjuges
879 517 951 543 circa
963 515 1062 541 dictam
1079 513 1220 540 ecclesiam
1235 512 1338 538 habere
1352 511 1481 538 videntur
1491 532 1498 544 ,
1513 510 1598 538 abbas
1612 516 1639 537 et
1651 515 1804 537 conventus
1815 510 1905 537 dictae

394 526 544 553 devotionis
557 532 636 559 qunui
654 521 681 547 di

394 573 519 600 vcclesiae
532 569 707 597 contulerunt
719 567 798 593 dictis
810 563 974 600 conjugibus
988 563 1040 588 tria
1052 561 1176 595 jornaria
1197 560 1267 596 prati
1286 559 1329 586 siti
1345 564 1422 585 trans
1432 559 1566 585 Teneram
1579 579 1586 591 ‚
1603 558 1678 594 qnod
1688 559 1778 584 suerat
1793 566 1905 593 quoque

395 619 521 647 Boi-nardi
531 639 537 647 ,
554 617 617 643 111011
632 615 717 641 Smne
729 614 762 640 (10
776 612 906 643 pamella,
922 609 1012 646 quoad
1027 609 1106 635 ambo
1121 608 1238 634 vixerint
1251 612 1278 633 et
1291 616 1344 633 nou
1360 606 1443 632 ultra.
1460 606 1517 632 Hoc
1533 606 1657 641 proviso,
1674 605 1748 641 quod
1760 605 1826 632 dicti
1839 614 1906 631 con-

395 669 469 702 juges
483 674 565 691 unum
576 663 728 697 jornarium
744 660 864 695 ejusdem
879 658 949 694 prati
963 657 1117 683 conducere
1131 655 1233 681 debent
1247 664 1313 690 erga
1329 653 1494 680 Gen-tradem
1506 673 1514 686 ‚
1532 662 1646 680 uxorem
1658 652 1788 679 Willelmi
1803 652 1886 679 Picba
1896 673 1904 683 ‚

390 696 438 749 qui
453 710 650 738 usumfructum
662 708 757 735 habuit
767 707 800 733 ad
814 707 894 732 vitam
905 726 912 737 ,
926 705 952 730 in
963 704 1149 737 unojornario
1163 703 1228 728 dicti
1242 702 1314 737 prati
1326 701 1360 727 de
1376 701 1563 731 Bertenvoert:
1575 700 1623 727 sed
1637 701 1660 727 si
1675 701 1748 727 dicta
1761 699 1906 726 Gertrudis

392 765 453 787 aute
462 760 547 785 dictos
559 757 688 792 conjuges
701 755 812 785 obierit,
825 754 927 779 dictum
941 757 1048 788 pratum
1061 756 1136 777 trans
1147 751 1281 776 Teneram
1291 749 1464 785 integraliter
1477 748 1559 774 iidem
1570 749 1702 784 conjuges
1712 747 1904 784 possidebunt.

395 807 498 833 Debent
511 811 538 832 01
554 805 617 831 dicti
631 803 772 838 conjuges‚
789 807 918 836 tanquam
933 799 1078 826 familiares
1093 798 1182 824 dictae
1197 797 1327 823 ecclesiae
1338 817 1344 827 ‚
1363 796 1415 822 sub
1431 796 1591 822 defensione
1609 805 1668 822 esse
1683 795 1806 830 ejusdem
1820 795 1908 822 eccle-

393 855 466 887 siae3
485 858 511 879 et
528 852 609 878 (101)οι
628 850 762 877 Christina
775 870 782 881 ‚
798 857 866 874 uxor
881 847 946 873 (11011
963 846 1092 877 walteri,
1113 846 1140 871 in
1154 844 1279 880 Augusto
1300 844 1440 869 annuatim
1458 843 1486 869 in
1499 844 1601 879 campis
1614 844 1716 870 nostris
1732 843 1766 869 de
1778 842 1885 869 Pamela
1897 863 1904 873 ,

393 902 462 926 iuter
479 899 576 935 garbas
595 903 621 924 et
639 896 757 933 gavellas
771 896 859 930 spicas
873 894 1017 930 colligere,
1031 893 1078 919 ubi
1096 892 1192 918 melius
1205 891 1256 917 sibi
1270 891 1358 917 visum
1375 889 1459 916 suerit
1471 890 1601 926 expedire
1621 900 1628 917 :
1644 890 1778 917 ambobus
1794 899 1907 926 quoque

393 948 471 973 dictis
480 945 640 981 conjugibus
652 944 685 970 de
699 943 749 969 1130
760 943 820 969 luce
828 942 987 973 subtractis,
998 941 1100 967 dictum
1111 944 1218 975 pratum
1230 948 1291 965 cum
1302 938 1381 965 bonis
1394 937 1541 964 mobilibus
1551 939 1688 964 universis
1699 947 1770 974 quae
1783 939 1906 974 ipsorum

394 994 502 1019 fuerant
511 1014 517 1023 ,
533 998 559 1018 01
575 994 601 1018 in
614 993 732 1027 ipsorum
742 990 878 1026 quondam
894 989 1002 1015 nomine
1016 993 1078 1023 post
1090 997 1186 1014 eorum
1199 987 1303 1013 obitum
1316 990 1448 1022 poterunt
1461 986 1596 1021 reperiri,
1612 986 1702 1012 dictae
1713 985 1813 1012 cedent
1824 985 1908 1012 eccle-

393 1042 462 1073 siae,
478 1046 504 1067 et
518 1040 550 1065 ad
565 1039 685 1066 eamdem
697 1039 786 1064 onmia
804 1038 890 1064 libere
904 1036 1101 1066 devolventur,
1116 1035 1208 1070 aliqua
1221 1034 1378 1060 conditione
1391 1034 1463 1060 inter
1476 1034 1564 1060 dictos
1578 1034 1718 1060 ecelesiam
1732 1039 1760 1059 et
1776 1035 1908 1070 conjuges

394 1088 468 1123 prius
484 1087 576 1113 habita
591 1096 644 1112 non
664 1085 799 1111 obstante.
816 1084 846 1110 In
866 1084 945 1118 cujus
961 1084 1002 1109 rei
1017 1083 1202 1109 testimonium
1223 1091 1272 1108 nos
1291 1081 1357 1107 dicti
1378 1081 1496 1113 scabini,
1518 1080 1637 1116 sigillum
1657 1086 1781 1107 nostrum
1797 1081 1906 1117 rogati,

395 1134 529 1169 praesenti
549 1133 650 1168 scripto
668 1132 794 1157 duximus
810 1130 1015 1166 apponendum.
1031 1130 1129 1155 Actum
1151 1138 1241 1155 coram
1262 1128 1341 1154 nobis
1361 1127 1441 1153 dictis
1459 1128 1577 1154 scabinis
1598 1127 1723 1154 videlicet
1739 1137 1746 1154 z
1762 1128 1904 1159 XValtero,

394 1181 534 1215 cardinali5
555 1180 676 1206 waltero
693 1179 790 1210 Adele;
815 1177 961 1204 Balduino.
981 1177 1054 1203 dicto
1077 1177 1217 1206 Vurma11;
1239 1175 1420 1209 Ilerh1·ando;
1444 1174 1568 1201 Waltero
1588 1175 1699 1205 Paltre,·
1718 1175 1858 1202 Bernardo
1882 1181 1909 1202 et

396 1229 532 1260 waltero,
550 1228 622 1253 dicto
643 1226 742 1262 Corph;
761 1231 787 1252 01
802 1225 860 1250 aliis
881 1224 934 1250 fide
952 1224 1058 1259 dignis,
1074 1223 1107 1249 ad
1124 1223 1176 1249 hoc
1194 1224 1221 1249 in
1235 1223 1420 1248 testimonium
1435 1222 1566 1248 evocatis.
1582 1222 1662 1257 Apud
1674 1221 1819 1249 Pamellam
1829 1223 1908 1257 juxta

394 1277 490 1301 atrium
504 1297 509 1303 ,
525 1285 595 1301 auuo
611 1274 716 1300 Domini
732 1272 869 1300 MCCLXX
880 1293 886 1303 ,
903 1281 994 1298 mense
1009 1271 1117 1297 Martio.

1436 1307 1566 1331 (ἵει-11113110
1577 1307 1605 1330 (10
1619 1307 1726 1331 Maliuvs.

1126 1380 1186 1392 11

1066 1559 1229 1594 CCXLII.

399 1653 461 1686 Les
471 1652 625 1686 delmi-ins
632 1652 672 1685 de
682 1650 823 1685 Pamele
831 1656 864 1684 et
875 1650 915 1684 (Ie
928 1649 1142 1697 Ledeherqlte
1154 1648 1332 1683 tle'clarent
1344 1660 1409 1694 que
1420 1647 1583 1683 l'abhe‘cle
1593 1649 1731 1684 Niuove
1740 1662 1764 1683 a
1777 1649 1907 1692 achete',

444 1716 567 1758 aryent
583 1715 775 1756 comptam,
802 1708 843 1742 de
861 1708 1032 1742 Parz'clan
1051 1708 1092 1741 de
1117 1706 1369 1754 Bunenqhem„
1395 1721 1449 1742 un
1468 1707 1618 1741 homzier
1633 1707 1675 1742 cle
1694 1713 1805 1750 terre,
1830 1720 1912 1742 avec

443 1769 576 1814 faculte'
589 1769 669 1803 (l'en
688 1769 782 1814 sitire
802 1770 908 1810 mirer,
936 1767 1062 1813 quand
1080 1767 1108 1800 z'l
1127 1767 1182 1801 lm·
1197 1766 1340 1813 plaira,
1361 1767 1407 1801 les
1425 1770 1565 1814 pierres
1582 1768 1648 1813 qui
1662 1768 1714 1813 εἰν]
1735 1773 1908 1801 trouvent.

446 1849 493 1854 -—
512 1830 662 1862 Anamis
681 1840 746 1861 niv.

1028 1988 1045 2009 A
1055 1986 1167 2016 Famae,
1187 1986 1259 2010 1271.

435 2057 572 2083 t'niversis
586 2066 715 2092 praesens
729 2058 860 2092 scriptum
875 2057 975 2083 visuris
991 2063 1019 2083 et
1034 2057 1170 2084 audituris
1180 2078 1187 2088 ,
1208 2057 1312 2083 scabini
1324 2057 1358 2083 de
1374 2056 1552 2093 Ledehergha
1565 2062 1590 2083 et
1601 2056 1636 2083 de
1650 2056 1780 2089 Pamella,
1798 2057 1914 2084 salutem

397 2113 458 2129 011111
478 2105 572 2130 notitia
592 2105 714 2131 veritatis
728 2105 754 2130 in
774 2104 891 2130 Christe.
905 2105 1082 2131 Uuiversitati
1096 2110 1206 2131 vestrae
1220 2109 1315 2131 notum
1329 2104 1458 2137 facimus⁷
1475 2104 1659 2140 praesentium
1670 2104 1826 2130 testimonio
1843 2104 1916 2131 litte-

399 2160 488 2176 rarum
499 2172 506 2183 ‚
522 2151 595 2186 quod
611 2151 755 2187 religiosus
767 2152 808 2178 vir
820 2152 854 2177 H.
866 2173 873 2182 ,
889 2152 937 2178 Dei
953 2153 1055 2188 gratia,
1074 2152 1159 2178 abbas
1177 2151 1306 2178 ecclesiae
1320 2152 1489 2184 Niffivensis,
1503 2152 1538 2177 ob
1548 2151 1636 2178 hocin
1650 2157 1744 2178 nostra
1759 2153 1914 2187 praesentia

398 2199 560 2225 constitutus
574 2199 607 2224 ad
621 2208 689 2235 opus
701 2204 727 2225 et
737 2199 881 2225 utilitatem
892 2199 1021 2226 ecclesiae
1031 2209 1097 2226 suae
1109 2200 1253 2235 acquisivit
1265 2204 1409 2226 contractu
1423 2199 1561 2236 legitimae
1573 2199 1719 2234 emptionis
1730 2208 1796 2235 erga
1809 2199 1916 2225 Parida-

400 2254 462 2271 1111111
476 2245 509 2271 (10
521 2246 689 2281 Bunenqliem
699 2267 706 2277 ,
722 2246 862 2272 dimidium
879 2247 1023 2272 bouarium
1037 2252 1128 2273 terrae
1138 2268 1145 2279 ,
1164 2247 1199 2273 de
1213 2252 1286 2273 terra
1299 2256 1381 2282 quam
1395 2247 1479 2273 habet
1488 2247 1560 2273 idem
1573 2246 1724 2272 Paridanus
1734 2268 1741 2278 ⁷
1761 2247 1835 2282 apud
1854 2246 1917 2273 Orl-

398 2292 489 2327 qliale.
507 2292 539 2318 ad
554 2302 706 2318 mensuram
719 2293 806 2319 dictae
821 2293 901 2319 villae
918 2293 951 2320 de
969 2294 1085 2320 Paniella
1098 2315 1105 2326 ‚
1121 2303 1171 2329 pro
1187 2299 1262 2320 certa
1280 2303 1385 2320 summa
1400 2294 1534 2329 pecuniae
1553 2298 1711 2320 numeratae
1724 2293 1831 2320 solutae
1844 2299 1873 2320 et
1888 2295 1914 2320 iu

401 2339 542 2364 utilitatem
557 2339 641 2374 ipsius
655 2349 812 2366 conversae.
829 2341 914 2376 Quam
931 2346 1030 2367 terram
1043 2341 1198 2376 specialiter
1210 2341 1351 2367 limitatam
1366 2341 1399 2367 ad
1414 2341 1583 2376 voluptatem
1597 2345 1624 2367 et
1636 2341 1776 2376 optionem
1789 2341 1854 2367 dieti
1868 2341 1918 2368 ab-

401 2386 469 2411 batis
485 2385 531 2411 ubi
552 2386 676 2412 meliores
695 2386 854 2421 lapicidinae
873 2388 989 2422 reperiri
1008 2393 1155 2423 poterunt.
1173 2388 1262 2414 dictus
1284 2388 1435 2414 l'aridauus
1452 2388 1526 2414 dicto
1546 2387 1638 2413 abbati
1655 2387 1786 2415 exhibere
1805 2387 1917 2414 debebit

401 2441 585 2467 quaecumque
602 2437 628 2458 et
645 2434 869 2470 quotiescumque
888 2435 921 2460 ad
941 2434 1083 2461 fodiendos
1100 2435 1205 2470 lapides
1219 2435 1319 2461 ibidem
1332 2435 1405 2461 dicto
1416 2435 1510 2460 abbati
1523 2435 1670 2461 necessitas
1681 2444 1710 2461 se
1721 2435 1871 2467 obtulerit,
1886 2440 1914 2461 et

401 2478 512 2504 facultas
522 2480 600 2505 etiam
610 2500 617 2511 ,
632 2480 653 2505 si
665 2479 736 2506 dicta
748 2485 821 2507 terra
834 2490 915 2516 quam
929 2481 1018 2508 dictus
1031 2482 1182 2508 Paridanus
1191 2482 1301 2508 iuterim
1315 2491 1394 2508 arare
1403 2503 1409 2513 ,
1425 2482 1572 2511 seminare,
1589 2486 1692 2508 metere
1705 2487 1731 2508 et
1744 2482 1855 2508 omnino
1870 2491 1916 2508 ex—
