2118 3184
601 424 826 460 CHROMCA
856 423 1178 458 TORMCENs‘ls.
1579 422 1647 456 2373

137 532 265 566 deinde
288 534 582 580 eleemosynarius
607 533 690 567 dicti
719 533 877 575 comitis,
908 539 1027 578 postea
1058 531 1298 566 Noviomensis
1325 537 1359 564 et
1386 529 1527 564 tandem
1559 529 1648 562 Tor-

139 593 294 626 nacensis
318 594 502 639 episeopus
517 620 525 628 .
550 593 610 638 qui
632 592 775 625 viriliter
797 590 953 625 defendit
975 591 1055 636 jura
1074 590 1283 636 episcopalia
1307 596 1341 623 et
1367 589 1447 623 fecit
1471 588 1646 622 aedificari

136 651 297 684 ecclesias
315 664 355 685 ac
378 651 607 693 monasteria.
633 650 790 684 videlicet
817 650 1111 683 Cartusiensium.
1135 662 1244 695 prope
1268 649 1468 682 Tornacum
1487 675 1494 689 -,
1521 648 1649 680 eremi-

137 716 254 743 tarum
280 710 314 742 S.
345 710 527 757 Augustini
556 710 589 743 in
613 710 793 747 Tornaco.
821 715 855 742 et
884 709 920 742 B.
952 709 1079 742 Mariae
1105 720 1214 741 novae
1238 709 1272 741 in
1301 706 1433 753 oppido
1463 706 1643 739 insulensi.

140 767 244 802 ltcm.
271 768 427 802 fundavit
449 781 555 802 unam
575 767 813 814 praebendam
836 769 869 801 in
889 767 1032 801 eeclesia
1051 766 1084 800 S.
1109 767 1293 800 Donatiani
1316 766 1516 813 Brugensis.
1537 766 1622 799 Item
1639 792 1646 797 .

139 838 245 859 uuam
261 833 466 872 perpetuam
482 827 708 873 capellaniam
721 827 882 860 altarium
898 825 1077 859 sedentem
1094 827 1127 858 in
1143 826 1284 859 ecclesia
1301 825 1526 858 't'ornacensi.
1548 825 1647 857 Item.

139 884 289 917 instituit
305 883 586 918 decantationem
601 892 682 918 ante
700 884 799 918 Salve
815 884 967 931 Befst'na,
987 885 1020 917 in
1042 884 1151 917 choro
1170 896 1250 917 cum
1272 889 1364 916 certa
1382 883 1646 917 distributione.

140 942 226 975 ltern
241 969 248 978 .
273 944 511 988 processiones
535 950 612 989 post
636 943 851 977 nativitatem
872 943 1010 976 Domini
1031 954 1110 976 cum
1132 942 1377 976 decantatione
1395 941 1438 975 de
1459 941 1649 984 Itu-ialam,

139 1006 173 1033 et
187 1007 266 1046 post
282 1000 412 1035 Pascha
427 1000 471 1035 de
486 1001 622 1048 Reffl'na
636 1001 734 1043 coeli,
751 1013 833 1035 cum
848 1002 993 1049 sonagio
1011 1001 1151 1046 majoris
1165 1012 1355 1046 campanae
1374 1007 1409 1033 et
1422 1000 1650 1049 indulgentiis

138 1059 338 1104 apostolicis
357 1062 515 1106 personis
529 1060 661 1094 eisdem
682 1060 963 1106 processionibus
982 1060 1282 1093 interessentibus.
1302 1059 1389 1092 Item
1403 1086 1410 1092 .
1428 1059 1525 1093 dedit
1547 1060 1652 1093 refec-

140 1117 230 1151 torio
246 1117 316 1151 xivc
330 1125 426 1151 scuta
441 1118 485 1151 de
499 1131 592 1152 cuno
608 1118 744 1152 domini
759 1118 929 1151 Johannis
942 1145 950 1160 7
969 1118 1058 1165 regis
1073 1118 1255 1160 Franciae.
1274 1118 1307 1150 in
1328 1118 1432 1151 bursa
1448 1117 1531 1151 dicti
1548 1119 1650 1151 officii

140 1182 312 1222 perpetuo
338 1190 561 1220 remansura.¹
588 1177 632 1211 ad
653 1178 759 1210 finem
785 1176 883 1223 quod
905 1176 1040 1210 dictum
1064 1176 1218 1209 officium
1245 1175 1355 1209 valeat
1377 1176 1523 1223 singulis
1543 1177 1652 1222 septi—

141 1234 253 1267 manis
280 1236 437 1280 personis
458 1235 556 1269 chori
577 1235 621 1269 de
640 1236 711 1268 suis
732 1234 976 1268 anniversariis
999 1240 1033 1266 et
1060 1233 1157 1266 lucro
1180 1233 1390 1267 satisfacere.
1423 1234 1529 1275 Item.
1555 1235 1653 1268 dedit

141 1292 359 1326 thesaurario
378 1294 519 1327 calicem
540 1306 687 1327 aureum
707 1306 788 1326 cum
812 1299 950 1338 patena.
979 1293 1085 1335 ltem.
1111 1292 1240 1337 pelvim
1265 1299 1296 1325 et
1319 1292 1499 1326 urceolum
1525 1306 1653 1341 argen-

141 1357 216 1384 teos
233 1363 315 1384 cum
334 1352 494 1397 pluribus
515 1352 742 1385 ornamentis.
766 1352 873 1395 Item.
895 1350 1057 1384 fundavit
1075 1351 1118 1395 xij
1145 1350 1319 1384 solemnes
1337 1351 1455 1385 obitus
1475 1352 1506 1385 in
1527 1353 1653 1398 princi-

142 1409 202 1455 pio
225 1409 411 1454 cujuslibet
433 1410 577 1453 mensis.
605 1422 686 1443 cum
712 1422 798 1443 sono
818 1409 971 1442 duarum
1001 1408 1173 1453 majorum
1197 1420 1449 1454 campanarum
1472 1411 1654 1445 celebran-

143 1466 227 1510 dos,
250 1479 314 1514 pro
331 1468 463 1514 quibus
482 1469 647 1502 omnibus
668 1468 833 1514 speciales
853 1474 888 1501 et
910 1467 1121 1501 sufficientes
1144 1466 1302 1500 redditus
1325 1468 1554 1515 consignavit.
1588 1470 1655 1502 Iste

144 1525 286 1559 abunde
305 1532 340 1559 et
362 1526 454 1560 laute
473 1527 556 1560 vixit
570 1527 682 1574 largas
702 1526 940 1572 eleemosynas
959 1525 1175 1571 pauperibus
1197 1525 1374 1572 erogavit.
1397 1532 1431 1559 et
1452 1525 1496 1559 de
1515 1526 1655 1560 residuo

144 1584 320 1618 bonorum
346 1597 493 1618 suorum
517 1586 552 1618 in
575 1585 651 1619 loco
677 1584 721 1618 de
745 1585 911 1627 Arbosio7
942 1585 975 1617 in
1004 1583 1175 1617 comitatu
1196 1583 1443 1631 Burgundiae.
1466 1584 1561 1618 unde
1583 1586 1656 1631 ipse

145 1649 220 1676 erat
241 1642 435 1685 oriundus.
463 1650 515 1677 est
538 1643 681 1677 ecclesia
700 1643 882 1691 collegiata
903 1643 948 1688 xij
969 1642 1221 1676 canonicorum
1241 1642 1451 1676 secularium
1476 1655 1556 1677 eum
1577 1656 1657 1677 cae-

144 1701 226 1734 teris
246 1702 403 1747 personis
418 1701 634 1744 redditibus7
654 1708 688 1735 et
708 1702 810 1735 bonis
827 1702 1003 1748 rebusque
1022 1708 1055 1734 et
1074 1701 1290 1734 ornamentis
1308 1702 1509 1735 necessariis
1526 1709 1560 1736 et
1577 1715 1658 1736 con—

145 1759 353 1794 decentibus
380 1761 567 1807 opulenter
596 1760 729 1795 dotata.
763 1760 870 1806 Cujus
895 1760 1171 1794 anniversarium
1199 1760 1396 1794 celebratur
1421 1767 1518 1795 sexto
1548 1774 1658 1795 nonas

145 1817 241 1852 Julii.

196 1876 360 1923 Philippo
379 1878 544 1911 successit
564 1878 687 1912 Petrus
708 1877 752 1911 de
773 1878 883 1911 Anxio
896 1905 904 1921 ·,
926 1877 1116 1911 canonicus
1132 1876 1361 1911 Tornacensis
1380 1889 1443 1923 per
1463 1879 1657 1924 capitulum

146 1935 290 1978 electus,
303 1937 532 1970 confirmatus
547 1949 639 1971 anno
650 1936 959 1971 MCCCLxxvlu.
974 1935 1054 1976 Quo
1064 1942 1223 1981 tempore
1233 1942 1393 1969 exortum
1404 1937 1501 1970 estin
1515 1937 1658 1971 ecclesia

147 1993 332 2027 universali
347 1994 551 2040 pestiferum
567 1994 730 2037 schisma.
749 1994 846 2041 quod
858 1995 956 2027 annis
972 1994 1044 2027 fere
1059 1993 1091 2026 xl
1105 1993 1244 2027 duravit
1258 2000 1337 2039 post
1351 1994 1487 2027 obitum
1500 1996 1658 2041 Gregorii

147 2063 258 2097 papae
275 2052 334 2085 XI.
358 2052 488 2086 Eodem
510 2053 614 2086 etiam
634 2059 792 2098 tempore
808 2053 997 2100 viguerunt
1012 2052 1047 2085 in
1069 2051 1226 2085 flandria
1245 2064 1393 2099 guerrae
1411 2053 1634 2099 gravissimae
1649 2081 1656 2086 .

151 2108 396 2143 Gandensibus
421 2117 456 2143 et
478 2111 639 2156 pluribus
663 2110 708 2144 de
732 2110 889 2144 Flandria
916 2122 996 2144 cum
1023 2110 1071 2143 eis
1092 2116 1215 2144 contra
1241 2109 1458 2143 Ludovicum
1482 2110 1526 2143 de
1547 2111 1656 2153 Male.

151 2169 315 2202 comitem
342 2168 541 2212 Flandriae7
563 2170 808 2203 saevientibus.
831 2170 883 2203 Ita
903 2168 1002 2215 quod
1022 2167 1202 2202 interdum
1223 2168 1259 2201 in
1282 2167 1482 2201 obedientia
1507 2169 1661 2202 matricis

149 2226 313 2260 ecelesiae
333 2226 562 2260 Tornacensis
576 2227 662 2260 nihil
682 2227 807 2261 habuit
825 2239 889 2273 pro
906 2233 992 2260 tunc
1011 2226 1127 2260 dictus
1147 2226 1332 2272 episcopus
1352 2226 1416 2260 nisi
1438 2227 1658 2260 Tornaeum.

150 2291 185 2318 et.
203 2285 279 2330 ejus
295 2284 510 2318 ballii-iatum
528 2297 609 2318 cum
629 2285 703 2331 ejus
724 2285 961 2330 pertinentiis7
987 2297 1066 2318 nam
1086 2290 1159 2317 tota
1179 2283 1339 2317 Flandria
1353 2296 1433 2317 cum
1454 2285 1660 2319 castellaniis

151 2342 336 2377 Orchiensi
355 2349 390 2376 et
408 2342 578 2376 lnsulensi
590 2370 598 2385 ,
619 2342 775 2376 obedivit
793 2343 949 2386 intruso,
974 2342 1118 2376 matrice
1135 2354 1259 2375 eorum
1278 2342 1421 2376 ecclesia
1443 2342 1608 2377 derelicta
1626 2351 1658 2377 et

150 2401 187 2434 in
209 2401 274 2434 alia
294 2400 495 2435 obedientia
516 2402 695 2435 existente.
723 2402 763 2435 Et
787 2402 834 2435 ob
859 2401 926 2435 hoc
948 2400 1040 2434 idem
1063 2401 1187 2434 Petrus
1208 2401 1471 2447 quamplurima
1494 2403 1658 2436 sustinuit

152 2459 378 2494 incommoda
408 2466 443 2493 et
473 2460 618 2505 injurias
650 2472 720 2493 non
748 2460 904 2494 modicas
937 2472 1001 2506 pro
1032 2459 1233 2493 obedientia
1261 2460 1513 2506 recuperanda.
1546 2462 1661 2502 Quam

151 2517 293 2552 tandem
311 2517 407 2564 apud
426 2518 578 2552 Insulam
603 2524 637 2552 et
662 2518 801 2552 Orclzz'es
824 2519 1064 2565 recuperavit,
1087 2518 1327 2552 schismaticos
1346 2518 1533 2553 defunctos
1549 2520 1663 2553 exbu-
