2118 3184
601 414 826 450 CHRONICA
857 415 1179 450 TORNACENfflS.
1580 417 1648 451 -581

133 522 224 555 ibat.
247 529 279 555 et
299 534 379 556 ecce
397 523 515 556 subito
536 534 636 556 voces
653 522 845 569 quasdam.
871 523 976 557 veluti
997 536 1077 558 cum
1099 524 1236 570 impetu
1256 523 1403 558 terribili
1431 522 1650 557 advenientis

133 592 282 627 maguae
296 580 546 618 multitudinis,
563 580 714 614 audivit.
733 588 925 615 torrentem
942 583 1047 616 etiam
1064 582 1268 617 flammeum
1283 594 1388 628 super
1403 594 1439 616 se
1449 582 1649 616 venientem

132 638 216 672 vidit
235 666 242 679 „
270 639 316 672 ita
341 645 379 672 ut
406 639 614 684 particulam
642 640 780 674 tunicae
805 652 887 673 suae
911 653 950 675 ac
974 642 1088 675 carnis
1113 642 1236 675 subter
1254 654 1293 675 ea
1319 640 1363 675 de
1383 641 1529 675 brachio
1549 641 1650 687 juxta

131 708 291 744 pugnum
307 697 552 731 combusserit.
566 696 764 744 Statimque
775 700 981 744 perterritus
996 700 1030 733 iu
1047 706 1137 733 terra
1153 699 1293 742 cecidit.v
1311 706 1343 733 ct
1359 700 1530 734 continuo
1548 700 1648 746 quasi

131 755 166 788 in
180 756 286 789 extasi
302 762 423 801 raptus
436 783 443 798 -.
458 755 544 789 vidit
565 757 795 803 quamplures
813 757 856 791 ad
874 770 909 792 se
924 758 1102 792 venientes
1123 759 1262 805 sibique
1280 758 1540 805 colloquentes7
1560 770 1650 804 quos

124 814 199 859 jam
225 813 414 848 defunctos
437 827 511 848 esse
534 815 682 849 sciebat.
710 828 872 863 quosque
898 817 1052 851 viventes
1079 823 1305 865 cognoverat.
1336 817 1460 851 Postea
1485 817 1516 850 ei
1536 817 1650 850 visum

130 878 183 905 est
207 872 305 919 quod
330 879 418 906 esset
437 873 472 906 in
492 885 618 920 campo
643 886 801 908 rosarum
823 881 854 908 et
881 874 1055 918 liliorum.
1078 875 1224 909 floribus
1249 876 1429 922 totiusque
1452 874 1650 909 dulcedinis

129 932 341 965 amoenitate
360 932 510 978 repleto.
535 933 569 966 in
589 945 661 979 quo
677 933 870 967 consistens
888 940 922 967 et
942 946 1005 980 pro
1025 935 1132 968 nimia
1150 935 1321 968 suavitate
1335 962 1343 978 7
1361 935 1487 980 prioris
1507 934 1649 968 terroris

128 989 276 1024 horrore
290 989 464 1038 effugatO.
482 991 695 1025 exhilaratus
709 998 741 1025 et
763 992 854 1026 velut
871 999 966 1026 totus
980 999 1158 1027 recreatus
1177 999 1211 1026 et
1229 999 1436 1036 renovatus,
1454 992 1541 1026 vidit
1556 1004 1648 1039 qua-

129 1054 211 1082 tuor
237 1049 324 1083 albis
351 1050 504 1083 vestibus
530 1049 673 1084 indutos
699 1063 779 1084 cum
806 1050 1026 1085 candelabris
1049 1063 1088 1085 ac
1113 1051 1305 1085 thuribulis
1330 1051 1375 1085 ad
1399 1063 1434 1085 se
1453 1051 1644 1084 venientes.

129 1107 198 1141 Hos
223 1107 464 1154 sequebantur
491 1115 560 1142 tres
592 1108 816 1142 honorabiles
843 1109 906 1142 viri
938 1109 1198 1155 episcopalibus
1224 1109 1442 1143 indumentis
1468 1109 1645 1151 decorati,

128 1166 272 1200 baculos
292 1167 510 1212 pontificales
533 1167 568 1200 in
597 1168 760 1201 manibus
786 1174 966 1210 tenentes7
995 1168 1116 1201 mitras
1135 1180 1258 1201 aureas
1285 1168 1391 1201 etiam
1414 1169 1449 1201 in
1473 1168 1648 1214 capitibus

128 1232 329 1271 portantes.
360 1226 394 1259 in
418 1226 549 1272 quibus
570 1226 851 1272 uniuscujusque
872 1238 1003 1260 nomen
1026 1226 1198 1272 seriptum
1217 1227 1479 1260 continebatur.
1502 1226 1591 1261 Nam
1612 1227 1647 1259 in

129 1283 204 1329 ejus
217 1284 320 1317 mitra
338 1284 400 1330 qui
421 1283 558 1317 medius
577 1283 764 1317 incedebat
777 1310 784 1316 .
804 1284 976 1329 seriptum
992 1290 1067 1317 erat
1088 1296 1094 1316 z
1119 1283 1269 1317 Sanctus
1288 1283 1529 1327 Eleutherius7
1551 1286 1646 1331 epis-

128 1354 250 1388 copus.
277 1342 316 1375 ln
335 1342 410 1388 ejus
428 1342 490 1388 qui
509 1341 554 1376 ad
573 1341 754 1375 dexteram
774 1341 1004 1390 gradiebatur
1021 1355 1027 1375 :
1045 1342 1195 1376 Sanctus
1214 1342 1364 1390 Eligius7
1386 1343 1584 1389 episcopus.
1607 1344 1647 1377 In

127 1401 202 1447 ejus
219 1401 280 1447 qui
299 1399 345 1435 ad
364 1401 540 1434 sinistram
559 1400 672 1433 stabat
690 1413 696 1432 1
716 1399 865 1434 Sanctus
881 1400 1070 1443 Acharius7
1092 1400 1290 1446 episcopus.
1311 1400 1395 1434 Post
1413 1413 1471 1434 eos
1488 1413 1572 1435 vero
1591 1413 1646 1435 se-

127 1460 305 1506 quebatur
318 1459 485 1493 dominus
501 1458 691 1502 Gerardus.
710 1460 908 1505 presbyter³
923 1460 976 1493 vir
990 1459 1193 1507 religiosus7
1205 1466 1300 1493 veste
1313 1459 1520 1493 sacerdotali
1538 1459 1647 1493 indu—

127 1525 203 1562 tus7
224 1520 287 1565 qui
301 1518 413 1553 fidelis
427 1525 637 1565 procurator
654 1518 949 1564 eleemosynariae
968 1517 1002 1552 S.
1021 1518 1150 1552 Mariae
1172 1518 1362 1552 exstiterat.
1381 1519 1508 1552 Beatus
1527 1519 1646 1564 itaque

128 1577 350 1612 Eleutherius
363 1578 486 1624 juveni
504 1577 813 1624 appropinquans.
832 1578 932 1624 quasi
947 1576 1163 1611 blandiendo
1178 1578 1401 1624 manipulum
1419 1590 1524 1611 suum
1541 1589 1647 1624 super

128 1649 210 1670 eum
237 1637 405 1682 projecit.
435 1635 564 1670 deinde
590 1636 719 1670 librum
749 1637 839 1670 vitae
861 1649 944 1670 suae
963 1649 1070 1683 quern
1091 1636 1126 1669 in
1147 1649 1255 1670 manu
1276 1649 1338 1670 sua
1358 1637 1518 1685 gestabat
1537 1636 1567 1670 ei
1588 1648 1646 1670 os-

128 1695 259 1738 tendit.v
286 1702 322 1730 et
339 1708 457 1729 coram
481 1708 516 1730 se
535 1696 650 1744 legere
674 1696 870 1742 praecepit.
897 1696 1166 1742 perlectumque
1189 1696 1234 1729 ab
1256 1707 1297 1729 eo
1322 1695 1494 1741 recipiens
1512 1696 1547 1729 in
1567 1696 1645 1729 sinu

129 1767 194 1789 suo
213 1756 387 1801 reposuit.
410 1761 444 1788 et
462 1754 506 1788 ad
526 1755 643 1789 locum
659 1755 695 1788 in
709 1767 782 1802 quo
802 1755 900 1801 prius
918 1761 1079 1798 steterat7
1102 1754 1219 1788 rediit.
1233 1754 1357 1788 Postea
1377 1755 1500 1788 beatus
1515 1754 1646 1803 Eligius

125 1813 247 1858 juveni
274 1814 586 1860 appropinquans.
615 1814 745 1847 librum
769 1814 859 1847 vitae
886 1825 969 1847 suae
993 1814 1023 1847 ei
1050 1813 1201 1856 obtulit.
1228 1812 1290 1847 sed
1308 1813 1448 1859 juvenis
1471 1826 1552 1847 eum
1579 1813 1644 1847 sibi

128 1871 210 1905 satis
228 1877 354 1905 notum
369 1883 442 1905 esse
461 1871 582 1905 dicens
599 1872 714 1920 legere
730 1872 856 1906 noluit.
875 1871 1024 1906 Sanctus
1042 1883 1188 1918 quoque
1208 1872 1378 1906 Acharius
1396 1873 1427 1906 ei
1447 1872 1483 1906 in
1502 1871 1645 1906 dextera

127 1941 190 1963 sua
204 1929 375 1975 seriptum
391 1929 564 1964 ostendit:
580 1945 596 1960 «
609 1930 648 1963 In
664 1930 808 1964 nomine
818 1930 958 1963 Domini
973 1929 1055 1963 Jesu
1070 1941 1133 1975 per
1151 1941 1206 1963 me
1225 1936 1387 1964 mortuus
1402 1931 1645 1964 ressuscitatus

129 1995 224 2022 est.»
247 1987 332 2022 Post
350 1987 418 2022 hoc
437 1988 485 2022 illi
504 2000 546 2022 eo
563 1987 689 2022 ordine
708 2000 781 2035 quo
801 1994 967 2021 venerant
987 1987 1236 2022 discesserunt.
1254 1988 1313 2022 His
1330 2001 1415 2037 ergo
1433 1989 1514 2022 visis
1526 2016 1534 2031 7
1556 1988 1644 2023 ado—

128 2047 277 2088 lescens.
299 2045 344 2080 de
363 2047 470 2080 extasi
494 2046 539 2080 ad
565 2058 600 2080 se
620 2047 736 2093 ipsum
763 2058 942 2089 reverSUS,
964 2045 1008 2080 de
1028 2052 1121 2080 terra
1142 2036 1311 2090 surrexit,
1332 2053 1367 2080 et
1389 2046 1434 2080 ad
1458 2047 1567 2092 patris
1590 2059 1643 2081 sui

127 2104 275 2138 domum
304 2103 463 2147 rediens.
490 2111 562 2138 tota
589 2111 692 2139 noete
720 2105 847 2139 lectulo
875 2104 1062 2138 infirmiter
1089 2103 1272 2139 decubuit.
1303 2105 1406 2138 Mane
1433 2105 1527 2139 facto
1553 2117 1645 2152 aqua

127 2161 312 2197 benedicta
334 2164 472 2211 aspergi
496 2176 531 2197 se
555 2164 712 2211 rogavit,
739 2165 859 2210 sicque
880 2170 1058 2197 recreatus
1079 2164 1288 2209 particulam
1317 2164 1419 2198 vestis
1441 2176 1523 2198 suae
1545 2176 1644 2198 com-

129 2222 267 2255 bustam
286 2229 320 2255 et
339 2234 481 2255 carnem
501 2222 569 2256 sub
588 2235 627 2256 ea
646 2223 873 2269 liquefactam
893 2222 1065 2261 ostendit,
1087 2229 1119 2256 et
1139 2235 1180 2257 ex
1199 2223 1254 2257 his
1272 2235 1363 2270 quae
1377 2222 1533 2266 viderat,
1551 2235 1643 2256 non-

128 2280 222 2314 nulla
242 2281 374 2314 retulit.
401 2280 569 2327 Sequenti
589 2287 684 2315 sexta
707 2281 811 2325 feria.
842 2282 1009 2315 accersito
1028 2287 1160 2315 secrete
1179 2281 1365 2315 Guillelmo
1390 2281 1643 2315 canonicorum

126 2337 281 2381 decano.
310 2345 450 2384 peracta
473 2351 535 2372 sua
557 2339 738 2373 confessus
758 2346 831 2382 est7
858 2345 1074 2385 acceptaque
1096 2339 1140 2372 ab
1164 2351 1206 2372 eo
1225 2339 1446 2373 absolutione
1465 2346 1500 2373 et
1517 2340 1643 2385 poeni-

126 2398 235 2431 tentia
255 2398 413 2443 injuncta
432 2398 610 2444 proxima.
628 2410 758 2444 corpus
775 2398 913 2431 Domini
929 2398 1094 2444 suscepit.
1113 2397 1194 2439 Quo
1212 2404 1397 2444 percepto.
1416 2398 1546 2432 librum
1564 2397 1642 2432 dic-

127 2461 204 2489 tum
225 2456 330 2489 vitam
350 2456 442 2490 beati
463 2455 653 2489 Eleutherii
667 2483 675 2499 .
696 2467 804 2502 quam
824 2456 908 2489 scite
928 2468 986 2489 sex
1005 2455 1079 2489 dies
1097 2455 1134 2489 in
1153 2456 1260 2490 extasi
1278 2455 1429 2504 legerat7
1451 2457 1641 2490 memoriae

127 2521 324 2548 revocatam
338 2541 346 2547 .
373 2514 511 2548 cunctis
533 2513 778 2548 audientibus.
801 2526 841 2547 ac
859 2514 885 2547 si
910 2514 1106 2548 orationem
1128 2514 1346 2548 Dominicam
1373 2514 1504 2548 cursim
1528 2514 1642 2563 legere

225 2572 310 2606 Tou.
342 2573 386 2606 ll.
1501 2572 1543 2606 61
