2118 3184
543 411 768 448 Cttnoxtcx
806 413 971 448 AEGmu
999 413 1040 447 LI
1071 412 1235 447 mmsis.
1570 415 1639 449 -503

129 521 265 566 lippuS.
288 527 372 555 tunc
391 522 559 566 temporis
581 522 715 554 vivens.
744 522 791 554 ob
811 533 966 555 amorem
987 528 1021 555 et
1040 521 1243 555 fidelitatem
1263 521 1347 555 dicti
1368 522 1522 556 comitis,
1547 523 1640 555 insti-

128 579 195 612 tuit
217 586 252 612 et
269 579 351 613 fecit
371 579 446 612 loco
467 579 542 623 ejus
568 580 913 613 connestabularium
938 579 1182 626 Radulphum.
1209 580 1293 614 dicti
1316 581 1454 631 comitis
1472 581 1582 614 fitium
1606 588 1641 613 et

127 637 202 682 ejus
221 637 408 671 haeredem
422 664 430 670 .
452 638 514 683 qui
537 644 611 671 erat
629 650 746 671 comes
767 637 812 671 de
835 638 976 672 Gln‘ues.
1004 639 1080 685 lpse
1101 645 1218 672 autem
1238 652 1300 685 per
1319 640 1452 686 aliquot
1473 652 1583 674 annos
1604 653 1640 674 se.

127 697 210 729 satis
228 697 317 730 bene
334 697 459 743 gessit.
486 703 519 729 et
544 703 616 729 erat
637 697 709 744 regi
734 704 767 730 et
787 697 932 730 consilio
953 710 993 731 ac
1019 698 1249 743 optimatibus
1272 699 1458 746 gratiosus.
1482 699 1639 733 Tandem

128 755 162 788 in
189 754 345 800 quodam
372 754 539 788 conflictu
569 767 609 788 ac
634 755 725 788 bello
747 762 869 789 contra
893 756 1055 803 Anglicos
1075 756 1141 789 fuit
1161 763 1284 802 captus
1310 764 1342 790 et
1362 756 1526 791 detentus
1545 766 1579 792 ct
1605 759 1640 792 in

129 813 252 860 Anglia
283 811 411 846 ductus
424 839 432 845 .
466 813 525 846 ubi
561 825 622 859 per
655 813 799 861 longum
833 820 973 859 tempi-s
1008 814 1120 847 tenuit
1159 814 1348 860 prisionem
1361 842 1368 848 .
1399 817 1482 862 quia
1514 829 1640 864 magna

126 882 266 905 summa
300 870 518 904 florenorum
547 883 736 904 aureorum
767 883 831 917 pro
861 872 935 917 ejus
967 871 1209 917 redemptione
1239 873 1437 918 petebatur.
1467 874 1641 909 Coronato

127 936 245 964 autem
272 936 305 962 et
333 930 480 963 inuncto
503 930 737 963 illustrissimo
764 931 940 976 principe.
970 943 1051 977 rege
1078 931 1290 964 Francorum
1316 932 1495 975 Jolianne.
1525 933 1641 967 dictus

128 988 469 1023 connestabularius,
485 987 530 1022 de
545 989 682 1022 licentia
700 989 790 1037 regis
809 989 968 1037 Angliae.
990 990 1223 1023 transfretavit
1243 997 1276 1023 et
1287 991 1378 1023 venit
1394 991 1429 1024 in
1446 992 1637 1033 Franciam.

127 1054 163 1081 et
183 1047 252 1081 fuit
274 1048 367 1081 fama
391 1046 488 1093 quod
511 1048 583 1093 ipse
602 1054 743 1081 venerat
764 1060 827 1093 pro
845 1060 905 1081 sua
925 1047 1177 1081 deliberatione
1196 1055 1229 1082 et
1248 1048 1492 1095 redemptione
1514 1051 1641 1085 facien-

127 1105 185 1140 da.
213 1105 375 1146 Quadam
401 1113 518 1140 autem
545 1105 619 1139 die.
645 1107 718 1152 ipse
736 1106 883 1140 domino
903 1107 975 1153 regi
998 1106 1205 1152 supplicavit
1230 1119 1295 1153 pro
1318 1120 1379 1142 sua
1398 1108 1641 1155 redemptione

126 1171 162 1198 et
178 1164 444 1198 deliberatione.
463 1165 532 1198 Rex
548 1172 666 1199 autem
687 1166 732 1199 ita
750 1165 865 1199 eidem
885 1165 1015 1199 dicitur
1033 1165 1253 1211 respondisse
1271 1179 1278 1198 :
1301 1181 1318 1196 u
1334 1167 1618 1202 Conestabularie
1631 1196 1638 1202 .

128 1223 233 1258 missa
250 1223 318 1257 fuit
339 1224 438 1257 vobis
455 1236 593 1257 summa
615 1236 742 1272 magna
764 1224 979 1258 florenorum
1001 1223 1045 1257 de
1068 1236 1205 1258 camera
1228 1232 1478 1270 computorum
1504 1227 1642 1261 Parisiis

127 1288 162 1315 et
187 1281 232 1315 de
253 1281 440 1315 thesauro.
464 1281 525 1315 sed
553 1293 612 1315 vos
635 1281 827 1327 dissipastis
850 1281 982 1315 dictam
1007 1294 1200 1315 summam.
1230 1289 1263 1315 et
1290 1283 1491 1328 perdidistis
1514 1286 1641 1331 partim

129 1341 163 1374 in
186 1339 271 1374 ludo
290 1339 508 1378 taxillorum.
535 1340 663 1385 partim
683 1340 717 1372 in
736 1339 895 1385 expensis
921 1340 1101 1372 excessivis
1123 1347 1245 1373 contra
1265 1341 1483 1375 nobilitatem
1505 1345 1642 1390 generis

129 1399 252 1439 vestri.
278 1410 449 1444 personae
474 1404 608 1432 vestrae
631 1405 665 1431 et
691 1404 802 1431 status
825 1398 949 1431 vestri.
976 1410 1082 1443 super
1108 1399 1239 1444 quibus
1258 1400 1423 1433 omnibus
1449 1400 1642 1435 deliberare

128 1457 359 1492 intendimus.
386 1472 404 1488 »
432 1456 567 1490 Accidit
586 1463 704 1490 autem
725 1456 823 1502 quod
838 1462 918 1502 post
935 1456 1072 1502 aliquos
1090 1455 1164 1489 dies
1183 1455 1299 1491 dietus
1317 1459 1643 1494 connestabularius

127 1517 210 1551 fecit
223 1516 342 1562 plures
358 1516 489 1549 litteras
509 1515 543 1548 in
567 1516 690 1563 Anglia
708 1514 911 1563 dirigendas
932 1521 967 1548 et
984 1515 1191 1560 portandas.
1216 1516 1306 1549 inter
1325 1529 1412 1563 quas
1431 1525 1529 1551 erant
1552 1518 1643 1552 duae

128 1575 263 1609 litterae
293 1586 399 1607 manu
418 1585 481 1607 sua
499 1574 640 1619 propria
663 1574 833 1619 scriptae.
863 1586 933 1607 una
957 1574 1030 1621 regi
1054 1574 1197 1621 Angliae
1215 1580 1249 1607 et
1273 1574 1380 1609 altera
1399 1575 1481 1609 duci
1500 1575 1544 1609 de
1567 1576 1644 1611 Clo-

129 1633 291 1674 chestre,
308 1632 384 1677 ejus
397 1631 482 1665 filio.
494 1631 647 1665 Nuntius
662 1638 779 1666 autem
796 1637 941 1678 portans
955 1631 1065 1665 dictas
1080 1632 1229 1675 litteras„
1243 1632 1343 1678 juxta
1361 1634 1498 1667 Domini
1516 1635 1644 1669 volun-

127 1698 236 1727 tatem
255 1691 323 1725 fuit
341 1691 378 1724 in
397 1690 475 1724 navi
494 1689 681 1736 deceptus.
703 1691 992 1738 gubernatorque
1010 1690 1107 1723 navis
1119 1717 1126 1723 .
1148 1691 1300 1736 acceptis
1318 1692 1482 1725 omnibus
1498 1693 1620 1727 litteris
1633 1722 1640 1727 .

128 1750 275 1785 domino
293 1749 368 1797 regi
383 1748 594 1795 deportavit.
613 1749 785 1783 Dominus
803 1755 921 1782 autem
940 1761 1018 1788 rex,
1037 1749 1169 1782 vocatis
1182 1750 1324 1783 secretis
1337 1750 1541 1784 consiliariis
1557 1753 1640 1795 suis.

128 1810 260 1844 litteras
282 1807 420 1854 aperuit
441 1814 476 1841 et
498 1807 601 1855 legit.
630 1807 954 1853 deliberationeque
975 1807 1094 1841 habita
1121 1819 1203 1841 cum
1231 1819 1295 1841 suo
1320 1815 1453 1842 secreto
1477 1811 1640 1844 consilio.

129 1868 247 1903 statim
263 1879 346 1902 cum
362 1866 585 1900 festinatione
603 1866 647 1900 de
660 1866 732 1900 suis
750 1867 862 1909 misit.
883 1867 943 1913 qui
960 1866 1095 1900 dictum
1116 1866 1462 1901 connestabularium
1479 1876 1644 1914 caperent

130 1934 166 1961 et
189 1926 254 1961 sibi
279 1938 360 1960 eum
387 1925 617 1960 adducerent.
646 1926 795 1972 Fuitque
821 1925 1049 1971 prisionarius
1070 1925 1205 1970 positus
1231 1924 1276 1958 de
1299 1925 1466 1959 mandato
1493 1929 1584 1975 regis
1610 1928 1644 1961 in

130 1985 219 2020 turri
239 1983 284 2018 de
302 1983 457 2018 Louvres
475 1984 626 2017 Parisiis.
645 1984 837 2018 Confestim
859 1983 1079 2031 divulgatum
1101 1989 1151 2016 est
1171 1995 1235 2029 per
1250 1989 1360 2017 totam
1381 1984 1555 2018 civitatem
1580 1986 1645 2019 Pa-

130 2044 310 2078 risiensem
323 2068 331 2084 ,
353 2041 450 2089 quod
468 2042 795 2076 connestabularius
821 2042 956 2087 positus
981 2048 1056 2075 erat
1073 2042 1109 2074 in
1129 2041 1302 2087 prisione.
1327 2053 1433 2087 super
1454 2055 1526 2088 quo
1553 2044 1645 2077 facto

130 2102 199 2136 fuit
211 2102 336 2149 ingens
355 2113 530 2137 murmur.
553 2101 720 2135 Parentes
738 2107 856 2135 autem
876 2107 910 2133 et
927 2100 1030 2134 amici
1044 2100 1120 2145 ejus
1134 2112 1273 2134 causam
1293 2101 1466 2146 captionis
1485 2103 1644 2136 nescien-

129 2167 181 2195 tes
207 2166 242 2194 et
271 2159 359 2193 scire
384 2159 539 2193 volentes
557 2187 564 2193 .
594 2172 713 2207 regem
740 2159 925 2201 adierunt.
952 2170 1072 2205 preces
1097 2170 1137 2192 ac
1160 2158 1433 2204 supplicationes
1459 2172 1523 2205 pro
1549 2160 1644 2194 dicto

131 2217 437 2253 connestabulario
456 2216 638 2251 humiliter
654 2217 829 2251 faciendo.
850 2217 921 2250 Rex
941 2223 1059 2250 autem
1081 2228 1163 2249 eum
1185 2217 1440 2250 examinaverat
1462 2224 1496 2251 et
1514 2218 1644 2253 litteras

131 2289 220 2323 quas
239 2287 346 2309 manu
365 2287 427 2308 sua
443 2275 586 2320 propria
606 2275 811 2321 scripserat.
833 2275 947 2322 legere
966 2275 1107 2308 fecerat.
1130 2273 1199 2314 Qui
1219 2282 1469 2322 recognoverat
1493 2277 1646 2311 totaliter

132 2347 236 2369 suum
256 2334 402 2367 factum.
421 2333 492 2367 Rex
511 2334 615 2367 etiam
641 2346 703 2379 per
722 2340 902 2379 parentes.
927 2333 1147 2379 propinquos
1165 2339 1200 2366 et
1219 2333 1349 2366 amicos
1367 2333 1441 2379 ejus
1460 2334 1543 2369 fecit
1564 2348 1646 2370 eum

132 2393 351 2435 examinare.
374 2392 504 2438 quibus
524 2399 639 2425 totum
664 2392 796 2426 factum
817 2392 1032 2440 recognovit.
1056 2391 1126 2425 Rex
1153 2398 1290 2434 autem„
1313 2403 1398 2425 sano
1416 2393 1562 2427 consilio
1581 2395 1647 2428 ha-

134 2453 208 2487 bito
232 2458 268 2486 et
293 2451 566 2485 deliberatione.
596 2452 763 2485 omnibus
789 2451 910 2485 amicis
935 2450 1216 2497 supplicantibus
1239 2450 1435 2496 lacrymans
1463 2451 1647 2487 dicebatur

133 2509 354 2556 respondisse
372 2523 379 2543 2
402 2524 419 2541 «
434 2510 501 2543 Per
513 2509 688 2555 judicium
703 2517 862 2544 nostrum
877 2537 884 2543 .
903 2510 1037 2544 meritis
1051 2510 1122 2543 suis
1136 2509 1357 2557 exigentibus
1369 2536 1376 2550 .
1394 2521 1455 2544 vos
1473 2510 1646 2545 habebitis
