2137 3131
398 386 441 419 ll4
736 383 912 419 CORPUS
938 380 1268 417 CHRONICORUM
1298 380 1561 415 FLANDRIAE.

391 506 508 528 comcs
528 499 606 540 post
624 492 816 526 discessum
837 490 1124 524 Normannorum
1147 495 1182 522 et
1207 488 1483 522 devastationem
1506 489 1667 522 abbatiae
1686 487 1720 521 S.
1745 488 1893 522 Amandi
1907 515 1915 521 .

391 552 433 586 ad
452 549 713 585 restaurandam
730 549 840 594 ipsam
860 548 1055 589 abbatiam5
1076 547 1276 580 convocatis
1295 547 1467 593 episcopis
1483 547 1646 581 Fulberto
1661 546 1916 581 Cameracensi.

395 610 545 644 Rodulfo
566 608 807 649 Noviomensh
830 614 863 641 et
879 606 1068 640 abbatibus
1082 604 1260 647 Gcrardoff
1285 605 1542 639 Hildebrando.
1566 606 1739 639 Bcrncro.
1761 605 1916 639 ordinari

392 669 489 702 fecit:
517 674 547 700 ct
577 678 699 699 omncs
722 665 956 712 possessiones
978 664 1086 710 ipsius
1104 662 1266 696 abbatiae
1288 663 1351 709 ipsi
1375 664 1547 697 restituit.
1573 671 1604 697 et
1629 666 1772 710 insuper
1791 663 1836 697 de
1854 676 1918 697 sno

394 728 501 760 inulta
525 722 712 773 contulit.]

443 783 666 818 DCCCCLIV.
691 783 877 817 Lotharius
894 794 983 828 puer
1002 782 1116 815 factus
1130 788 1181 815 est
1201 793 1260 814 rex
1280 781 1506 815 Francorum.

441 842 667 876 DCCCCLYI.
692 842 790 875 Obiit
810 840 1003 875 Leudricus
1025 840 1145 874 abbas.
1170 839 1339 873 Genolfus
1358 840 1574 888 subrogatur
1593 842 1711 874 abbas.

446 900 673 935 DCCCCLXI.
702 900 798 934 Obiit
823 899 1037 941 Balduinusf
1065 899 1157 932 filius
1181 898 1330 932 Arnulfi.

443 957 728 1007 [DCCCCLXIV.
760 957 859 991 Obiit
880 969 998 991 comes
1023 957 1213 991 Arnulfus.
1244 955 1479 1005 marchisus]
1508 958 1697 995 Arnulfusq
1726 957 1816 991 filius
1843 958 1920 991 Bal—

394 1019 492 1051 ‹luini
511 1030 551 1051 cx
567 1016 753 1050 Mathilde.
777 1013 938 1064 regnat.]

445 1074 703 1110 DCCCCLXVI.
725 1074 911 1109 Lotharius
938 1086 995 1107 rex
1016 1074 1262 1116 Attrebatum,
1289 1074 1447 1108 Duacum
1461 1101 1469 1110 ,
1497 1074 1676 1107 abbatiam
1691 1074 1725 1108 S.
1748 1074 1916 1109 Amandi.

392 1143 422 1168 vt
445 1147 588 1168 omnem
606 1141 738 1167 terram
759 1145 873 1179 usque
891 1132 952 1166 Lis
970 1132 1115 1166 invadit.

444 1191 761 1242 [DCCCCLXVIII.
785 1192 954 1225 Arnulfus
973 1191 1099 1225 Junior
1118 1204 1263 1225 uxorem
1279 1191 1379 1225 duxit
1399 1192 1506 1226 filiam
1523 1192 1709 1240 Berengeri
1731 1192 1839 1239 regis.
1859 1192 1921 1225 Su-

394 1264 551 1286 sannam.

444 1249 708 1344 DCCCOLXIX.
735 1309 832 1344 Obiit
854 1308 1023 1343 Genolfus
1041 1309 1161 1343 abbas.

445 1367 722 1402 DCCCCLXXII.
746 1367 916 1401 Noclerus
936 1367 1122 1413 episcopus
1141 1366 1342 1401 Leodiensis
1363 1367 1413 1400 fit.

447 1425 726 1461 DCCCCLXXX.
749 1425 834 1459 Otto
852 1426 1046 1472 imperator
1063 1432 1097 1459 et
1119 1425 1307 1459 Lotharius
1329 1437 1389 1459 rex
1408 1426 1651 1471 pacificantur.

448 1483 767 1534 [DCCCCLXXXI.
794 1485 867 1518 Hoc
885 1497 980 1518 anno
998 1485 1223 1531 complentur
1241 1484 1335 1518 mille
1356 1484 1438 1518 anni
1458 1497 1478 1518 a
1497 1485 1677 1518 nativitate
1697 1484 1845 1527 Christi‚
1868 1498 1924 1518 se-

398 1544 557 1578 cundum
584 1543 765 1576 veritatem
792 1543 988 1591 Evangelii,
1019 1543 1081 1589 qui
1107 1542 1305 1577 secundum
1333 1543 1472 1589 cyclum
1497 1543 1652 1589 Dionysii
1674 1555 1768 1576 anno
1793 1543 1925 1577 abhinc

401 1603 566 1651 xigesimo
586 1602 701 1648 primo
720 1602 905 1635 finiuntur.
930 1601 1058 1648 Sicque
1072 1602 1108 1635 in
1127 1614 1221 1635 anno
1235 1601 1435 1636 dominicae
1453 1602 1622 1647 passionis
1635 1629 1642 1634 .
1666 1602 1801 1635 veritati
1816 1614 1924 1636 evan-

399 1663 529 1710 gelicae
548 1658 765 1710 confertur.]

450 1718 778 1753 DCCCCLXXXVI.
802 1719 900 1753 Obiit
921 1718 1120 1753 Lotharius.
1149 1716 1362 1766 [Hlodvicus
1384 1719 1476 1752 filius
1495 1716 1691 1767 succedit]

450 1777 796 1812 DCCCCLXXXYII.
816 1777 1015 1812 Ludovicus
1034 1790 1093 1812 rex
1113 1778 1211 1811 obiit.
1236 1778 1298 1811 Hic
1313 1779 1498 1826 progenies
1518 1777 1780 1824 praedictorum
1801 1790 1926 1825 regum

403 1837 446 1870 de
465 1837 574 1883 stirpe
593 1836 705 1870 Caroli
725 1836 843 1885 Magni
863 1849 1010 1885 regnare
1028 1837 1185 1870 cessavit.
1214 1833 1340 1884 [Hugo
1359 1836 1483 1882 Capest
1502 1836 1574 1870 dux
1593 1837 1668 1881 ejus
1688 1848 1838 1884 regnum
1860 1836 1926 1870 sibi

404 1895 570 1929 vindicat.
583 1892 597 1943 ]

452 1953 815 1988 DCCCCLXXXVIII.
841 1953 939 1988 Obiit
958 1954 1126 1988 Arnulfus
1147 1954 1284 1988 Junior.

453 2010 706 2061 [DCCCCXCI.
730 2012 879 2047 Sanctus
894 2012 999 2047 Odilo
1012 2041 1021 2055 7
1042 2019 1191 2060 quartus
1209 2014 1318 2047 abbas
1337 2013 1574 2048 Cluniacensis
1586 2040 1593 2046 .
1616 2014 1736 2047 claret.
1755 2013 1824 2054 Qui
1844 2025 1926 2046 cum

404 2070 724 2116 reprehenderetur
738 2071 836 2118 quod
851 2072 887 2105 in
902 2078 1086 2118 peccantes
1100 2071 1362 2106 misericordior
1371 2072 1469 2118 justo
1483 2084 1555 2105 esse
1574 2071 1753 2105 videretur
1765 2098 1772 2105 .
1789 2072 1816 2105 si
1831 2071 1928 2105 dam-

404 2129 544 2163 nandus
562 2142 659 2164 sum.
685 2130 819 2176 inquit,
844 2130 936 2164 malo
955 2130 1116 2164 damnari
1138 2130 1183 2164 de
1204 2130 1445 2165 misericordia
1463 2143 1571 2177 quam
1591 2130 1635 2164 de
1653 2128 1822 2179 duritia]

453 2186 718 2236 [DCCCCXCV.
750 2189 902 2223 Moritur
920 2189 1023 2238 Hugo
1042 2189 1149 2236 Capet
1168 2202 1240 2223 rex.
1264 2190 1439 2224 Robertus
1461 2190 1553 2224 filius
1572 2190 1647 2235 ejus
1665 2188 1861 2239 succedit.]

453 2246 712 2281 DCCCCXCVI.
740 2246 839 2281 Obiit
857 2247 1030 2282 WVirricus
1048 2248 1168 2282 abbas.

452 2304 747 2340 DCCCCXCVHI.
774 2307 952 2341 Robertus
973 2319 1035 2341 rex
1058 2314 1093 2341 et
1111 2319 1230 2341 comes
1250 2306 1443 2340 Balduinus
1462 2307 1676 2341 Laudunum
1697 2307 1923 2341 obsederunt.

453 2360 520 2412 [M.
545 2365 646 2398 Anno
661 2364 858 2399 dominicae
877 2365 1128 2400 incarnationis
1142 2365 1345 2409 millesimo7
1362 2365 1556 2399 indictione
1573 2365 1766 2399 tredecima
1778 2393 1785 2405 ,
1808 2372 1930 2412 epacta

405 2421 616 2456 duodecima
628 2450 636 2465 e
658 2430 892 2457 concurrente
910 2424 1025 2470 prima
1037 2451 1045 2467 a
1067 2424 1220 2458 termino
1239 2424 1394 2470 paschali
1413 2436 1525 2467 nono7
1547 2423 1613 2457 kal.
1638 2424 1764 2470 Aprilis
1782 2430 1928 2470 quarto„

403 2481 469 2515 kal.
502 2481 628 2527 Aprilis
653 2482 739 2516 feria
765 2489 880 2517 sexta.
912 2483 1172 2518 celebrantibus
1201 2483 1410 2517 christicolis
1432 2490 1672 2517 sacrosanctae
1696 2484 1866 2529 passionis
1891 2494 1932 2516 ac
