2137 3131
447 364 515 399 536
789 360 964 396 CORPUS
991 358 1250 394 CHROMCOR
1258 359 1320 392 UM
1350 358 1610 393 FLANDRIAE.

446 479 536 505 rent.
554 471 613 506 scd
635 484 653 504 a
673 469 886 516 quibusdam
908 469 1000 502 laicis
1019 467 1211 514 rcliogiosis
1230 467 1318 501 sacci
1340 466 1478 512 publice
1495 479 1557 512 per
1572 466 1697 500 urbem
1712 466 1870 512 quotidie
1884 468 1954 501 cir-

446 531 745 564 cumferclnintur.
763 535 797 561 ct
812 534 849 561 ut
865 526 1080 573 pauperibus
1099 525 1134 559 S.
1154 526 1293 559 Martini
1314 531 1561 559 succurrerent
1580 524 1809 566 clamabatur.
1825 525 1954 570 talique

445 587 600 622 subsidio
619 587 755 633 integro
769 597 862 618 anno
878 584 1104 618 transierunt.

499 644 652 678 1111131051ι
672 643 816 689 quidem
837 642 1039 676 adolescens
1058 642 1221 684 clericus.
1243 642 1385 675 nomine
1406 642 1558 683 [11111105.Δ
1577 640 1687 688 Sigeri
1702 640 1953 674 canonicorum

446 706 480 737 5.
509 704 635 737 Mariae
659 701 894 748 praecentoris
913 701 1022 744 filius.
1049 701 1176 734 relictis
1194 700 1410 734 secularibus
1434 700 1584 733 divitiis.
1611 712 1683 733 sese
1708 700 1772 732 illis
1791 699 1948 732 sociavit.

447 761 550 802 Quod
569 761 629 794 ubi
647 761 736 806 patri
754 760 829 805 ejus
852 759 1053 792 nuntiatum
1073 765 1141 801 est.
1163 759 1333 792 continuo
1351 758 1572 805 congregatis
1592 757 1800 804 propinquis
1819 757 1890 790 suis
1910 755 1955 790 ad

446 820 480 853 S.
501 820 690 853 Mai-tinum
706 817 920 851 furibundus
934 818 1047 860 venit,
1063 816 1320 850 adolescentem
1337 828 1399 862 per
1413 816 1555 861 capillos
1569 815 1830 862 apprehensum
1844 822 1957 848 terrae

446 885 659 925 prostratum
677 877 900 925 graviterque
925 888 1064 910 caesum
1078 903 1086 918 ·.
1113 875 1261 909 domum
1286 874 1437 909 reduxit.
1460 874 1628 920 Sequenti
1650 873 1727 918 die,
1756 873 1957 908 adolescens

446 937 532 970 dum
553 943 738 982 putaretur
756 935 800 969 ad
818 935 999 969 ecclesiam
1018 934 1053 968 S.
1076 934 1205 968 Mariae
1224 935 1291 975 ire.
1314 934 1437 967 furtim
1455 946 1491 967 se
1510 933 1712 967 subducens
1735 932 1779 966 ad
1801 932 1835 966 S.
1862 932 1957 966 Mar-

449 997 560 1029 tinum
583 994 703 1037 rediit7
724 993 784 1027 sed
805 1006 926 1027 rursus
944 1006 962 1026 a
983 999 1081 1038 patre
1104 1005 1167 1026 suo
1187 993 1357 1026 continuo
1382 991 1585 1034 reducitur.
1612 998 1647 1024 et
1668 992 1702 1024 in
1725 990 1956 1036 compedibus

448 1054 603 1099 ponitur.
634 1052 793 1099 Cumque
820 1052 887 1085 hoc
916 1052 1054 1097 saepius
1080 1051 1197 1093 fieret.
1227 1050 1448 1084 adolescente
1475 1050 1606 1084 scilicet
1631 1049 1676 1083 ad
1701 1049 1736 1083 S.
1767 1049 1957 1082 Martinum

447 1111 746 1158 quandocumque
761 1117 898 1156 poterat
912 1110 1089 1157 fugiente.
1108 1116 1142 1142 et
1158 1115 1255 1154 patre
1270 1121 1334 1142 suo
1350 1109 1511 1154 protinus
1525 1120 1606 1141 euni
1621 1107 1825 1150 reducente7
1843 1108 1959 1141 conti-

448 1171 499 1218 git
511 1170 758 1215 Haymericum
770 1196 778 1201 .
802 1168 1074 1214 Aquicinensem
1093 1167 1274 1209 abbatem.
1299 1167 1500 1200 'fornacum
1520 1167 1652 1199 venisse
1665 1193 1673 1209 7
1696 1166 1741 1200 ad
1759 1165 1959 1200 invisendos

448 1236 482 1263 et
499 1227 750 1263 confortandos
765 1239 935 1272 pauperes
949 1226 1037 1259 illos.
1061 1225 1175 1266 Quem
1192 1238 1272 1259 cum
1290 1224 1368 1259 Odo
1384 1225 1581 1259 consuleret
1598 1224 1685 1270 quid
1699 1225 1764 1258 sibi
1782 1223 1960 1272 agendum

449 1290 536 1322 foret
559 1299 664 1333 super
683 1286 903 1320 adolescente
920 1285 979 1318 1110
992 1312 1000 1326 .-
1023 1285 1083 1331 qui
1104 1284 1264 1331 quotidie
1286 1298 1305 1318 a
1321 1291 1420 1330 patre
1438 1296 1502 1317 suo
1521 1284 1691 1317 violenter
1710 1282 1957 1325 reducebatur.

450 1347 610 1392 protinus
634 1345 758 1387 abbas7
781 1351 820 1377 ut
837 1345 890 1377 vir
907 1344 1063 1389 sapiens.
1085 1344 1300 1389 competenti
1319 1349 1500 1388 comperta
1519 1342 1700 1376 occasione
1724 1343 1760 1375 in
1783 1341 1840 1385 id7
1862 1341 1960 1388 quod

450 1413 530 1439 ante
556 1404 780 1446 moliebatur,
802 1403 936 1448 erupit.
964 1402 1084 1436 dicens
1105 1416 1110 1435 :
1146 1417 1163 1432 κ
1183 1402 1290 1445 Vere.
1318 1402 1410 1435 bone
1438 1402 1623 1449 magister.
1652 1400 1746 1434 idem
1765 1401 1863 1434 vobis
1887 1413 1960 1434 non

451 1464 564 1497 solum
584 1462 628 1496 de
646 1462 712 1495 isto
727 1461 874 1507 juvene.
902 1460 962 1494 sed
979 1461 1083 1494 etiam
1102 1460 1146 1494 de
1165 1460 1240 1493 aliis
1262 1460 1429 1493 fratribus
1448 1459 1570 1493 vestris
1588 1459 1787 1506 continget,
1804 1459 1869 1492 nisi
1887 1471 1961 1492 mo-

451 1522 553 1556 nachi
581 1520 791 1554 efficiamini.
826 1519 929 1552 Juxta
956 1519 1082 1552 urbem
1108 1519 1202 1552 euim
1234 1518 1398 1552 habitatis
1423 1525 1458 1551 et
1482 1518 1606 1551 fratres
1633 1517 1737 1550 vestri
1758 1517 1917 1562 juniores
1941 1529 1962 1550 a

452 1580 668 1614 secularibus
693 1578 825 1612 clericis
851 1578 922 1611 suis
946 1577 1047 1611 sociis
1073 1576 1210 1622 decepti
1238 1576 1283 1610 ad
1310 1577 1468 1610 seculum
1492 1575 1727 1614 reducentur.
1758 1576 1840 1622 quia
1869 1587 1962 1609 unus

452 1638 617 1684 idemque
642 1644 753 1671 vester
780 1644 813 1670 et
841 1637 999 1682 ipsorum
1028 1643 1079 1669 est
1105 1636 1260 1669 habitus.
1287 1635 1321 1669 Si
1347 1642 1465 1669 auten]
1493 1635 1657 1668 monachi
1684 1635 1820 1678 essetis7
1842 1640 1961 1680 postea

454 1697 497 1731 de
524 1697 645 1730 vestris
664 1697 801 1729 nullum
826 1702 1002 1729 tentarent
1029 1694 1209 1728 reducere.
1238 1694 1415 1734 Quoniam
1440 1700 1556 1727 tamen
1586 1693 1841 1727 monachorum
1861 1693 1962 1741 niger

451 1757 495 1789 sit
512 1756 675 1789 habitus.
703 1754 911 1788 clericorum
935 1765 1017 1787 vero
1042 1752 1233 1795 candidus.
1266 1758 1363 1786 tanto
1392 1752 1531 1786 horrori
1557 1751 1673 1785 clerici
1699 1751 1833 1785 habent
1857 1751 1961 1785 habi-

452 1822 527 1848 tum
554 1813 808 1847 monachorum
823 1839 830 1846 .
856 1818 895 1845 ut
917 1824 1025 1858 quem
1043 1811 1150 1845 semel
1168 1810 1321 1844 viderint
1345 1810 1561 1844 monachum
1585 1822 1768 1856 nunquam
1796 1809 1962 1856 deinceps

451 1873 644 1921 dignentur
662 1871 790 1905 habere
809 1871 956 1904 socium.
980 1869 1169 1903 Considera
1188 1870 1293 1903 etiam
1312 1868 1411 1915 quod
1430 1869 1568 1902 mollior
1585 1875 1619 1902 et
1634 1869 1810 1902 remissior
1828 1869 1873 1902 sit
1890 1869 1960 1902 vita

452 1932 677 1973 clericorum.
700 1930 802 1963 etiam
823 1929 1030 1977 regulariter
1047 1928 1241 1962 viventium
1254 1955 1262 1971 ·.
1285 1928 1418 1974 quippe
1436 1940 1517 1962 cum
1538 1927 1636 1961 lineis
1655 1926 1862 1971 induantur7
1884 1939 1962 1961 car-

453 1991 556 2024 nibus
574 1990 777 2035 frequenter
796 1994 998 2030 vescantur.
1024 1987 1120 2021 festis
1144 1986 1270 2020 diebus
1297 1999 1367 2020 non
1391 1987 1455 2020 11151
1475 1987 1507 2019 ix
1528 1986 1693 2020 lectiones
1717 1986 1846 2033 legant.
1873 1985 1962 2019 Cum

452 2062 536 2097 ergo
558 2056 597 2082 tu
616 2049 771 2082 famosus
793 2048 926 2093 ubique
944 2053 979 2080 et
1000 2046 1146 2080 celebris
1164 2046 1325 2079 habearis
1343 2052 1377 2078 et
1396 2045 1513 2079 seculo
1532 2045 1787 2078 renuntiaveris
1799 2071 1807 2087 ‚
1828 2045 1856 2078 si
1875 2043 1963 2077 mihi

453 2107 594 2141 credere
608 2107 711 2141 velles
721 2134 729 2149 7
750 2106 861 2154 magis
876 2105 1095 2139 consulerem
1110 2104 1173 2138 tibi
1189 2104 1394 2150 clericisque
1408 2104 1477 2137 tuis
1493 2103 1695 2151 rigidiorem
1716 2115 1824 2149 quam
1838 2103 1964 2136 remis—

454 2167 579 2199 siorem
601 2171 762 2211 expetere
785 2163 958 2198 ordinem.
983 2178 1000 2194 »
1024 2163 1083 2196 Η15
1101 2162 1236 2196 abbatis
1256 2162 1498 2208 Aquicinensis
1521 2161 1808 2208 persuasionibus
1833 2161 1964 2209 magis-

454 2231 506 2257 ter
531 2223 609 2257 Odo
637 2223 811 2256 animatus
838 2224 950 2255 socios
976 2227 1118 2263 evocat,
1144 2220 1280 2254 abbatis
1302 2220 1488 2254 consilium
1515 2226 1653 2262 narrat,
1680 2231 1963 2265 consensumque

453 2295 576 2315 eorum
595 2294 699 2327 super
719 2282 787 2315 1100
802 2280 1011 2327 expostulat.
1034 2279 1200 2313 Protinus
1219 2278 1321 2313 dictis
1341 2279 1416 2325 ejus
1430 2279 1655 2313 consentiunt
1672 2285 1707 2311 et
1721 2290 1764 2311 ne
1783 2278 1827 2311 ab
1845 2277 1964 2323 aliquo

455 2341 481 2373 51
501 2339 702 2373 differretur
728 2339 836 2373 averti
857 2345 973 2384 posset
986 2365 994 2381 .
1016 2338 1180 2372 abbatem
1200 2337 1397 2383 praefatum
1425 2349 1463 2370 ea
1485 2343 1586 2370 nocte
1609 2336 1656 2370 ibi
1682 2348 1824 2370 manere
1841 2335 1964 2380 depos—

496 2466 502 2483 ¹
527 2466 705 2492 Herimannus
715 2487 721 2497 .
736 2467 747 2501 ᾗ
760 2466 804 2492 58.
