2137 3131
467 381 536 416 620
814 378 988 415 CORPUS
1014 377 1342 412 CHRONICORUM
1370 377 1634 412 FLANDRIAE.

468 501 613 523 norum.
635 487 732 533 quod
747 486 934 520 Conannus
951 497 1057 531 quem
1078 485 1141 517 iste
1160 483 1351 526 Maximus.
1370 496 1427 517 rex
1444 484 1662 527 Britanniae.
1684 485 1840 530 primum
1859 497 1976 533 regem

467 547 593 580 creavit
614 547 647 578 in
667 545 846 578 ‚trmorico
866 554 974 590 regno
987 569 995 585 .
1017 541 1112 588 quod
1138 554 1232 575 nunc
1252 542 1430 575 Britannia
1449 541 1597 585 dicitur,
1619 543 1654 576 in
1674 555 1819 576 uxorem
1839 543 1978 589 petierit

469 604 645 638 Ursulam.
672 603 776 635 filiam
796 601 933 635 Dionoti
947 627 955 643 .
981 600 1073 647 regis
1092 600 1306 642 Cornubiae.
1329 612 1440 646 quum
1463 601 1566 634 etiam
1593 607 1677 634 tunc
1696 601 1840 634 Galliam
1859 600 1978 634 devas—

469 669 557 696 taret
579 661 747 694 Maximus
770 660 832 693 toti
853 659 1053 692 Britanniae
1075 658 1253 704 pracfecit.
1278 657 1330 691 Ad
1352 658 1493 691 Ursulac
1512 671 1593 692 vero
1607 659 1808 692 societatem
1828 670 1979 706 congre-

467 727 544 767 gata
566 719 710 752 fuerunt
724 718 899 764 virginum
921 717 952 762 xj
974 717 1091 750 millia.
1114 716 1181 749 Sed
1197 728 1278 749 cum
1294 716 1370 749 illac
1388 717 1540 764 virgines
1560 716 1603 750 ad
1620 716 1828 763 replendum
1852 719 1979 751 Armo-

466 779 576 812 ricum
594 789 741 823 regnum
753 775 1061 821 aequoreoitinere
1074 774 1347 817 destinarentur.
1365 774 1450 808 aliae
1459 775 1678 817 submersae.
1691 775 1777 808 aliae
1787 774 1976 821 dispersae.

466 836 551 870 aliae
577 848 594 869 a
620 835 777 869 barbaris
801 841 942 868 necatae
965 840 1059 867 sunt.
1090 833 1249 873 Quarum
1275 846 1438 881 magnam
1461 833 1726 867 multitudinem
1753 840 1981 880 peremerunt.

467 894 688 935 Guwannus7
715 905 773 926 rex
800 892 1006 935 Hunorum.
1040 898 1073 925 et
1096 891 1208 939 Melga
1229 891 1431 934 Pictorum.
1461 903 1550 937 quos
1574 891 1760 925 Gratianus
1789 892 1981 938 imperator

468 959 589 986 contra
613 951 810 998 praefatum
831 951 1023 985 Maximum
1043 951 1171 998 legitur
1189 949 1392 984 destinasse.
1420 950 1492 983 Hoc
1516 962 1600 998 ergo
1623 957 1783 996 tempore
1811 951 1844 996 xj
1873 950 1981 984 millia

470 1011 646 1058 virginum
664 1010 916 1051 annotarem.si
936 1022 1006 1043 non
1028 1009 1062 1042 in
1082 1009 1257 1043 chronicis
1275 1009 1341 1043 sub
1363 1009 1537 1042 Marriano
1556 1015 1698 1042 necatae
1716 1009 1929 1056 legerentur.

512 1069 691 1103 Johannes
716 1068 928 1102 anachoreta
955 1068 1062 1101 claret
1089 1067 1122 1100 in
1150 1068 1308 1115 Aegypto
1333 1067 1516 1101 sanctitate
1541 1074 1576 1101 et
1601 1067 1726 1113 spiritu
1754 1067 1974 1113 prophetiae.

466 1127 695 1162 Sacerdotum
718 1126 874 1172 synodus
889 1126 1191 1172 Constantinopoli
1206 1133 1442 1174 congregatur
1453 1126 1519 1159 sub
1535 1126 1852 1172 Damastubente
1867 1126 1980 1160 Theo-

466 1187 587 1228 dosiog,
603 1198 694 1232 quae
713 1185 959 1219 condemnavit
975 1184 1221 1219 Macedonium
1237 1191 1424 1232 negantem
1445 1184 1615 1230 Spiritum
1633 1184 1802 1218 Sanctum
1820 1196 1893 1218 esse
1908 1184 1980 1218 Do-

467 1247 622 1287 minumg
648 1245 683 1278 in
705 1245 770 1278 hac
797 1257 816 1278 a
838 1244 890 1277 CL
915 1244 1086 1290 episcopis
1114 1250 1183 1277 tres
1205 1256 1356 1277 canones
1377 1244 1664 1286 conscribuntur.
1696 1249 1731 1277 et
1752 1243 1979 1277 constituitur

467 1302 894 1348 Constantinopolitanum
914 1308 992 1348 post
1007 1302 1206 1335 Romanum
1226 1301 1430 1347 pontificem
1454 1301 1584 1334 habere
1602 1301 1837 1349 privilegium.
1861 1300 1980 1335 Theo-

468 1363 587 1398 dosius
614 1361 944 1403 christianissimus.
975 1360 1083 1406 pulsis
1111 1360 1295 1393 haereticis
1320 1366 1355 1393 et
1381 1359 1561 1393 catholicis
1591 1359 1635 1393 ab
1657 1359 1758 1393 exilio
1783 1359 1952 1393 revocatis
1968 1386 1977 1403 ‚

466 1420 641 1468 synodum
666 1418 761 1465 apud
784 1418 1028 1452 Alexandriam
1049 1419 1295 1466 congregavit.
1318 1424 1394 1452 orta
1416 1418 1641 1452 contentione
1660 1430 1701 1451 ex
1720 1417 1880 1452 doctrina
1897 1417 1980 1452 Ori-

468 1480 587 1528 genisg
609 1479 709 1524 cujus
727 1478 897 1511 sententia
916 1478 981 1511 fuit
993 1505 1001 1520 7
1024 1484 1110 1511 teste
1130 1478 1302 1523 Prospero
1316 1504 1324 1520 a
1341 1483 1381 1510 ut
1395 1483 1490 1510 extra
1506 1477 1685 1511 ecclesiam
1700 1477 1799 1510 fieret
1812 1477 1980 1523 quicum-

467 1551 537 1585 que
553 1537 714 1585 Origenis
724 1549 830 1582 opera
846 1537 1073 1582 probavisset.
1088 1536 1305 1583 Augustinus
1319 1548 1381 1582 per
1393 1535 1618 1569 Ambrosium
1633 1547 1835 1579 conversus.
1851 1536 1980 1571 relictis

468 1597 613 1639 scholis.
635 1595 843 1641 baptizatur.
865 1594 1019 1641 Syricius
1037 1607 1127 1640 papa
1146 1607 1189 1627 xv
1208 1595 1307 1628 annis
1322 1594 1485 1628 ecclesiae
1504 1594 1668 1640 praefuit.
1690 1594 1752 1628 Hic
1771 1594 1927 1629 decrevit
1939 1602 1980 1630 ut

467 1655 685 1701 quicumque
720 1653 860 1699 publice
887 1653 1070 1698 poenitens
1090 1679 1099 1695 ,
1127 1653 1346 1699 quicumque
1380 1652 1568 1700 bigamus.
1601 1652 1820 1699 quicumque
1851 1652 1979 1688 viduae

468 1713 614 1747 maritus
633 1712 759 1754 fuerit.
780 1711 944 1757 adempta
967 1712 1063 1745 omni
1085 1723 1146 1757 spe
1166 1711 1399 1757 promotionis
1416 1738 1424 1754 7
1446 1711 1481 1744 in
1503 1723 1544 1745 eo
1563 1723 1635 1757 quo
1657 1711 1835 1745 invenitur
1854 1712 1980 1748 ordine

467 1777 637 1818 perpetua
655 1770 841 1804 stabilitate
860 1777 1076 1816 permaneat.

515 1830 688 1863 Maximus
707 1828 872 1874 Aquileae
893 1841 912 1862 a
931 1828 1131 1862 Theodosio
1150 1828 1186 1861 in
1206 1828 1298 1862 bello
1320 1828 1520 1874 perimitur.
1543 1828 1749 1862 Ambrosius
1766 1829 1979 1876 antiphonas

467 1900 591 1922 canere
615 1887 766 1920 instituit
782 1913 790 1929 7
818 1886 915 1933 quod
934 1887 1056 1920 beatus
1080 1887 1256 1934 lgnatius,
1284 1898 1366 1920 cuin
1390 1887 1531 1934 angelos
1550 1899 1613 1933 per
1630 1887 1842 1933 antiphonas
1865 1888 1977 1922 Deum

466 1946 608 1981 laudare
621 1945 788 1988 audisset,
810 1945 993 1979 Antiochia
1006 1946 1140 1992 primus
1154 1945 1296 1991 incepit.
1315 1945 1405 1979 Nota
1424 1944 1522 1992 quod
1542 1944 1635 1979 idem
1654 1946 1811 1993 lgnatius
1830 1946 1866 1979 in
1887 1959 1978 1993 qua—

466 2004 548 2039 dam
564 2004 707 2050 epistola
723 2003 801 2037 sua¹
818 2010 853 2037 et
868 2004 1015 2037 Paulum
1033 2004 1233 2050 apostolum
1248 2010 1436 2038 uxoratum
1449 2003 1556 2047 dixit7
1573 2010 1608 2037 et
1622 2004 1801 2038 Danielem
1814 2005 1860 2051 xij
1870 2017 1978 2040 anno-

467 2075 560 2106 rum7
577 2061 721 2108 quando
737 2062 931 2096 Susannam
947 2062 1105 2096 liberavit
1120 2063 1186 2096 sub
1202 2062 1394 2106 Balthasar.
1413 2062 1538 2096 ultimo
1552 2074 1634 2110 rege
1650 2062 1857 2109 Babylonis,
1879 2063 1978 2110 quod

466 2134 509 2155 an
528 2127 619 2155 stare
638 2121 747 2167 possit
764 2120 900 2167 judicet
918 2121 980 2167 qui
1003 2122 1271 2166 consequentias
1290 2121 1387 2155 novit
1405 2121 1572 2155 historiae
1589 2121 1715 2154 veteris
1727 2148 1735 2164 ·.
1757 2133 1838 2155 cum
1857 2121 1978 2156 Daniel

465 2186 588 2225 captus
607 2180 651 2212 sit
669 2179 735 2212 sub
754 2179 1085 2213 Nabuchodonosor
1103 2191 1247 2227 magno.

515 2236 726 2271 Claudianus
741 2244 843 2283 poeta
864 2237 995 2271 Romae
1013 2237 1121 2271 claret
1138 2244 1173 2271 et.
1188 2236 1403 2271 Prudentius
1418 2243 1523 2283 poeta
1544 2237 1579 2270 in
1595 2237 1773 2283 Hispania.
1796 2237 1910 2284 Caput
1922 2238 1980 2273 Jo-

467 2294 592 2328 haunis
607 2295 780 2340 Baptistae
800 2307 818 2328 a
837 2295 1037 2329 Theodosio
1053 2295 1394 2341 Constantinopolim
1409 2295 1638 2339 transfertur.
1652 2294 1750 2342 quod
1760 2295 1843 2330 olim
1853 2295 1979 2330 Valens

466 2353 657 2399 imperator
673 2365 755 2387 cum
773 2353 963 2388 transferre
976 2354 1099 2397 vellet,
1118 2353 1321 2388 vehiculum
1340 2366 1412 2401 quo
1434 2354 1642 2400 portabatur
1661 2354 1794 2388 moveri
1818 2366 1890 2388 non
1910 2366 1977 2401 po-

506 2480 514 2498 l
536 2481 611 2516 Quae
624 2486 665 2508 est.
677 2482 843 2518 apocrypha.
