2137 3131
505 427 575 462 6814
841 424 1015 459 CORPUS
1041 422 1377 458 CHRONICORUM
1405 423 1670 458 FLANDRIAE.

507 535 591 569 «lum
612 535 694 567 alios
711 532 882 579 quosdam
902 531 1053 565 Johanni
1074 542 1204 576 papae,
1226 530 1326 575 cujus
1344 537 1504 576 tempore
1523 537 1558 564 et
1576 531 1746 565 Heni-icus
1764 532 1852 566 obiit
1871 538 1906 567 et
1925 533 2019 568 Con-

510 593 611 627 radus
626 592 832 625 sublimatus
848 597 916 633 est,
933 589 1090 623 succedit
1104 588 1314 622 Benedictus
1332 589 1619 635 Theophylactus
1638 590 1738 624 annis
1752 590 1923 624 tredecim
1937 618 1945 634 ,
1963 593 2019 626 cui

507 652 676 697 ¹sylvester
691 649 764 683 dies
782 649 846 694 lvj,
865 649 919 683 cui
936 648 1126 696 Gregorius
1140 648 1287 694 quintus
1304 647 1409 693 liujus
1426 649 1577 682 nominis
1590 676 1598 692 ,
1616 649 1677 695 qui
1692 655 1726 682 et
1739 649 1918 683 «Iohannes
1932 649 2020 683 Gra-

508 711 639 746 tianus,
667 708 765 741 annis
789 707 930 741 duobus
951 713 985 740 et
1008 706 1176 749 dimidie,
1204 707 1255 739 vir
1280 718 1428 753 magnae
1453 707 1630 754 religionis
1652 714 1687 741 et
1706 708 1928 741 sinceritatis.
1950 707 2019 741 Iste

505 767 705 813 Gregorius,
724 772 865 812 rogatus
879 765 922 798 ab
941 765 1090 798 Henrieo
1109 764 1320 809 imperatore
1338 763 1563 798 W⁷andelicos
1581 772 1825 812 expugnante,
1846 771 2020 812 quatenus

504 825 606 871 regiis
619 824 776 869 expensis
786 823 991 868 exstirparet
1006 823 1269 868 perturbatores
1283 822 1496 867 reipublicae
1506 829 1541 855 et
1556 822 1784 866 latrunculos,
1800 823 1861 869 qui
1873 830 1958 857 tunc
1970 823 2020 856 in—

507 883 730 916 tolerabiliter
748 882 930 915 thesauros
952 882 1193 929 emungebant
1219 880 1489 923 ecclesiasticos,
1511 888 1546 914 et
1566 882 1770 929 peregrinos
1793 881 2021 916 adventantes

506 940 747 983 trucidabant,
771 940 992 973 miseratione
1014 939 1160 983 ductus,
1183 939 1298 985 primo
1325 940 1519 985 spirituali,
1541 939 1671 974 deinde
1692 940 1809 988 gladio
1829 940 2017 983 materiali,

504 1012 560 1031 eos
575 1005 715 1031 strenue
735 999 938 1040 coercebat,
961 1005 1000 1032 ut
1018 1010 1139 1044 pacem
1160 998 1297 1031 firmam
1313 998 1466 1031 ecclesiis
1482 1005 1517 1031 et
1536 998 1759 1032 securitatem
1777 998 2020 1033 omnimodam

504 1057 695 1104 peregrinis
710 1057 936 1098 ref01·n1aret;
958 1069 1064 1103 super
1081 1069 1153 1103 quo
1170 1057 1205 1090 in
1226 1057 1390 1090 extremis
1405 1057 1510 1090 ctiam
1530 1069 1548 1090 a
1569 1056 1806 1091 cardinalibus
1825 1057 1924 1104 quasi
1943 1069 2020 1091 san-

502 1115 617 1162 guinis
641 1128 720 1149 rcus
744 1122 947 1157 accusatus,
975 1128 1055 1149 cum
1076 1128 1111 1149 se
1133 1116 1303 1149 sermonis
1323 1116 1457 1149 ratione
1475 1115 1686 1149 validissima
1705 1115 1890 1150 affluenter
1912 1128 2020 1150 excu-

503 1179 624 1216 sasset,
638 1173 742 1218 jussit
755 1174 900 1219 insuper
909 1174 991 1220 quia
1008 1174 1184 1207 miraculis
1198 1186 1305 1220 quam
1320 1174 1542 1207 sermonibus
1554 1174 1672 1219 potius
1682 1173 1900 1207 credendum
1915 1180 2017 1218 esset,

505 1238 542 1263 nt
560 1243 640 1264 cum
668 1232 830 1277 spiritum
853 1232 1020 1275 efflasset,
1047 1233 1177 1266 feretro
1201 1232 1443 1278 superpositus
1465 1239 1545 1266 ante
1568 1232 1699 1266 ostium
1722 1233 1845 1279 templi
1865 1232 1900 1266 S.
1926 1232 2020 1266 Petri

503 1289 709 1323 firmissimis
723 1290 923 1323 obseratum
941 1291 1116 1338 repagulis
1133 1291 1326 1333 sisteretur,
1348 1297 1523 1336 quatenus
1537 1290 1563 1323 si
1579 1303 1752 1336 paparum
1768 1290 1945 1324 consortio
1963 1289 2021 1324 di-

504 1360 593 1396 ¹gnus
613 1349 816 1391 haberetur,
837 1350 921 1383 seris
936 1350 1123 1383 confractis
1140 1349 1257 1383 divina
1272 1350 1383 1382 virtus
1401 1348 1622 1391 ostenderet3
1645 1349 1742 1395 quod
1757 1356 1792 1383 et
1806 1349 1938 1383 factum
1953 1355 2016 1383 est.

504 1408 690 1455 Repagulis
710 1420 836 1453 nempe
854 1408 1053 1441 vehementi
1069 1408 1246 1441 concussis
1266 1408 1427 1451 turbine,
1450 1414 1484 1441 et
1503 1407 1711 1453 suspicionis
1726 1414 1809 1441 nota
1828 1407 1968 1441 exuitur
1986 1413 2021 1441 et

506 1466 596 1499 inter
621 1466 850 1511 apostolicos,
876 1472 917 1499 ut
939 1466 1085 1508 meruit,
1114 1465 1220 1514 digne
1245 1465 1423 1511 sepelitur.
1447 1466 1534 1499 Ecce
1560 1478 1667 1511 quam
1691 1465 1824 1499 clarum
1848 1472 1883 1499 et
1911 1477 2019 1512 quam

505 1524 651 1572 dignum
669 1525 777 1558 relatu
795 1524 1021 1558 miraculum!
1045 1525 1247 1572 Sigebertus
1266 1531 1300 1558 et
1318 1537 1399 1558 eum
1419 1530 1605 1570 sequentes
1624 1524 1838 1567 omiserunt⁷
1855 1524 1917 1570 qui
1937 1523 2021 1570 quia

505 1584 609 1628 hujus
633 1583 789 1630 Gregorii
812 1584 1027 1617 mentionem
1047 1595 1119 1617 non
1145 1584 1237 1631 egit,
1259 1583 1366 1628 hujus
1386 1595 1457 1616 non
1479 1582 1596 1630 attigit
1618 1582 1810 1616 novitatem
1838 1582 2017 1625 miraculi,

504 1640 600 1687 quod
620 1641 721 1686 plane
740 1641 830 1674 inter
854 1648 989 1675 caetera
1008 1641 1154 1674 minime
1177 1640 1357 1687 expediret
1375 1640 1544 1674 omisisse.
1566 1640 1689 1686 Itaque
1708 1639 1753 1674 ad
1776 1639 1938 1674 ordinem
1962 1653 2019 1674 re-

504 1699 669 1742 deamus,
696 1700 750 1733 isti
774 1699 942 1747 Gregorio
964 1698 1172 1733 Benedictus
1195 1699 1334 1732 invasor
1352 1705 1386 1732 et
1408 1698 1566 1732 Clemens
1590 1698 1758 1732 canonice
1779 1698 1911 1732 electus
1932 1699 2018 1733 sub—

504 1758 699 1791 stituuntur
711 1785 719 1800 ,
741 1765 820 1803 post
838 1770 927 1804 quos
946 1758 1069 1804 Poppo
1082 1785 1090 1799 ,
1107 1758 1168 1804 qui
1187 1764 1221 1791 et
1235 1758 1423 1799 Damasus,
1441 1769 1530 1802 papa
1549 1755 1724 1802 praesidet
1742 1756 1842 1790 annis
1860 1756 2014 1791 duobus.

505 1816 634 1859 Odilio,
658 1816 765 1850 abbas
789 1816 1040 1858 Cluniacensis,
1062 1815 1229 1849 dormivit
1247 1815 1283 1848 in
1304 1815 1470 1849 Domino.
1495 1815 1573 1848 Fuit
1595 1815 1661 1848 isto
1684 1821 1844 1860 tempore
1865 1815 1899 1848 in
1924 1815 2017 1850 Nor-

507 1875 644 1908 mannia
669 1875 794 1908 mulier
819 1875 863 1908 ab
888 1875 1055 1908 umbilico
1079 1887 1219 1908 sursum
1245 1874 1403 1922 gemina,
1428 1873 1528 1919 cujus
1552 1886 1623 1907 una
1644 1885 1725 1919 pars
1743 1873 1841 1907 alteri
1865 1874 2017 1909 triennio

502 1933 704 1978 supervixit.
738 1933 878 1974 Bruno,
906 1934 1144 1967 sanctissimus
1170 1933 1402 1967 consobrinus
1434 1931 1585 1966 Conradi
1611 1932 1852 1978 imperatoris,
1878 1933 2017 1967 civitate

504 1991 719 2035 Leucorum,
749 2004 840 2038 quae
866 1992 933 2026 alio
957 1992 1100 2025 nomine
1124 1992 1246 2025 Tullus
1271 1991 1421 2034 dicitur,
1452 1991 1638 2037 episcopus
1664 2003 1829 2024 romanae
1853 1991 2016 2025 ecclesiae

503 2049 676 2095 praesidet
690 2051 790 2083 annis
804 2063 836 2084 v.
855 2051 974 2084 Bruno
994 2050 1109 2084 dictus
1127 2057 1179 2084 est
1196 2051 1283 2093 Leo,
1305 2049 1503 2084 secundum
1525 2049 1698 2096 quosdam
1712 2077 1721 2093 ,
1742 2049 1895 2083 nominis
1910 2049 2018 2096 hujus

502 2120 591 2153 papa
606 2120 736 2151 nonus,
758 2109 819 2155 qui
839 2115 956 2142 tamen
974 2109 1157 2154 perspicue
1172 2107 1331 2142 decimus
1348 2108 1539 2141 invenitur.
1557 2107 1625 2141 Iste
1645 2106 1864 2141 ordinandus
1883 2107 2018 2141 audivit

502 2167 706 2213 angelorum
726 2180 826 2201 voces
845 2168 879 2201 in
899 2167 996 2201 coelo
1016 2167 1216 2201 canentium
1235 2180 1241 2200 :
1260 2167 1356 2200 Dicit
1373 2166 1551 2200 Dominus
1566 2178 1575 2196 .·
1591 2165 1667 2212 Ego
1680 2168 1786 2213 coqito
1798 2167 2018 2212 coyitatz'ones

497 2227 614 2270 pacis,
634 2232 700 2258 etc.
722 2226 784 2259 Hic
802 2238 882 2259 cum
899 2226 1076 2272 leprosum
1095 2224 1362 2259 refocillandum
1384 2225 1418 2258 in
1438 2237 1502 2258 suo
1525 2224 1614 2258 lecto
1629 2224 1848 2268 collocasset,
1870 2231 1905 2258 et
1922 2236 2017 2258 rese-

505 2289 576 2315 rato
595 2284 683 2317 ostio
702 2296 783 2317 eum
804 2297 873 2317 non
894 2285 1098 2328 invenisset,
1123 2284 1159 2317 in
1178 2296 1332 2330 paupere
1353 2296 1388 2317 se
1404 2283 1582 2317 Christum
1603 2283 1795 2329 suscepisse
1816 2283 2013 2329 obstupuit.

552 2342 651 2374 Anno
671 2341 767 2375 MLII
781 2369 789 2385 ,
809 2348 949 2376 sanetus
969 2342 995 2375 T
1000 2341 1154 2385 ibaldus,
1172 2342 1216 2388 xij
1237 2342 1473 2376 conversionis
1492 2353 1605 2384 anno,
1629 2341 1806 2375 miraculis
1825 2341 1939 2375 clarus
1959 2353 2016 2375 re-

504 2399 647 2443 quievit.
665 2400 733 2433 Leo
747 2412 836 2446 papa
850 2401 1072 2435 Normannos
1089 2413 1109 2434 a
1122 2401 1363 2435 Romanorum
1380 2400 1509 2433 finibus
1523 2398 1714 2433 deturbare
1733 2405 1912 2447 satagens,
1932 2411 2012 2433 cum

506 2458 622 2491 multis
640 2458 743 2492 etiam
762 2459 835 2504 ipse
853 2459 1008 2505 capitur,
1024 2459 1085 2493 sed
1104 2466 1223 2493 tamen
1237 2459 1383 2493 relaxari
1402 2458 1516 2492 noluit
1534 2457 1599 2491 nisi
1613 2458 1684 2491 suis
1703 2458 1868 2492 omnibus
1887 2457 2016 2491 relaxa-

506 2514 558 2547 tis.
587 2516 725 2549 Francia
749 2517 914 2550 turbatur
936 2529 998 2562 per
1024 2517 1275 2565 Berengarium
1303 2517 1330 2550 T
1334 2528 1544 2550 uronensem
1565 2543 1573 2558 ,
1602 2515 1664 2561 qui
1690 2514 1830 2550 dicebat
1852 2514 1950 2562 quod
1973 2515 2009 2549 in
