2137 3131
450 367 519 401 368
789 365 964 401 CORPUS
991 362 1320 398 CHRONICORUM
1349 361 1539 395 FLANDRI
1548 362 1610 394 ΑΕ.

862 472 933 505 Nec
951 477 1026 504 erat
1044 471 1232 516 quisquam
1254 482 1399 504 securus
1412 498 1419 503 .

865 530 1007 563 Juvenis
1026 529 1096 562 sive
1116 535 1288 563 maturus.

864 589 903 621 Et
922 588 1058 621 affirmo
1076 587 1174 634 quod
1188 587 1335 632 juvenes

865 646 947 679 Plus
965 645 1183 680 decedebant
1202 658 1308 692 quain
1328 659 1438 681 senes.

767 767 837 802 225
913 767 1007 800 Mors
1026 779 1133 813 super
1152 767 1281 801 multos
1300 768 1413 801 irruit.

864 825 995 868 Crede,
1018 826 1045 858 si
1063 825 1131 869 vis7
1154 825 1200 858 ita
1220 826 1305 868 fuit,

864 884 944 917 Sani
964 890 1057 918 certe
1076 883 1145 917 hoc
1163 883 1321 917 videntes

863 942 969 983 Quod
988 949 1088 976 erant
1109 943 1156 976 sic
1176 943 1382 976 morientes.

866 1004 947 1038 Sine
965 1016 1063 1037 mora
1083 1005 1312 1050 poenitebant

772 1062 841 1097 230
869 1063 910 1096 Et
928 1062 972 1096 ad
992 1062 1152 1097 ecclesias
1170 1065 1281 1098 ibant.

866 1122 1012 1156 Plurimi
1032 1123 1102 1156 suis
1122 1124 1251 1156 curatis
1264 1150 1272 1165 7

867 1182 931 1215 Alii
951 1182 995 1215 ab
1014 1182 1096 1227 ipsis
1115 1181 1205 1215 datis

868 1241 1013 1274 Peccata
1032 1240 1313 1283 confilebantur7

868 1299 908 1331 Et
927 1299 1044 1332 statim
1063 1298 1352 1334 absolvebantur.

770 1358 841 1393 ’235
867 1358 986 1392 Missas
1005 1359 1053 1392 ibi
1073 1358 1250 1393 audiendo

870 1420 983 1465 Atque
1004 1430 1039 1451 se
1058 1419 1367 1452 communicando.

872 1477 922 1510 Ad
942 1477 1067 1510 domos
1085 1477 1369 1510 revertebantur:

872 1535 985 1581 Aliqui
1006 1536 1266 1569 moriebantur.

872 1594 914 1627 At
932 1594 989 1627 alii
1009 1593 1220 1636 evadebant7

772 1652 843 1685 240
870 1652 968 1692 Quos
985 1653 1087 1686 amici
1107 1652 1383 1698 applaudebant.

918 1764 1019 1798 Tunc
1036 1764 1204 1810 temporis
1223 1771 1295 1797 erat
1315 1771 1443 1806 aestas„

871 1823 1022 1864 Quando
1042 1823 1173 1869 incepit
1191 1829 1380 1868 tempestas

869 1882 1061 1916 Multorum
1083 1882 1311 1916 morientium
1334 1895 1339 1914 2

871 1942 943 1976 Hoc
962 1941 1080 1975 videre
1100 1948 1174 1975 erat
1192 1942 1304 1987 pium.

824 2021 832 2032 .
874 2001 960 2034 Ante
979 2001 1071 2034 hanc
1091 2000 1338 2034 mortalitatem

774 2001 796 2033 ΙΘ

798 2000 845 2035 ἐς

872 2060 914 2093 Et
932 2067 1002 2093 tam
1021 2072 1163 2107 gravem
1182 2066 1427 2106 tempestatem

872 2120 951 2153 Erat
971 2119 1014 2153 de
1033 2119 1287 2153 decedentibus

870 2178 961 2211 Viris
980 2190 1019 2212 ac
1042 2178 1249 2212 mulieribus

872 2237 1085 2271 Ordinatunl
1106 2238 1363 2271 communiter.

775 2295 845 2331 '250
873 2296 964 2337 Quia
986 2303 1148 2343 parentes
1167 2296 1298 2342 pariter

874 2356 968 2389 Illieo
988 2356 1244 2389 conveniebant
1258 2383 1263 2387 .

873 2415 914 2447 Et
934 2414 1076 2447 insimul
1095 2413 1305 2448 ordinabant

875 2473 924 2505 De
944 2472 1109 2507 omnibus
1128 2472 1278 2520 negotiis
