<?xml version="1.0" encoding="UTF-8"?>
<!DOCTYPE html PUBLIC "-//W3C//DTD XHTML 1.0 Transitional//EN"
    "http://www.w3.org/TR/xhtml1/DTD/xhtml1-transitional.dtd">
<html xmlns="http://www.w3.org/1999/xhtml" xml:lang="en" lang="en">
 <head>
  <title>
</title>
<meta http-equiv="Content-Type" content="text/html;charset=utf-8" />
  <meta name='ocr-system' content='tesseract 3.04.00' />
  <meta name='ocr-capabilities' content='ocr_page ocr_carea ocr_par ocr_line ocrx_word'/>
</head>
<body>
  <div class='ocr_page' id='page_1' title='image "./corpuschronicoru02smetuoft_0999.png"; bbox 0 0 2118 3184; ppageno 0'>
   <div class='ocr_carea' id='block_1_1' title="bbox 778 388 1683 425">
    <p class='ocr_par' dir='ltr' id='par_1_1' title="bbox 778 388 1683 425">
     <span class='ocr_line' id='line_1_1' title="bbox 778 388 1683 425; baseline 0.002 -2"><span class='ocrx_word' id='word_1_1' title='bbox 778 388 1066 425; x_wconf 64' lang='lat' dir='ltr'><strong>APPENDICES.</strong></span> <span class='ocrx_word' id='word_1_2' title='bbox 1613 390 1683 425; x_wconf 78' lang='lat'>967</span> 
     </span>
    </p>
   </div>
   <div class='ocr_carea' id='block_1_2' title="bbox 164 618 1686 878">
    <p class='ocr_par' dir='ltr' id='par_1_2' title="bbox 164 618 1686 878">
     <span class='ocr_line' id='line_1_2' title="bbox 164 618 1686 668; baseline 0 -15"><span class='ocrx_word' id='word_1_3' title='bbox 164 619 427 653; x_wconf 74' lang='lat' dir='ltr'>L&#39;arclu&#39;dt&#39;czc1·e</span> <span class='ocrx_word' id='word_1_4' title='bbox 443 618 575 652; x_wconf 68' lang='lat' dir='ltr'>Bellum</span> <span class='ocrx_word' id='word_1_5' title='bbox 596 631 789 666; x_wconf 69' lang='lat' dir='ltr'>appronvc,</span> <span class='ocrx_word' id='word_1_6' title='bbox 803 631 853 652; x_wconf 79' lang='grc' dir='ltr'>(ιιι</span> <span class='ocrx_word' id='word_1_7' title='bbox 868 631 950 652; x_wconf 75' lang='lat' dir='ltr'>nom</span> <span class='ocrx_word' id='word_1_8' title='bbox 963 619 1004 654; x_wconf 79' lang='lat' dir='ltr'>(le</span> <span class='ocrx_word' id='word_1_9' title='bbox 1019 618 1164 666; x_wconf 72' lang='lat' dir='ltr'>l&#39;e‘ve&#39;que</span> <span class='ocrx_word' id='word_1_10' title='bbox 1177 620 1218 654; x_wconf 77' lang='lat' dir='ltr'>cle.</span> <span class='ocrx_word' id='word_1_11' title='bbox 1236 619 1416 662; x_wconf 58' lang='lat' dir='ltr'>Canthum}</span> <span class='ocrx_word' id='word_1_12' title='bbox 1436 620 1609 668; x_wconf 41' lang='lat' dir='ltr'>l&#39;e‘cltan-qc</span> <span class='ocrx_word' id='word_1_13' title='bbox 1622 622 1686 667; x_wconf 77' lang='lat' dir='ltr'>qm‘</span> 
     </span>
     <span class='ocr_line' id='line_1_3' title="bbox 453 676 1376 724; baseline 0.002 -14"><span class='ocrx_word' id='word_1_14' title='bbox 453 690 476 710; x_wconf 82' lang='grc' dir='ltr'><em>α</em></span> <span class='ocrx_word' id='word_1_15' title='bbox 494 677 692 711; x_wconf 77' lang='lat' dir='ltr'>donnc&#39;lietc</span> <span class='ocrx_word' id='word_1_16' title='bbox 709 676 732 711; x_wconf 79' lang='grc' dir='ltr'><em>ἀ</em></span> <span class='ocrx_word' id='word_1_17' title='bbox 751 676 917 723; x_wconf 75' lang='lat' dir='ltr'>l&#39;enquc‘tc</span> <span class='ocrx_word' id='word_1_18' title='bbox 931 677 1148 724; x_wconf 77' lang='lat' dir='ltr'>prc&#39;cc&#39;dente.</span> <span class='ocrx_word' id='word_1_19' title='bbox 1173 699 1221 704; x_wconf 94' lang='lat'>——</span> <span class='ocrx_word' id='word_1_20' title='bbox 1241 679 1376 713; x_wconf 75' lang='lat' dir='ltr'>Lorrus.</span> 
     </span>
     <span class='ocr_line' id='line_1_4' title="bbox 899 854 968 878; baseline -0.014 0"><span class='ocrx_word' id='word_1_21' title='bbox 899 854 968 878; x_wconf 67' lang='lat'>1291.</span> 
     </span>
    </p>
   </div>
   <div class='ocr_carea' id='block_1_3' title="bbox 160 934 1685 1398">
    <p class='ocr_par' dir='ltr' id='par_1_3' title="bbox 160 934 1685 1398">
     <span class='ocr_line' id='line_1_5' title="bbox 201 934 1683 972; baseline -0.001 -9"><span class='ocrx_word' id='word_1_22' title='bbox 201 937 340 963; x_wconf 84' lang='lat' dir='ltr'>Universis</span> <span class='ocrx_word' id='word_1_23' title='bbox 358 941 516 972; x_wconf 79' lang='lat' dir='ltr'><strong>praesentes</strong></span> <span class='ocrx_word' id='word_1_24' title='bbox 530 936 635 962; x_wconf 80' lang='lat' dir='ltr'>litteras</span> <span class='ocrx_word' id='word_1_25' title='bbox 649 936 830 971; x_wconf 68' lang='lat' dir='ltr'>inspecturis7</span> <span class='ocrx_word' id='word_1_26' title='bbox 848 936 976 971; x_wconf 77' lang='lat' dir='ltr'>magister</span> <span class='ocrx_word' id='word_1_27' title='bbox 994 935 1093 967; x_wconf 77' lang='lat' dir='ltr'>Betho,</span> <span class='ocrx_word' id='word_1_28' title='bbox 1111 934 1321 961; x_wconf 69' lang='lat' dir='ltr'>archidiaconus</span> <span class='ocrx_word' id='word_1_29' title='bbox 1336 936 1548 971; x_wconf 84' lang='lat' dir='ltr'>Antwerpiensis</span> <span class='ocrx_word' id='word_1_30' title='bbox 1562 957 1568 962; x_wconf 86' lang='lat'>.</span> <span class='ocrx_word' id='word_1_31' title='bbox 1591 936 1616 961; x_wconf 91' lang='lat' dir='ltr'>in</span> <span class='ocrx_word' id='word_1_32' title='bbox 1639 944 1683 961; x_wconf 87' lang='lat' dir='ltr'>ec-</span> 
     </span>
     <span class='ocr_line' id='line_1_6' title="bbox 160 981 1683 1017; baseline -0.001 -7"><span class='ocrx_word' id='word_1_33' title='bbox 160 984 241 1011; x_wconf 80' lang='lat' dir='ltr'>clesia</span> <span class='ocrx_word' id='word_1_34' title='bbox 253 983 452 1014; x_wconf 76' lang='lat' dir='ltr'>cameracensi,</span> <span class='ocrx_word' id='word_1_35' title='bbox 472 983 590 1009; x_wconf 83' lang='lat' dir='ltr'>vicarius</span> <span class='ocrx_word' id='word_1_36' title='bbox 604 982 748 1009; x_wconf 77' lang='lat' dir='ltr'>reverendi</span> <span class='ocrx_word' id='word_1_37' title='bbox 763 983 789 1008; x_wconf 91' lang='lat' dir='ltr'>in</span> <span class='ocrx_word' id='word_1_38' title='bbox 804 982 912 1008; x_wconf 84' lang='lat' dir='ltr'>Christo</span> <span class='ocrx_word' id='word_1_39' title='bbox 928 982 1012 1017; x_wconf 78' lang='lat' dir='ltr'>patris</span> <span class='ocrx_word' id='word_1_40' title='bbox 1024 981 1125 1008; x_wconf 89' lang='lat' dir='ltr'>domini</span> <span class='ocrx_word' id='word_1_41' title='bbox 1141 981 1277 1007; x_wconf 90' lang='lat' dir='ltr'>Guillelmi</span> <span class='ocrx_word' id='word_1_42' title='bbox 1287 1002 1294 1013; x_wconf 73' lang='lat'>,</span> <span class='ocrx_word' id='word_1_43' title='bbox 1312 981 1361 1007; x_wconf 89' lang='lat' dir='ltr'>Dei</span> <span class='ocrx_word' id='word_1_44' title='bbox 1380 982 1468 1017; x_wconf 75' lang='lat' dir='ltr'>gratia</span> <span class='ocrx_word' id='word_1_45' title='bbox 1482 982 1683 1009; x_wconf 76' lang='lat' dir='ltr'>Cameracensis</span> 
     </span>
     <span class='ocr_line' id='line_1_7' title="bbox 161 1029 1682 1067; baseline -0.001 -10"><span class='ocrx_word' id='word_1_46' title='bbox 161 1031 295 1067; x_wconf 75' lang='lat' dir='ltr'>episcopi,</span> <span class='ocrx_word' id='word_1_47' title='bbox 310 1030 426 1056; x_wconf 75' lang='lat' dir='ltr'>salutem</span> <span class='ocrx_word' id='word_1_48' title='bbox 439 1031 466 1056; x_wconf 94' lang='lat' dir='ltr'>in</span> <span class='ocrx_word' id='word_1_49' title='bbox 480 1030 595 1056; x_wconf 88' lang='lat' dir='ltr'>Domino</span> <span class='ocrx_word' id='word_1_50' title='bbox 609 1031 813 1065; x_wconf 84' lang='lat' dir='ltr'>sempiternam.</span> <span class='ocrx_word' id='word_1_51' title='bbox 827 1029 893 1055; x_wconf 91' lang='lat' dir='ltr'>Cum</span> <span class='ocrx_word' id='word_1_52' title='bbox 905 1038 954 1055; x_wconf 87' lang='lat' dir='ltr'>nos</span> <span class='ocrx_word' id='word_1_53' title='bbox 969 1039 1019 1065; x_wconf 85' lang='lat' dir='ltr'>per</span> <span class='ocrx_word' id='word_1_54' title='bbox 1035 1029 1218 1055; x_wconf 80' lang='lat' dir='ltr'>venerabilem</span> <span class='ocrx_word' id='word_1_55' title='bbox 1234 1030 1323 1055; x_wconf 87' lang='lat' dir='ltr'>virum</span> <span class='ocrx_word' id='word_1_56' title='bbox 1338 1035 1365 1055; x_wconf 89' lang='lat' dir='ltr'>et</span> <span class='ocrx_word' id='word_1_57' title='bbox 1382 1029 1530 1056; x_wconf 87' lang='lat' dir='ltr'>discretum</span> <span class='ocrx_word' id='word_1_58' title='bbox 1543 1030 1682 1056; x_wconf 77' lang='lat' dir='ltr'>(lominum</span> 
     </span>
     <span class='ocr_line' id='line_1_8' title="bbox 161 1076 1683 1113; baseline -0.002 -8"><span class='ocrx_word' id='word_1_59' title='bbox 161 1079 287 1105; x_wconf 75' lang='lat' dir='ltr'><strong>abbatem</strong></span> <span class='ocrx_word' id='word_1_60' title='bbox 299 1077 577 1104; x_wconf 87' lang='lat' dir='ltr'>Geraldimontensem</span> <span class='ocrx_word' id='word_1_61' title='bbox 589 1099 595 1105; x_wconf 81' lang='grc'><strong>.</strong></span> <span class='ocrx_word' id='word_1_62' title='bbox 606 1078 796 1113; x_wconf 85' lang='lat' dir='ltr'>decanumque</span> <span class='ocrx_word' id='word_1_63' title='bbox 806 1076 1013 1103; x_wconf 76' lang='lat' dir='ltr'>christianitatis</span> <span class='ocrx_word' id='word_1_64' title='bbox 1022 1076 1122 1102; x_wconf 82' lang='lat' dir='ltr'>ibidem</span> <span class='ocrx_word' id='word_1_65' title='bbox 1134 1097 1140 1108; x_wconf 82' lang='lat'><em>‚</em></span> <span class='ocrx_word' id='word_1_66' title='bbox 1154 1076 1358 1112; x_wconf 77' lang='lat' dir='ltr'>inquisitionem</span> <span class='ocrx_word' id='word_1_67' title='bbox 1371 1076 1431 1102; x_wconf 82' lang='lat' dir='ltr'>sieri</span> <span class='ocrx_word' id='word_1_68' title='bbox 1445 1076 1589 1102; x_wconf 76' lang='lat' dir='ltr'>fecerimus</span> <span class='ocrx_word' id='word_1_69' title='bbox 1598 1086 1683 1112; x_wconf 88' lang='lat' dir='ltr'>super</span> 
     </span>
     <span class='ocr_line' id='line_1_9' title="bbox 162 1123 1683 1162; baseline -0.002 -9"><span class='ocrx_word' id='word_1_70' title='bbox 162 1126 254 1153; x_wconf 87' lang='lat' dir='ltr'>valore</span> <span class='ocrx_word' id='word_1_71' title='bbox 267 1126 450 1162; x_wconf 89' lang='lat' dir='ltr'>quorumdam</span> <span class='ocrx_word' id='word_1_72' title='bbox 465 1125 600 1152; x_wconf 83' lang='lat' dir='ltr'>bonorum</span> <span class='ocrx_word' id='word_1_73' title='bbox 611 1125 684 1159; x_wconf 88' lang='lat' dir='ltr'>juris</span> <span class='ocrx_word' id='word_1_74' title='bbox 694 1130 858 1160; x_wconf 77' lang='lat' dir='ltr'>personatus</span> <span class='ocrx_word' id='word_1_75' title='bbox 872 1129 899 1151; x_wconf 86' lang='lat' dir='ltr'>et</span> <span class='ocrx_word' id='word_1_76' title='bbox 914 1129 1098 1159; x_wconf 81' lang='lat' dir='ltr'>proventuum</span> <span class='ocrx_word' id='word_1_77' title='bbox 1108 1144 1114 1155; x_wconf 78' lang='lat'><strong>‚</strong></span> <span class='ocrx_word' id='word_1_78' title='bbox 1131 1124 1245 1150; x_wconf 89' lang='lat' dir='ltr'>sitorum</span> <span class='ocrx_word' id='word_1_79' title='bbox 1259 1124 1286 1149; x_wconf 90' lang='lat' dir='ltr'>in</span> <span class='ocrx_word' id='word_1_80' title='bbox 1299 1123 1430 1159; x_wconf 88' lang='lat' dir='ltr'>parochia</span> <span class='ocrx_word' id='word_1_81' title='bbox 1442 1124 1476 1150; x_wconf 83' lang='lat' dir='ltr'>(le</span> <span class='ocrx_word' id='word_1_82' title='bbox 1490 1124 1595 1156; x_wconf 72' lang='lat' dir='ltr'>Fontis,</span> <span class='ocrx_word' id='word_1_83' title='bbox 1611 1132 1683 1159; x_wconf 86' lang='lat' dir='ltr'>quae</span> 
     </span>
     <span class='ocr_line' id='line_1_10' title="bbox 161 1171 1685 1206; baseline -0.003 -5"><span class='ocrx_word' id='word_1_84' title='bbox 161 1174 275 1201; x_wconf 88' lang='lat' dir='ltr'>ecclesia</span> <span class='ocrx_word' id='word_1_85' title='bbox 290 1174 442 1200; x_wconf 76' lang='lat' dir='ltr'>Ninivensis</span> <span class='ocrx_word' id='word_1_86' title='bbox 459 1178 487 1200; x_wconf 87' lang='lat' dir='ltr'>et</span> <span class='ocrx_word' id='word_1_87' title='bbox 502 1173 615 1199; x_wconf 85' lang='lat' dir='ltr'>ecclesia</span> <span class='ocrx_word' id='word_1_88' title='bbox 633 1172 662 1199; x_wconf 90' lang='lat' dir='ltr'>S.</span> <span class='ocrx_word' id='word_1_89' title='bbox 679 1172 787 1199; x_wconf 80' lang='lat' dir='ltr'>Martini</span> <span class='ocrx_word' id='word_1_90' title='bbox 804 1172 953 1198; x_wconf 79' lang='lat' dir='ltr'>Montensis</span> <span class='ocrx_word' id='word_1_91' title='bbox 971 1171 1022 1197; x_wconf 88' lang='lat' dir='ltr'>sibi</span> <span class='ocrx_word' id='word_1_92' title='bbox 1043 1171 1158 1198; x_wconf 84' lang='lat' dir='ltr'>invicem</span> <span class='ocrx_word' id='word_1_93' title='bbox 1173 1172 1199 1197; x_wconf 92' lang='lat' dir='ltr'>in</span> <span class='ocrx_word' id='word_1_94' title='bbox 1214 1176 1376 1206; x_wconf 87' lang='lat' dir='ltr'>perpetuam</span> <span class='ocrx_word' id='word_1_95' title='bbox 1390 1171 1608 1206; x_wconf 75' lang='lat' dir='ltr'>empliytheosim</span> <span class='ocrx_word' id='word_1_96' title='bbox 1621 1180 1685 1206; x_wconf 88' lang='lat' dir='ltr'>per-</span> 
     </span>
     <span class='ocr_line' id='line_1_11' title="bbox 163 1218 1684 1256; baseline -0.003 -8"><span class='ocrx_word' id='word_1_97' title='bbox 163 1226 304 1248; x_wconf 79' lang='lat' dir='ltr'>mutarunt</span> <span class='ocrx_word' id='word_1_98' title='bbox 316 1241 323 1249; x_wconf 77' lang='lat'>.</span> <span class='ocrx_word' id='word_1_99' title='bbox 340 1221 534 1256; x_wconf 73' lang='lat' dir='ltr'>publicamque</span> <span class='ocrx_word' id='word_1_100' title='bbox 547 1220 724 1256; x_wconf 82' lang='lat' dir='ltr'>inquisitione</span> <span class='ocrx_word' id='word_1_101' title='bbox 744 1218 884 1254; x_wconf 82' lang='lat' dir='ltr'>praedicta</span> <span class='ocrx_word' id='word_1_102' title='bbox 902 1219 991 1244; x_wconf 89' lang='lat' dir='ltr'>omnia</span> <span class='ocrx_word' id='word_1_103' title='bbox 1005 1219 1190 1245; x_wconf 82' lang='lat' dir='ltr'>invenerimus</span> <span class='ocrx_word' id='word_1_104' title='bbox 1209 1218 1261 1244; x_wconf 91' lang='lat' dir='ltr'>rite</span> <span class='ocrx_word' id='word_1_105' title='bbox 1276 1223 1351 1251; x_wconf 78' lang='lat' dir='ltr'>acta,</span> <span class='ocrx_word' id='word_1_106' title='bbox 1371 1218 1526 1253; x_wconf 79' lang='lat' dir='ltr'>dictamque</span> <span class='ocrx_word' id='word_1_107' title='bbox 1544 1223 1684 1253; x_wconf 83' lang='lat' dir='ltr'>permuta-</span> 
     </span>
     <span class='ocr_line' id='line_1_12' title="bbox 163 1265 1681 1304; baseline -0.003 -9"><span class='ocrx_word' id='word_1_108' title='bbox 163 1270 263 1295; x_wconf 82' lang='lat' dir='ltr'>tionem</span> <span class='ocrx_word' id='word_1_109' title='bbox 273 1268 477 1304; x_wconf 78' lang='lat' dir='ltr'>emphytbeosis</span> <span class='ocrx_word' id='word_1_110' title='bbox 485 1268 595 1302; x_wconf 85' lang='lat' dir='ltr'>utrique</span> <span class='ocrx_word' id='word_1_111' title='bbox 603 1267 734 1293; x_wconf 86' lang='lat' dir='ltr'>ecclesiae</span> <span class='ocrx_word' id='word_1_112' title='bbox 742 1266 881 1301; x_wconf 85' lang='lat' dir='ltr'>expedire,</span> <span class='ocrx_word' id='word_1_113' title='bbox 890 1266 1011 1292; x_wconf 84' lang='lat' dir='ltr'>eamdem</span> <span class='ocrx_word' id='word_1_114' title='bbox 1022 1266 1251 1300; x_wconf 82' lang='lat' dir='ltr'>permutationem</span> <span class='ocrx_word' id='word_1_115' title='bbox 1262 1266 1426 1291; x_wconf 85' lang='lat' dir='ltr'>auctoritate</span> <span class='ocrx_word' id='word_1_116' title='bbox 1438 1265 1569 1300; x_wconf 82' lang='lat' dir='ltr'>praedicti</span> <span class='ocrx_word' id='word_1_117' title='bbox 1580 1265 1681 1291; x_wconf 88' lang='lat' dir='ltr'>domini</span> 
     </span>
     <span class='ocr_line' id='line_1_13' title="bbox 164 1312 1681 1350; baseline -0.004 -7"><span class='ocrx_word' id='word_1_118' title='bbox 164 1317 249 1344; x_wconf 85' lang='lat' dir='ltr'>nostri</span> <span class='ocrx_word' id='word_1_119' title='bbox 261 1316 462 1343; x_wconf 83' lang='lat' dir='ltr'>Cameracensis</span> <span class='ocrx_word' id='word_1_120' title='bbox 476 1316 503 1341; x_wconf 89' lang='lat' dir='ltr'>in</span> <span class='ocrx_word' id='word_1_121' title='bbox 518 1315 630 1341; x_wconf 87' lang='lat' dir='ltr'>remotis</span> <span class='ocrx_word' id='word_1_122' title='bbox 644 1314 750 1350; x_wconf 78' lang='lat' dir='ltr'>agentis</span> <span class='ocrx_word' id='word_1_123' title='bbox 762 1314 941 1346; x_wconf 80' lang='lat' dir='ltr'>roboramus,</span> <span class='ocrx_word' id='word_1_124' title='bbox 958 1313 1116 1343; x_wconf 72' lang='lat' dir='ltr'>laudamus,</span> <span class='ocrx_word' id='word_1_125' title='bbox 1133 1317 1161 1339; x_wconf 86' lang='lat' dir='ltr'>et</span> <span class='ocrx_word' id='word_1_126' title='bbox 1178 1317 1312 1348; x_wconf 84' lang='lat' dir='ltr'>quantum</span> <span class='ocrx_word' id='word_1_127' title='bbox 1329 1313 1356 1338; x_wconf 85' lang='lat' dir='ltr'>in</span> <span class='ocrx_word' id='word_1_128' title='bbox 1373 1313 1452 1338; x_wconf 89' lang='lat' dir='ltr'>nobis</span> <span class='ocrx_word' id='word_1_129' title='bbox 1466 1317 1520 1344; x_wconf 75' lang='lat' dir='ltr'>est⁷</span> <span class='ocrx_word' id='word_1_130' title='bbox 1536 1312 1681 1338; x_wconf 87' lang='lat' dir='ltr'>confirma-</span> 
     </span>
     <span class='ocr_line' id='line_1_14' title="bbox 163 1358 1680 1398; baseline -0.004 -8"><span class='ocrx_word' id='word_1_131' title='bbox 163 1373 223 1390; x_wconf 87' lang='lat' dir='ltr'>mus</span> <span class='ocrx_word' id='word_1_132' title='bbox 243 1362 426 1398; x_wconf 81' lang='lat' dir='ltr'>praesentium</span> <span class='ocrx_word' id='word_1_133' title='bbox 452 1361 607 1388; x_wconf 86' lang='lat' dir='ltr'>testimonio</span> <span class='ocrx_word' id='word_1_134' title='bbox 626 1360 792 1387; x_wconf 85' lang='lat' dir='ltr'>litterarum.</span> <span class='ocrx_word' id='word_1_135' title='bbox 817 1360 917 1386; x_wconf 85' lang='lat' dir='ltr'>Datum</span> <span class='ocrx_word' id='word_1_136' title='bbox 940 1369 1012 1386; x_wconf 89' lang='lat' dir='ltr'>anno</span> <span class='ocrx_word' id='word_1_137' title='bbox 1035 1359 1143 1385; x_wconf 88' lang='lat' dir='ltr'>Domini</span> <span class='ocrx_word' id='word_1_138' title='bbox 1166 1358 1291 1385; x_wconf 81' lang='lat' dir='ltr'>MCCXCI</span> <span class='ocrx_word' id='word_1_139' title='bbox 1302 1380 1309 1385; x_wconf 85' lang='grc'>.</span> <span class='ocrx_word' id='word_1_140' title='bbox 1326 1360 1353 1384; x_wconf 91' lang='lat' dir='ltr'>in</span> <span class='ocrx_word' id='word_1_141' title='bbox 1379 1358 1423 1385; x_wconf 88' lang='lat' dir='ltr'>die</span> <span class='ocrx_word' id='word_1_142' title='bbox 1445 1358 1516 1385; x_wconf 89' lang='lat' dir='ltr'>beati</span> <span class='ocrx_word' id='word_1_143' title='bbox 1538 1358 1663 1385; x_wconf 85' lang='lat' dir='ltr'>Andreae</span> <span class='ocrx_word' id='word_1_144' title='bbox 1674 1380 1680 1389; x_wconf 84' lang='lat'>,</span> 
     </span>
    </p>
   </div>
   <div class='ocr_carea' id='block_1_4' title="bbox 163 1409 1533 1485">
    <p class='ocr_par' dir='ltr' id='par_1_4' title="bbox 163 1409 1533 1485">
     <span class='ocr_line' id='line_1_15' title="bbox 163 1409 288 1446; baseline -0.016 -10"><span class='ocrx_word' id='word_1_145' title='bbox 163 1409 288 1446; x_wconf 82' lang='lat' dir='ltr'>apostoli.</span> 
     </span>
     <span class='ocr_line' id='line_1_16' title="bbox 1144 1453 1533 1485; baseline 0 -8"><span class='ocrx_word' id='word_1_146' title='bbox 1144 1453 1253 1485; x_wconf 81' lang='lat' dir='ltr'>Original</span> <span class='ocrx_word' id='word_1_147' title='bbox 1262 1471 1269 1482; x_wconf 70' lang='grc'>,</span> <span class='ocrx_word' id='word_1_148' title='bbox 1281 1460 1349 1477; x_wconf 88' lang='lat' dir='ltr'>sceau</span> <span class='ocrx_word' id='word_1_149' title='bbox 1361 1461 1390 1477; x_wconf 86' lang='lat' dir='ltr'>en</span> <span class='ocrx_word' id='word_1_150' title='bbox 1402 1454 1450 1477; x_wconf 89' lang='lat' dir='ltr'>cire</span> <span class='ocrx_word' id='word_1_151' title='bbox 1461 1458 1533 1477; x_wconf 82' lang='lat' dir='ltr'>verte.</span> 
     </span>
    </p>
   </div>
   <div class='ocr_carea' id='block_1_5' title="bbox 816 1701 1026 1737">
    <p class='ocr_par' dir='ltr' id='par_1_5' title="bbox 816 1701 1026 1737">
     <span class='ocr_line' id='line_1_17' title="bbox 816 1701 1026 1737; baseline -0.01 0"><span class='ocrx_word' id='word_1_152' title='bbox 816 1701 1011 1737; x_wconf 86' lang='lat' dir='ltr'>CCLXXXI</span> <span class='ocrx_word' id='word_1_153' title='bbox 1021 1729 1026 1735; x_wconf 96' lang='lat'>.</span> 
     </span>
    </p>
   </div>
   <div class='ocr_carea' id='block_1_6' title="bbox 168 1799 1681 1956">
    <p class='ocr_par' dir='ltr' id='par_1_6' title="bbox 168 1799 1681 1956">
     <span class='ocr_line' id='line_1_18' title="bbox 168 1799 1680 1849; baseline -0.003 -9"><span class='ocrx_word' id='word_1_154' title='bbox 168 1805 386 1846; x_wconf 79' lang='lat' dir='ltr'>Gm&#39;llaume,</span> <span class='ocrx_word' id='word_1_155' title='bbox 403 1803 525 1849; x_wconf 61' lang='lat' dir='ltr'>e‘vtfque</span> <span class='ocrx_word' id='word_1_156' title='bbox 542 1802 584 1836; x_wconf 80' lang='lat' dir='ltr'>dc</span> <span class='ocrx_word' id='word_1_157' title='bbox 605 1802 793 1845; x_wconf 65' lang='lat' dir='ltr'>Cambraz&#39;,</span> <span class='ocrx_word' id='word_1_158' title='bbox 819 1806 960 1835; x_wconf 80' lang='lat' dir='ltr'>consent</span> <span class='ocrx_word' id='word_1_159' title='bbox 977 1799 1000 1834; x_wconf 82' lang='grc' dir='ltr'><em>ἀ</em></span> <span class='ocrx_word' id='word_1_160' title='bbox 1020 1811 1181 1834; x_wconf 76' lang='lat' dir='ltr'>nommer</span> <span class='ocrx_word' id='word_1_161' title='bbox 1197 1799 1256 1832; x_wconf 77' lang='lat' dir='ltr'>des</span> <span class='ocrx_word' id='word_1_162' title='bbox 1273 1799 1444 1846; x_wconf 64' lang='lat' dir='ltr'>⁷&#39;elzyz&#39;ezcx</span> <span class='ocrx_word' id='word_1_163' title='bbox 1465 1800 1506 1834; x_wconf 81' lang='lat' dir='ltr'>de</span> <span class='ocrx_word' id='word_1_164' title='bbox 1523 1800 1680 1847; x_wconf 78' lang='lat' dir='ltr'>l&#39;abbaye</span> 
     </span>
     <span class='ocr_line' id='line_1_19' title="bbox 212 1857 1681 1908; baseline -0.003 -10"><span class='ocrx_word' id='word_1_165' title='bbox 212 1862 237 1898; x_wconf 79' lang='grc' dir='ltr'><em>ἀ</em></span> <span class='ocrx_word' id='word_1_166' title='bbox 251 1863 287 1898; x_wconf 82' lang='lat' dir='ltr'>la</span> <span class='ocrx_word' id='word_1_167' title='bbox 308 1875 394 1898; x_wconf 78' lang='lat' dir='ltr'>cure</span> <span class='ocrx_word' id='word_1_168' title='bbox 416 1868 450 1896; x_wconf 79' lang='lat' dir='ltr'>et</span> <span class='ocrx_word' id='word_1_169' title='bbox 469 1860 490 1895; x_wconf 80' lang='grc' dir='ltr'><em>ἁ</em></span> <span class='ocrx_word' id='word_1_170' title='bbox 517 1861 553 1894; x_wconf 82' lang='lat' dir='ltr'>la</span> <span class='ocrx_word' id='word_1_171' title='bbox 569 1860 780 1908; x_wconf 78' lang='lat' dir='ltr'>chapellem&#39;e</span> <span class='ocrx_word' id='word_1_172' title='bbox 797 1860 838 1894; x_wconf 81' lang='lat' dir='ltr'>de</span> <span class='ocrx_word' id='word_1_173' title='bbox 870 1859 1019 1902; x_wconf 81' lang='lat' dir='ltr'>Voorde,</span> <span class='ocrx_word' id='word_1_174' title='bbox 1044 1857 1067 1893; x_wconf 81' lang='grc' dir='ltr'><em>ἀ</em></span> <span class='ocrx_word' id='word_1_175' title='bbox 1084 1858 1262 1893; x_wconf 76' lang='lat' dir='ltr'>condition</span> <span class='ocrx_word' id='word_1_176' title='bbox 1283 1858 1387 1904; x_wconf 75' lang='lat' dir='ltr'>qu’z&#39;ls</span> <span class='ocrx_word' id='word_1_177' title='bbox 1410 1871 1454 1893; x_wconf 79' lang='lat' dir='ltr'>ne</span> <span class='ocrx_word' id='word_1_178' title='bbox 1475 1859 1619 1893; x_wconf 74' lang='lat' dir='ltr'>messem</span> <span class='ocrx_word' id='word_1_179' title='bbox 1638 1872 1681 1893; x_wconf 80' lang='lat' dir='ltr'>en</span> 
     </span>
     <span class='ocr_line' id='line_1_20' title="bbox 213 1917 1199 1956; baseline -0.006 0"><span class='ocrx_word' id='word_1_180' title='bbox 213 1924 294 1956; x_wconf 79' lang='lat' dir='ltr'>rien</span> <span class='ocrx_word' id='word_1_181' title='bbox 308 1933 359 1956; x_wconf 72' lang='lat' dir='ltr'>ses</span> <span class='ocrx_word' id='word_1_182' title='bbox 375 1921 486 1955; x_wconf 70' lang='lat' dir='ltr'>droits</span> <span class='ocrx_word' id='word_1_183' title='bbox 503 1922 547 1954; x_wconf 76' lang='lat' dir='ltr'>ni</span> <span class='ocrx_word' id='word_1_184' title='bbox 560 1931 650 1954; x_wconf 64' lang='lat' dir='ltr'>ceum</span> <span class='ocrx_word' id='word_1_185' title='bbox 664 1919 704 1953; x_wconf 79' lang='lat' dir='ltr'>de</span> <span class='ocrx_word' id='word_1_186' title='bbox 719 1918 978 1953; x_wconf 68' lang='lat' dir='ltr'>l&#39;arohzdmore.</span> <span class='ocrx_word' id='word_1_187' title='bbox 997 1938 1045 1943; x_wconf 95' lang='lat'>-—</span> <span class='ocrx_word' id='word_1_188' title='bbox 1059 1917 1199 1952; x_wconf 67' lang='lat' dir='ltr'>Lora-sn.</span> 
     </span>
    </p>
   </div>
   <div class='ocr_carea' id='block_1_7' title="bbox 890 2093 960 2117">
    <p class='ocr_par' dir='ltr' id='par_1_7' title="bbox 890 2093 960 2117">
     <span class='ocr_line' id='line_1_21' title="bbox 890 2093 960 2117; baseline -0.014 0"><span class='ocrx_word' id='word_1_189' title='bbox 890 2093 960 2117; x_wconf 71' lang='lat'>1292.</span> 
     </span>
    </p>
   </div>
   <div class='ocr_carea' id='block_1_8' title="bbox 163 2172 1685 2543">
    <p class='ocr_par' dir='ltr' id='par_1_8' title="bbox 163 2172 1685 2543">
     <span class='ocr_line' id='line_1_22' title="bbox 202 2172 1682 2212; baseline -0.003 -10"><span class='ocrx_word' id='word_1_190' title='bbox 202 2176 382 2208; x_wconf 84' lang='lat' dir='ltr'>Guillermus,</span> <span class='ocrx_word' id='word_1_191' title='bbox 403 2175 452 2202; x_wconf 89' lang='lat' dir='ltr'>Dei</span> <span class='ocrx_word' id='word_1_192' title='bbox 465 2176 554 2212; x_wconf 79' lang='lat' dir='ltr'>gratia</span> <span class='ocrx_word' id='word_1_193' title='bbox 567 2176 768 2202; x_wconf 80' lang='lat' dir='ltr'>Cameracensis</span> <span class='ocrx_word' id='word_1_194' title='bbox 781 2177 926 2212; x_wconf 88' lang='lat' dir='ltr'>episcopus</span> <span class='ocrx_word' id='word_1_195' title='bbox 937 2196 944 2206; x_wconf 83' lang='lat'><em>‚</em></span> <span class='ocrx_word' id='word_1_196' title='bbox 961 2174 1061 2201; x_wconf 85' lang='lat' dir='ltr'>dilecto</span> <span class='ocrx_word' id='word_1_197' title='bbox 1076 2173 1132 2200; x_wconf 79' lang='lat' dir='ltr'>{ilio</span> <span class='ocrx_word' id='word_1_198' title='bbox 1146 2182 1196 2200; x_wconf 89' lang='lat' dir='ltr'>suo</span> <span class='ocrx_word' id='word_1_199' title='bbox 1211 2173 1303 2198; x_wconf 85' lang='lat' dir='ltr'>abbati</span> <span class='ocrx_word' id='word_1_200' title='bbox 1317 2173 1474 2198; x_wconf 85' lang='lat' dir='ltr'>monasterii</span> <span class='ocrx_word' id='word_1_201' title='bbox 1488 2181 1536 2198; x_wconf 89' lang='lat' dir='ltr'>seu</span> <span class='ocrx_word' id='word_1_202' title='bbox 1549 2172 1682 2198; x_wconf 80' lang='lat' dir='ltr'>ecclesiae</span> 
     </span>
     <span class='ocr_line' id='line_1_23' title="bbox 163 2219 1682 2255; baseline -0.003 -6"><span class='ocrx_word' id='word_1_203' title='bbox 163 2223 328 2255; x_wconf 66' lang='lat' dir='ltr'>Ninivensis,</span> <span class='ocrx_word' id='word_1_204' title='bbox 342 2223 729 2249; x_wconf 74' lang='lat' dir='ltr'>Praemonstratensisordinis</span> <span class='ocrx_word' id='word_1_205' title='bbox 738 2244 745 2255; x_wconf 89' lang='lat'>‚</span> <span class='ocrx_word' id='word_1_206' title='bbox 756 2222 959 2249; x_wconf 83' lang='lat' dir='ltr'>Cameracensis</span> <span class='ocrx_word' id='word_1_207' title='bbox 972 2221 1117 2253; x_wconf 82' lang='lat' dir='ltr'>dioecesis,</span> <span class='ocrx_word' id='word_1_208' title='bbox 1133 2220 1249 2247; x_wconf 84' lang='lat' dir='ltr'>salutem</span> <span class='ocrx_word' id='word_1_209' title='bbox 1262 2229 1323 2246; x_wconf 92' lang='lat' dir='ltr'>cum</span> <span class='ocrx_word' id='word_1_210' title='bbox 1337 2219 1482 2246; x_wconf 84' lang='lat' dir='ltr'>dilectione</span> <span class='ocrx_word' id='word_1_211' title='bbox 1493 2220 1610 2246; x_wconf 86' lang='lat' dir='ltr'>sincera.</span> <span class='ocrx_word' id='word_1_212' title='bbox 1622 2220 1682 2246; x_wconf 85' lang='lat' dir='ltr'>Pla—</span> 
     </span>
     <span class='ocr_line' id='line_1_24' title="bbox 163 2265 1683 2306; baseline -0.003 -9"><span class='ocrx_word' id='word_1_213' title='bbox 163 2276 208 2298; x_wconf 86' lang='lat' dir='ltr'>cet</span> <span class='ocrx_word' id='word_1_214' title='bbox 220 2271 301 2297; x_wconf 84' lang='lat' dir='ltr'>nobis</span> <span class='ocrx_word' id='word_1_215' title='bbox 313 2275 447 2306; x_wconf 77' lang='lat' dir='ltr'>quantum</span> <span class='ocrx_word' id='word_1_216' title='bbox 466 2270 493 2296; x_wconf 88' lang='lat' dir='ltr'>in</span> <span class='ocrx_word' id='word_1_217' title='bbox 513 2269 592 2296; x_wconf 90' lang='lat' dir='ltr'>nobis</span> <span class='ocrx_word' id='word_1_218' title='bbox 605 2275 664 2302; x_wconf 79' lang='lat' dir='ltr'>est,</span> <span class='ocrx_word' id='word_1_219' title='bbox 684 2270 759 2306; x_wconf 89' lang='lat' dir='ltr'>quod</span> <span class='ocrx_word' id='word_1_220' title='bbox 773 2270 974 2306; x_wconf 86' lang='lat' dir='ltr'>quamprimum</span> <span class='ocrx_word' id='word_1_221' title='bbox 995 2267 1176 2304; x_wconf 83' lang='lat' dir='ltr'>parochialem</span> <span class='ocrx_word' id='word_1_222' title='bbox 1195 2267 1336 2293; x_wconf 86' lang='lat' dir='ltr'>ecclesiam</span> <span class='ocrx_word' id='word_1_223' title='bbox 1349 2266 1384 2293; x_wconf 89' lang='lat' dir='ltr'>de</span> <span class='ocrx_word' id='word_1_224' title='bbox 1402 2265 1500 2293; x_wconf 68' lang='lat' dir='ltr'>V&#39;ordes</span> <span class='ocrx_word' id='word_1_225' title='bbox 1519 2271 1546 2293; x_wconf 90' lang='lat' dir='ltr'>et</span> <span class='ocrx_word' id='word_1_226' title='bbox 1564 2267 1683 2302; x_wconf 86' lang='lat' dir='ltr'>capella-</span> 
     </span>
     <span class='ocr_line' id='line_1_25' title="bbox 165 2315 1684 2353; baseline -0.003 -9"><span class='ocrx_word' id='word_1_227' title='bbox 165 2319 236 2345; x_wconf 87' lang='lat' dir='ltr'>niam</span> <span class='ocrx_word' id='word_1_228' title='bbox 244 2318 296 2345; x_wconf 85' lang='lat' dir='ltr'>loci</span> <span class='ocrx_word' id='word_1_229' title='bbox 303 2318 427 2352; x_wconf 84' lang='lat' dir='ltr'>ejusdem</span> <span class='ocrx_word' id='word_1_230' title='bbox 433 2316 633 2344; x_wconf 81' lang='lat' dir='ltr'>Cameracensis</span> <span class='ocrx_word' id='word_1_231' title='bbox 643 2317 786 2350; x_wconf 82' lang='lat' dir='ltr'>dioecesis,</span> <span class='ocrx_word' id='word_1_232' title='bbox 796 2327 867 2353; x_wconf 84' lang='lat' dir='ltr'>quae</span> <span class='ocrx_word' id='word_1_233' title='bbox 874 2317 907 2343; x_wconf 84' lang='lat' dir='ltr'>ad</span> <span class='ocrx_word' id='word_1_234' title='bbox 917 2322 1036 2343; x_wconf 80' lang='lat' dir='ltr'>vestram</span> <span class='ocrx_word' id='word_1_235' title='bbox 1047 2315 1220 2342; x_wconf 81' lang='lat' dir='ltr'>collationem</span> <span class='ocrx_word' id='word_1_236' title='bbox 1229 2323 1277 2340; x_wconf 86' lang='lat' dir='ltr'>seu</span> <span class='ocrx_word' id='word_1_237' title='bbox 1287 2315 1535 2349; x_wconf 82' lang='lat' dir='ltr'>praesentationem</span> <span class='ocrx_word' id='word_1_238' title='bbox 1545 2315 1684 2349; x_wconf 76' lang='lat' dir='ltr'>pertinere</span> 
     </span>
     <span class='ocr_line' id='line_1_26' title="bbox 164 2360 1685 2401; baseline -0.004 -9"><span class='ocrx_word' id='word_1_239' title='bbox 164 2371 328 2397; x_wconf 83' lang='lat' dir='ltr'>noscuntur,</span> <span class='ocrx_word' id='word_1_240' title='bbox 345 2374 396 2400; x_wconf 88' lang='lat' dir='ltr'>per</span> <span class='ocrx_word' id='word_1_241' title='bbox 405 2369 519 2391; x_wconf 83' lang='lat' dir='ltr'>mortem</span> <span class='ocrx_word' id='word_1_242' title='bbox 534 2364 577 2391; x_wconf 78' lang='lat' dir='ltr'>vel</span> <span class='ocrx_word' id='word_1_243' title='bbox 588 2364 701 2391; x_wconf 88' lang='lat' dir='ltr'>liberam</span> <span class='ocrx_word' id='word_1_244' title='bbox 714 2365 926 2401; x_wconf 79' lang='lat' dir='ltr'>resignationem</span> <span class='ocrx_word' id='word_1_245' title='bbox 940 2363 1073 2390; x_wconf 83' lang='lat' dir='ltr'>Johannis</span> <span class='ocrx_word' id='word_1_246' title='bbox 1082 2384 1089 2395; x_wconf 79' lang='lat'>‚</span> <span class='ocrx_word' id='word_1_247' title='bbox 1103 2371 1176 2388; x_wconf 90' lang='lat' dir='ltr'>nunc</span> <span class='ocrx_word' id='word_1_248' title='bbox 1190 2361 1305 2388; x_wconf 82' lang='lat' dir='ltr'>rectoris</span> <span class='ocrx_word' id='word_1_249' title='bbox 1318 2360 1407 2387; x_wconf 88' lang='lat' dir='ltr'>dictae</span> <span class='ocrx_word' id='word_1_250' title='bbox 1421 2360 1585 2396; x_wconf 84' lang='lat' dir='ltr'>parochialis</span> <span class='ocrx_word' id='word_1_251' title='bbox 1598 2361 1685 2387; x_wconf 86' lang='lat' dir='ltr'>eccle-</span> 
     </span>
     <span class='ocr_line' id='line_1_27' title="bbox 164 2408 1684 2448; baseline -0.004 -9"><span class='ocrx_word' id='word_1_252' title='bbox 164 2414 219 2440; x_wconf 86' lang='lat' dir='ltr'>siae</span> <span class='ocrx_word' id='word_1_253' title='bbox 228 2434 235 2445; x_wconf 96' lang='lat'>,</span> <span class='ocrx_word' id='word_1_254' title='bbox 248 2418 276 2440; x_wconf 89' lang='lat' dir='ltr'>et</span> <span class='ocrx_word' id='word_1_255' title='bbox 286 2413 411 2442; x_wconf 74' lang='lat' dir='ltr'>lieni-ici,</span> <span class='ocrx_word' id='word_1_256' title='bbox 427 2411 560 2447; x_wconf 86' lang='lat' dir='ltr'>capellani</span> <span class='ocrx_word' id='word_1_257' title='bbox 572 2412 739 2448; x_wconf 86' lang='lat' dir='ltr'>capellaniae</span> <span class='ocrx_word' id='word_1_258' title='bbox 751 2411 922 2448; x_wconf 70' lang='lat' dir='ltr'>praedictae,</span> <span class='ocrx_word' id='word_1_259' title='bbox 937 2411 980 2437; x_wconf 87' lang='lat' dir='ltr'>vel</span> <span class='ocrx_word' id='word_1_260' title='bbox 995 2410 1061 2436; x_wconf 89' lang='lat' dir='ltr'>alias</span> <span class='ocrx_word' id='word_1_261' title='bbox 1072 2417 1248 2445; x_wconf 89' lang='lat' dir='ltr'>quocumque</span> <span class='ocrx_word' id='word_1_262' title='bbox 1256 2408 1337 2434; x_wconf 87' lang='lat' dir='ltr'>modo</span> <span class='ocrx_word' id='word_1_263' title='bbox 1348 2408 1470 2444; x_wconf 79' lang='lat' dir='ltr'>legitimo</span> <span class='ocrx_word' id='word_1_264' title='bbox 1484 2417 1581 2434; x_wconf 87' lang='lat' dir='ltr'>vacare</span> <span class='ocrx_word' id='word_1_265' title='bbox 1595 2408 1684 2434; x_wconf 87' lang='lat' dir='ltr'>conti-</span> 
     </span>
     <span class='ocr_line' id='line_1_28' title="bbox 163 2455 1683 2496; baseline -0.003 -10"><span class='ocrx_word' id='word_1_266' title='bbox 163 2461 235 2496; x_wconf 81' lang='lat' dir='ltr'>gerit</span> <span class='ocrx_word' id='word_1_267' title='bbox 253 2469 260 2486; x_wconf 87' lang='lat'>:</span> <span class='ocrx_word' id='word_1_268' title='bbox 278 2459 353 2496; x_wconf 88' lang='lat' dir='ltr'>quod</span> <span class='ocrx_word' id='word_1_269' title='bbox 375 2464 428 2486; x_wconf 83' lang='lat' dir='ltr'>tam</span> <span class='ocrx_word' id='word_1_270' title='bbox 450 2458 483 2485; x_wconf 89' lang='lat' dir='ltr'>ad</span> <span class='ocrx_word' id='word_1_271' title='bbox 506 2459 605 2485; x_wconf 86' lang='lat' dir='ltr'>dictam</span> <span class='ocrx_word' id='word_1_272' title='bbox 625 2458 809 2494; x_wconf 84' lang='lat' dir='ltr'>parochialem</span> <span class='ocrx_word' id='word_1_273' title='bbox 827 2459 967 2485; x_wconf 84' lang='lat' dir='ltr'>ecclesiam</span> <span class='ocrx_word' id='word_1_274' title='bbox 990 2467 1070 2493; x_wconf 88' lang='lat' dir='ltr'>quam</span> <span class='ocrx_word' id='word_1_275' title='bbox 1091 2455 1285 2492; x_wconf 83' lang='lat' dir='ltr'>capellaniam,</span> <span class='ocrx_word' id='word_1_276' title='bbox 1310 2455 1456 2481; x_wconf 86' lang='lat' dir='ltr'>canonicos</span> <span class='ocrx_word' id='word_1_277' title='bbox 1480 2455 1610 2482; x_wconf 82' lang='lat' dir='ltr'>ecclesiae</span> <span class='ocrx_word' id='word_1_278' title='bbox 1634 2464 1683 2481; x_wconf 84' lang='lat' dir='ltr'>seu</span> 
     </span>
     <span class='ocr_line' id='line_1_29' title="bbox 165 2503 1683 2543; baseline -0.003 -9"><span class='ocrx_word' id='word_1_279' title='bbox 165 2507 322 2534; x_wconf 80' lang='lat' dir='ltr'>monasterii</span> <span class='ocrx_word' id='word_1_280' title='bbox 334 2507 418 2533; x_wconf 84' lang='lat' dir='ltr'>vestri</span> <span class='ocrx_word' id='word_1_281' title='bbox 432 2506 564 2543; x_wconf 85' lang='lat' dir='ltr'>praedicti</span> <span class='ocrx_word' id='word_1_282' title='bbox 577 2506 689 2533; x_wconf 89' lang='lat' dir='ltr'>idoneos</span> <span class='ocrx_word' id='word_1_283' title='bbox 700 2528 707 2540; x_wconf 89' lang='lat'>‚</span> <span class='ocrx_word' id='word_1_284' title='bbox 723 2506 758 2534; x_wconf 89' lang='lat' dir='ltr'>de</span> <span class='ocrx_word' id='word_1_285' title='bbox 774 2507 876 2543; x_wconf 88' lang='lat' dir='ltr'>quibus</span> <span class='ocrx_word' id='word_1_286' title='bbox 887 2505 1011 2534; x_wconf 86' lang='lat' dir='ltr'>videritis</span> <span class='ocrx_word' id='word_1_287' title='bbox 1026 2504 1155 2540; x_wconf 82' lang='lat' dir='ltr'>expedire</span> <span class='ocrx_word' id='word_1_288' title='bbox 1166 2525 1172 2536; x_wconf 81' lang='grc'><em>,</em></span> <span class='ocrx_word' id='word_1_289' title='bbox 1192 2508 1368 2539; x_wconf 87' lang='lat' dir='ltr'>praesentare</span> <span class='ocrx_word' id='word_1_290' title='bbox 1383 2503 1508 2538; x_wconf 86' lang='lat' dir='ltr'>possitis,</span> <span class='ocrx_word' id='word_1_291' title='bbox 1525 2508 1551 2530; x_wconf 93' lang='lat' dir='ltr'>et</span> <span class='ocrx_word' id='word_1_292' title='bbox 1567 2503 1647 2529; x_wconf 83' lang='lat' dir='ltr'>ctiam</span> <span class='ocrx_word' id='word_1_293' title='bbox 1662 2504 1683 2529; x_wconf 86' lang='lat' dir='ltr'>si</span> 
     </span>
    </p>
   </div>
  </div>
 </body>
</html>
