2137 3131
478 356 549 389 4⁷62
820 352 994 388 CORPUS
1021 349 1351 385 CHRONICORUM
1380 351 1645 386 FLANDRIAE.

525 464 630 505 lteniff
650 463 804 496 fecerant
819 467 889 493 tres
903 457 1081 492 auditores
1098 463 1133 490 et
1151 457 1315 491 nolebant
1332 458 1487 504 recipere
1503 460 1768 505 procurationes
1785 473 1875 506 quae
1890 462 1994 496 habc-

478 529 553 555 rent
581 526 788 567 potestatem
812 515 1032 563 appellandi„
1058 522 1092 548 ct
1115 515 1291 549 faciebant
1314 523 1430 561 partes
1458 517 1614 564 obligare
1636 518 1840 563 juramento
1867 526 1902 553 et
1929 521 1994 554 sub

477 592 588 626 poena
608 577 705 624 quod
725 575 984 610 ordinationem
1004 586 1102 607 suani
1128 580 1288 607 tenerent
1308 574 1382 607 sine
1406 575 1654 609 reclamatione
1676 577 1728 609 vel
1746 577 1992 622 appellatione.

480 639 517 671 tit
535 638 561 670 si
587 637 680 681 ipsae
699 641 814 680 partes
834 634 963 667 vellent
985 632 1175 666 reclamare
1194 639 1251 666 aut
1277 644 1513 679 conquerere7
1536 635 1715 680 proximos
1740 647 1864 668 eorum
1892 648 1996 669 cons-

480 695 694 742 tringebant.

524 753 629 795 Item,
652 752 808 785 fecerant
826 756 999 783 statutum
1018 748 1116 795 quod
1136 749 1163 782 si
1183 749 1262 795 quis
1283 749 1439 783 mitteret
1458 762 1602 783 manum
1628 750 1664 783 in
1687 750 1868 785 hominem
1890 752 1993 800 legis,

475 813 546 857 ipse
565 816 762 844 remaneret
774 808 946 842 voluntati
960 808 1241 856 gubernatorum
1255 835 1263 851 a
1281 814 1315 842 et
1331 808 1392 854 qui
1412 808 1517 842 talem
1533 808 1727 852 occideret,
1747 810 1834 843 liber
1849 817 1939 844 esset
1951 809 1996 844 de

475 877 586 904 morte
605 869 692 915 ejus.
716 867 881 901 Videntes
898 879 981 901 vero
1004 874 1038 900 et
1056 879 1128 901 non
1144 866 1351 912 adjuvantes
1370 867 1553 901 hominem
1575 868 1660 915 legis
1680 867 1878 913 perdebant
1896 881 1996 903 com-

473 929 682 962 munitatem
699 939 798 961 suam
817 933 851 960 et
870 933 971 960 erant
990 926 1196 971 proclamati
1217 938 1236 959 a
1252 926 1281 959 X
1298 926 1359 959 lib.
1382 932 1417 959 et
1435 926 1630 972 unicuique
1643 926 1763 972 jurato
1786 940 1806 961 a
1823 927 1883 961 XL
1902 940 1930 961 s.

523 987 608 1019 Item
619 1013 628 1029 a
650 985 870 1031 accipiebant
887 991 1041 1030 quatuor
1055 983 1218 1018 denarios
1235 983 1280 1017 de
1299 984 1396 1017 omni
1411 996 1530 1030 panno
1544 985 1719 1032 grossorie
1734 985 1878 1019 vendito
1899 992 1934 1020 et
1951 985 1996 1020 de

473 1045 546 1078 aliis
565 1044 858 1087 mercationibus7
878 1042 1075 1077 secundum
1095 1055 1220 1077 eorum
1239 1043 1489 1089 quantitatem.

523 1104 628 1144 Itemq
652 1116 764 1150 quum
784 1103 909 1149 aliquis
929 1103 1076 1136 clericus
1095 1102 1238 1136 nolebat
1255 1101 1339 1135 (lare
1358 1102 1582 1136 securitatem
1596 1129 1605 1145 ,Ι
1626 1103 1692 1149 ipsi
1707 1103 1998 1151 constringebant

472 1163 603 1196 amicos
625 1174 686 1195 seu
706 1162 884 1208 proximos
903 1161 978 1206 ejus
1001 1173 1108 1206 super
1130 1167 1273 1194 centum
1296 1160 1472 1204 marchis7
1497 1167 1537 1194 ut
1566 1161 1659 1194 irent
1685 1161 1720 1194 in
1748 1161 1909 1195 custodia
1932 1173 1996 1195 nec

474 1221 717 1254 confortarent
735 1221 889 1254 amicum
916 1232 977 1253 seu
1000 1220 1220 1265 proximum7
1251 1232 1315 1253 nec
1337 1220 1431 1253 exire
1454 1226 1619 1265 poterant
1636 1219 1750 1254 donec
1772 1221 1996 1254 securitatem

475 1279 666 1314 dedissent.

528 1339 636 1381 Item7
664 1344 859 1372 statuerant
877 1344 917 1370 ut
936 1349 1040 1370 nemo
1063 1343 1179 1382 posset
1200 1336 1350 1370 vendere
1378 1337 1470 1385 ligna
1498 1344 1560 1370 aut
1586 1338 1777 1380 carbones7
1805 1343 1995 1383 antequam

482 1397 713 1442 respexissent
732 1409 784 1430 ea.

529 1456 618 1489 Item
631 1483 639 1498 7
662 1456 746 1502 quia
765 1455 985 1501 praepositus
1007 1454 1105 1487 villae
1124 1454 1253 1487 fecerat
1272 1454 1458 1487 verberare
1475 1453 1675 1487 Johannem
1699 1452 1869 1495 Cauraz't,
1893 1465 1996 1499 prae-

476 1520 573 1547 sente
592 1513 719 1547 ballivo
740 1514 830 1561 regis
848 1525 888 1546 ac
907 1512 1115 1546 testificante
1134 1510 1232 1557 quod
1251 1512 1307 1544 ille
1326 1517 1401 1544 erat
1425 1511 1460 1544 in
1479 1511 1570 1544 salva
1589 1509 1712 1558 gardia
1731 1511 1834 1558 regis.

525 1572 633 1614 Item5
669 1572 751 1617 quia
779 1572 939 1604 fecerunt
963 1568 1231 1615 apprehendere
1258 1569 1437 1616 Rogerum
1465 1567 1510 1602 de
1536 1567 1704 1610 Alemzes,
1729 1575 1996 1614 procuratorem

476 1631 591 1678 regis7
618 1636 886 1675 posueruntque
909 1629 945 1661 in
973 1627 1168 1661 custodiam
1196 1639 1278 1660 cum
1303 1627 1517 1669 latronibus,
1542 1638 1606 1660 nec
1634 1625 1782 1660 reddere
1808 1627 1997 1661 voluerunt

477 1689 603 1723 ballivo
623 1688 796 1721 Insulensi
812 1700 893 1721 cum
911 1686 1076 1720 instantia
1095 1685 1302 1732 requirenti.

525 1747 630 1790 Item7
648 1745 963 1792 apprehenderunt
976 1745 1175 1779 Johannem
1189 1743 1337 1790 Aoyout,
1355 1744 1530 1778 famulum
1544 1744 1636 1792 regis
1651 1750 1686 1778 et
1698 1744 1897 1778 Johannem
1912 1743 1945 1778 T
1942 1756 1996 1778 ro-

477 1811 645 1848 tcmenut,
664 1812 698 1839 et
718 1805 950 1838 exulaverunt
968 1816 1039 1837 eos.

526 1864 636 1907 Item7
659 1864 863 1898 levaverunt
888 1863 1040 1904 talliam,
1061 1874 1152 1908 quae
1178 1861 1285 1909 vulgo
1312 1860 1443 1895 dicitur
1467 1861 1648 1902 maletolte,
1677 1861 1788 1895 ferme
1814 1873 1877 1907 per
1906 1860 1996 1896 duos

476 1935 612 1956 menses
632 1935 671 1956 ex
694 1936 756 1956 sua
776 1935 872 1956 mera
890 1922 1071 1955 voluntate
1084 1947 1092 1963 7
1114 1921 1249 1966 absque
1274 1920 1413 1954 licentia
1431 1919 1552 1967 regali.

525 1982 611 2015 Item
623 2009 632 2024 .,
654 1982 876 2015 sustinebant
894 1981 930 2014 in
948 1980 1088 2014 civitate
1106 1978 1224 2012 exules
1242 1979 1342 2026 regni
1361 1979 1383 2011 F
1387 1978 1538 2011 ranciae.

522 2040 610 2073 Item
624 2067 632 2083 ‚
659 2040 900 2083 sustinebant.a
926 2045 966 2072 ut
987 2037 1190 2080 dicebatur,
1210 2037 1315 2070 falsos
1334 2036 1549 2070 monetarios
1567 2042 1603 2069 et
1630 2037 1841 2070 monetarias
1862 2036 1997 2070 formae

476 2105 638 2132 monetae
657 2098 749 2146 regis
764 2098 800 2132 in
819 2097 913 2131 dicta
932 2097 1084 2131 civitate.

524 2158 631 2200 Item„
660 2156 918 2203 suspenderant
937 2155 1129 2202 quemdam
1156 2161 1321 2189 vocatum
1341 2154 1540 2196 Brzsseeteste,
1567 2161 1602 2188 et
1623 2154 1797 2201 quosdam
1820 2154 1905 2188 alios
1923 2154 1997 2188 sine

474 2217 550 2263 lege
569 2228 609 2249 ac
623 2214 759 2261 judicio
772 2242 780 2258 ³
806 2215 1035 2260 fecerantque
1054 2226 1112 2247 eos
1131 2213 1310 2259 deponere
1329 2219 1364 2246 et
1382 2213 1528 2258 sepelire
1545 2213 1582 2245 in
1601 2212 1824 2246 coemeterio.

525 2274 611 2308 Item
622 2301 630 2317 a
647 2275 812 2308 volebant
826 2285 1039 2322 cognoscere
1055 2273 1100 2307 de
1114 2273 1214 2307 salvis
1233 2271 1365 2320 gardiis
1379 2273 1498 2320 regiis,
1517 2272 1695 2318 simulque
1709 2272 1866 2306 fecerant
1878 2270 1996 2316 plures

475 2333 560 2366 alios
579 2345 751 2366 excessus.
768 2354 816 2358 —
835 2333 1026 2366 Arrestatio
1049 2346 1055 2365 :
1801 2362 1806 2365 .

529 2405 545 2420 t<
556 2390 647 2432 Quia
661 2391 837 2425 antedicta
854 2404 916 2438 per
932 2391 1137 2439 diligentem
1155 2391 1354 2437 inquestam
1369 2391 1499 2424 factam
1514 2396 1686 2436 apparent
1699 2389 1743 2422 de
1755 2388 1892 2434 justitia
1905 2387 1996 2421 abu-

478 2449 584 2483 tendo
598 2456 634 2483 et
646 2450 704 2495 jus
723 2450 838 2498 regale
852 2450 1081 2496 usurpando,
1101 2451 1190 2484 acin
1210 2450 1383 2484 damnum
1404 2449 1548 2495 capituli
1564 2448 1794 2482 Tornacensis
1809 2459 1849 2480 ac
1864 2446 1996 2480 vicina-
