2118 3184
535 419 759 455 CHRONtm
799 422 957 456 melon
987 422 1027 456 LI
1056 421 1219 456 mmsis,
1578 425 1637 459 513

118 526 175 560 (lic
203 539 352 574 magnus
382 527 567 562 conflictus
596 530 687 562 inter
716 535 830 575 partes
862 529 1072 564 antedictas.
1103 529 1147 563 dn
1169 542 1241 576 quo
1268 531 1434 565 conflictu
1463 532 1632 565 nescim-m

117 586 270 619 scribere
288 587 481 620 veritatem.
502 586 735 621 Postmodum
755 595 965 634 procurante
984 595 1095 622 matrc
1114 601 1237 623 corum
1254 602 1345 636 quac
1364 597 1437 624 crat
1452 591 1629 624 monialis.

117 650 150 677 et
169 643 315 678 domino
337 645 519 678 Johannc.
545 645 692 679 domino
714 645 758 679 de
778 647 993 690 Bz'anmont,
1020 660 1084 693 pax
1105 655 1154 681 cst
1183 649 1274 682 intcr
1296 656 1443 683 matrem
1470 655 1500 682 et
1523 649 1633 683 filium

119 703 320 736 reformata.
345 703 595 749 Remansitque
614 703 686 737 dux
709 705 743 737 in
766 705 945 739 Hollandia
965 712 999 739 ct
1019 712 1131 739 matcr
1149 706 1224 751 ejus
1242 706 1386 741 (lomina
1406 708 1581 742 comitissa
1602 709 1635 741 in

119 760 338 795 Hannoniam
359 767 410 794 ost
432 774 586 795 reversa.
610 763 804 809 habitoque
823 764 985 797 consilio.
1007 764 1193 798 (lominum
1212 765 1466 799 walo-andum
1489 765 1532 799 dc
1556 766 1642 799 Lim·

117 818 162 853 ad
187 819 378 867 regendam
404 821 552 866 patriam
574 821 778 855 Harmoniae
797 822 984 857 ordinavit.
1011 823 1050 856 Et
1072 830 1151 869 post
1173 824 1316 870 aliquod
1338 831 1494 871 tempus,
1523 825 1637 858 visura

119 878 276 925 reginam
298 878 442 925 Angliac
469 891 567 912 suam
592 891 748 913 sororem
774 881 1028 914 transfretavit.
1059 882 1225 928 filiusque
1247 882 1321 928 ejus
1345 882 1418 916 dux
1439 883 1637 917 W'illelmus

117 935 180 969 ivit
194 936 229 969 in
246 937 406 983 Angliam
421 964 429 970 .
446 938 504 971 ubi
522 937 624 971 duxit
643 951 787 972 uxorem
806 940 912 972 filiam
929 939 1042 973 (lucis.
1061 939 1175 986 Super
1189 941 1319 987 quibus
1334 954 1498 975 murmur
1514 944 1637 989 ingens

116 1000 192 1028 erat
210 994 245 1027 in
265 994 448 1028 Hannonia
461 1023 469 1032 ,
493 995 669 1030 flandria.
696 997 837 1030 Francia
850 1025 857 1032 .
887 999 969 1043 quia
990 998 1090 1031 multi
1110 999 1283 1044 sapientes
1307 998 1517 1033 dubitabant
1537 1001 1635 1047 quod

116 1051 210 1086 dicta
226 1053 403 1087 comitissa
420 1066 490 1087 non
510 1054 735 1088 contraheret
751 1055 1016 1089 matrimonium
1032 1068 1113 1090 cum
1132 1057 1251 1102 aliquo
1271 1057 1430 1103 principe
1446 1058 1479 1091 in
1498 1059 1632 1106 Anglia.

116 1117 152 1144 et
173 1111 325 1145 maxime
351 1113 434 1158 quia
454 1113 527 1158 ipsa
546 1113 740 1155 comitissa7
767 1120 807 1147 ut
824 1113 1028 1147 dicebatur.
1055 1115 1241 1160 proposuit
1260 1116 1398 1149 mittere
1419 1116 1582 1164 Anglicos
1600 1117 1633 1150 in

117 1170 265 1204 castellis
284 1177 317 1204 et
338 1171 514 1205 fortalitiis
540 1172 573 1205 in
595 1172 839 1213 Hannoniam.7
865 1172 926 1206 sed
945 1173 1074 1218 patria7
1096 1173 1227 1207 scilicet
1254 1174 1388 1207 nobiles
1406 1181 1439 1207 et
1458 1175 1550 1207 cives
1569 1175 1635 1208 vil—

118 1228 249 1271 larum.v
273 1229 477 1263 restiterunt
495 1236 529 1263 ct
553 1229 745 1263 noluerunt
768 1231 984 1263 consentire.
1007 1237 1239 1276 provocantes
1258 1244 1293 1264 se
1318 1232 1465 1265 invicem
1483 1259 1490 1265 .
1522 1233 1547 1266 si
1576 1246 1635 1267 vc—

117 1287 251 1329 nirent‚
279 1299 402 1321 omnes
425 1287 653 1328 occiderentg
677 1294 712 1321 et
733 1300 840 1333 super
866 1288 939 1321 istis
965 1294 997 1321 ct
1026 1288 1187 1334 pluribus
1214 1289 1287 1321 aliis
1313 1301 1476 1323 murmur
1504 1292 1634 1325 multus

115 1351 190 1378 erat
207 1345 244 1378 in
263 1345 447 1378 Hannonia
467 1351 551 1379 tunc
570 1346 753 1390 temporis.

164 1402 356 1438 Sciendum
376 1409 428 1436 est
446 1402 544 1449 quod
565 1403 643 1436 licet
664 1415 729 1448 pax
753 1404 862 1448 fuerit
884 1415 947 1449 per
968 1402 1155 1437 dominum
1180 1417 1298 1452 regem
1313 1433 1320 1447 7
1346 1413 1385 1439 ut.
1404 1406 1541 1440 dictum
1560 1415 1631 1441 cst.

115 1462 305 1496 reformata
322 1462 414 1495 inter
435 1462 623 1496 canonicos
648 1462 907 1505 Tor-nacenses‚
929 1474 1055 1496 rancor
1078 1469 1195 1497 tamen
1218 1465 1386 1498 remansit
1410 1465 1445 1498 in
1469 1465 1636 1499 cordibus

115 1527 151 1555 et
178 1521 308 1567 pluries
334 1521 426 1554 inter
447 1520 621 1555 decanum
645 1527 680 1554 et
702 1520 992 1555 archidiaconum
1018 1528 1053 1555 et
1075 1522 1160 1556 alios
1186 1524 1385 1557 canonicos.
1416 1524 1454 1557 ln
1482 1525 1636 1570 capitulo

116 1579 351 1614 dissensiones
369 1585 405 1613 et
418 1580 512 1613 rixae
530 1591 679 1627 magnae
698 1586 818 1622 erant7
840 1579 997 1613 dicentes
1016 1592 1109 1614 unus
1122 1592 1229 1626 super
1246 1581 1353 1615 alium
1369 1583 1559 1628 opprobria
1573 1610 1580 1616 .
1603 1591 1633 1616 et

115 1639 182 1673 sibi
206 1639 356 1672 invicem
377 1651 432 1672 res
451 1639 587 1672 illicitas
608 1639 860 1684 imponebant.†
884 1639 1087 1685 multaeque
1105 1651 1275 1685 personae
1294 1641 1518 1675 authenticae
1537 1642 1636 1675 laho-

114 1703 295 1740 raverunt‚
311 1703 351 1730 ut
365 1709 423 1731 eos
437 1704 581 1742 possent
597 1696 826 1731 concordare.
846 1696 1005 1731 Tandem
1020 1697 1188 1731 dominns
1204 1698 1435 1733 Tornacensis
1449 1700 1635 1745 episcopus

114 1756 313 1799 Johannes7
339 1756 470 1790 vocatis
496 1763 577 1790 ante
599 1768 634 1790 se
657 1757 838 1802 partibus.
868 1756 903 1789 in
928 1763 1067 1790 tantum
1089 1756 1278 1799 laboravit„
1303 1757 1400 1804 quod
1420 1757 1574 1792 decanus
1602 1766 1634 1791 et

116 1814 389 1850 archidiaconus
406 1815 532 1849 fratres
553 1828 619 1862 pro
646 1827 702 1858 se7
731 1822 766 1849 et
788 1815 845 1849 alii
868 1814 1042 1849 sexdecim
1070 1816 1230 1850 canonici
1258 1817 1577 1862 compromiserunt
1599 1818 1634 1850 in

114 1873 301 1907 dominum
322 1873 592 1908 Tornacensem.
614 1875 789 1920 Factoque
807 1880 842 1908 et
860 1874 1000 1907 firmato
1018 1874 1085 1907 suh
1106 1881 1201 1908 certa
1222 1875 1336 1908 Forma
1356 1876 1610 1921 compromisso
1623 1903 1630 1908 .

114 1933 272 1966 canonici
295 1939 417 1966 contra
442 1932 556 1967 dictos
576 1932 752 1966 decanum
776 1939 810 1966 et
831 1932 1122 1966 archidiaconum
1145 1933 1310 1967 articulos
1332 1934 1366 1966 in
1390 1934 1529 1979 scriptis
1550 1947 1634 1980 pro-

115 1991 295 2037 ponebant
306 2018 314 2034 „
336 1997 371 2024 ct
388 1991 494 2024 ctiam
514 1990 599 2025 dicti
617 1990 690 2025 duo
710 1992 836 2024 fratres
850 1997 973 2024 contra
987 1990 1072 2024 alios
1087 1990 1262 2024 sexdecim
1278 1992 1466 2025 canonicos
1480 1998 1515 2025 et
1528 2004 1634 2037 snper

115 2062 174 2084 eos
195 2050 307 2084 multa
326 2050 578 2096 imponebant,
602 2056 638 2084 et
659 2056 734 2084 erat
754 2049 898 2098 grandis
917 2049 1100 2083 dissensio.
1130 2050 1303 2083 Dominus
1321 2057 1438 2083 autem
1459 2050 1633 2084 Robertus

114 2108 342 2155 d'Ecornay,
359 2108 702 2155 archidiaconusque
721 2108 910 2156 Brugensis
924 2135 932 2150 .,
957 2107 1124 2141 dominus
1149 2108 1255 2142 etiam
1275 2109 1376 2156 Hngo
1397 2108 1441 2142 de
1461 2108 1633 2142 Florentia

114 2167 342 2201 cancellarius
355 2174 390 2201 et
411 2166 528 2201 Guido
549 2167 594 2201 de
613 2167 770 2201 Bisontio
789 2167 852 2214 qui
870 2173 945 2200 erat
963 2166 1135 2209 officialis,
1158 2172 1193 2199 et
1209 2167 1296 2200 aliae
1316 2167 1447 2200 multae
1464 2178 1634 2212 personae

113 2225 338 2260 authenticae
353 2225 484 2271 pluries
502 2226 753 2259 laboraverunt
771 2225 816 2259 ad
833 2237 955 2271 pacem
976 2225 1068 2257 inter
1081 2236 1140 2258 eos
1159 2224 1443 2266 reformandamg
1466 2224 1526 2258 scd
1546 2225 1632 2258 nihil

115 2283 382 2330 praevalebant„
409 2291 444 2317 ct
461 2283 506 2317 de
528 2283 585 2318 die
608 2284 643 2317 in
662 2283 757 2318 diem
779 2284 984 2318 crescebant
1003 2295 1129 2316 rancor
1148 2290 1182 2316 et
1200 2283 1322 2317 odium
1335 2310 1343 2326 ,
1365 2283 1446 2329 quia
1467 2283 1633 2317 dominus

113 2343 299 2389 episcopus
317 2343 547 2376 'romanensis
565 2348 638 2376 erat
658 2342 803 2383 absens;
824 2341 886 2376 sed
905 2342 978 2387 ipse
999 2342 1197 2375 instituerat
1218 2342 1372 2376 notarios
1387 2343 1449 2389 qui
1467 2342 1633 2376 articulos

114 2407 150 2435 et
185 2401 339 2434 rationes
371 2401 525 2447 partium
559 2401 594 2434 in
625 2401 763 2447 scriptis
795 2401 1041 2448 registrabant.
1078 2399 1213 2434 Accidit
1247 2407 1366 2434 autem
1395 2400 1493 2448 quod
1525 2401 1633 2435 abbas

115 2458 151 2493 S.
181 2458 322 2492 Martini
348 2459 596 2502 Tornacensis„
625 2459 687 2505 qui
711 2471 775 2505 pro
798 2465 958 2503 tempore
985 2465 1059 2492 erat
1078 2465 1178 2492 motu
1209 2459 1354 2505 proprio
1381 2458 1563 2493 confidens
1589 2459 1633 2492 de

115 2517 266 2551 Domino
285 2523 320 2550 et
344 2517 404 2550 Dei
428 2517 571 2565 Virgine
589 2517 739 2565 gloriosa
753 2544 762 2552 ,
783 2516 914 2562 pluries
935 2529 971 2550 se
989 2517 1024 2550 in
1047 2516 1200 2562 capitulo
1222 2517 1456 2562 praesentavit
1469 2544 1477 2559 2
1502 2517 1633 2563 snppli-
