2137 3131
452 402 521 436 770
1058 390 1351 427 APPENDICES.

1139 517 1265 551 XXIV.

455 604 557 636 Deua·
577 602 706 647 doyens
724 599 985 632 reconnaissent
1003 609 1069 642 que
1088 596 1115 629 le
1134 595 1292 642 chapz'tre
1313 595 1354 629 de
1379 593 1559 628 Meerheke
1582 606 1606 627 α
1628 593 1746 627 vendu
1767 591 1790 627 α’
1811 593 1972 641 l'abhaye

610 670 679 692 une
708 668 820 697 orme,
840 653 864 689 (ὶ
880 654 1007 702 chmye
1025 654 1133 689 d'mze
1150 654 1342 688 ‘rodez-auce
1357 652 1533 687 annuelle.
1554 672 1602 678 —
1620 652 1805 686 Memmium.

1173 841 1245 865 1166.

491 906 518 932 ln
531 906 638 931 nomin(¹
650 905 737 931 Patris
746 910 771 931 et
785 905 843 931 Filii
856 910 883 931 et
896 904 1016 940 Spiritus
1028 903 1131 930 Sancti.
1143 903 1292 930 Robertus.
1307 903 1356 930 Dei
1368 903 1456 939 gratia
1470 902 1614 934 Bellensis⁷
1628 908 1655 929 et
1666 903 1815 935 Henrncus,
1833 902 1974 929 Bunleret-

452 953 533 979 tensis
547 953 640 978 decani
651 973 658 978 .
675 957 727 978 tani
743 951 845 978 suturis
859 961 941 987 quam
962 950 1155 987 praesentibus
1172 951 1198 976 iu
1215 955 1392 986 perpetuum.
1407 950 1477 985 Quia
1490 949 1666 985 dispensante
1682 950 1798 976 Domino
1814 949 1973 976 sollicitudo

451 999 624 1025 ecclesiarum
643 998 743 1025 Christi
763 999 840 1025 nobis
859 999 1010 1030 incumbit,
1031 1007 1124 1033 pacem
1140 1002 1167 1023 et
1186 997 1361 1024 concordiam
1381 1007 1476 1023 earum
1496 1006 1569 1023 nunc
1588 1002 1616 1023 et:
1633 997 1660 1023 in
1680 996 1805 1023 futurum
1821 1006 1973 1033 procurare

450 1047 590 1072 debemus.
605 1046 702 1071 Notum
717 1055 782 1081 ergo
795 1055 854 1072 esse
867 1045 993 1071 volumus
1005 1066 1012 1077 ,
1028 1044 1102 1080 quod
1117 1045 1239 1070 canonici
1254 1044 1288 1070 de
1302 1044 1444 1070 Merbecca
1454 1065 1461 1076 ,
1478 1044 1617 1070 Robertus
1634 1049 1662 1070 et
1675 1044 1772 1078 Ojotus
1783 1065 1790 1076 ‚
1805 1044 1832 1070 in
1851 1043 1974 1080 capitulo

450 1099 544 1119 nostro
555 1098 582 1119 et
593 1093 671 1119 nobis
681 1093 857 1119 audientibus
867 1093 1003 1119 testificati
1015 1097 1080 1118 sunt
1090 1113 1096 1124 ‚
1110 1101 1138 1118 se
1149 1102 1203 1118 una
1211 1102 1272 1118 eum
1285 1092 1418 1118 fratribus
1427 1092 1484 1118 suis
1493 1112 1500 1123 ‚
1513 1091 1658 1127 Arnulpho
1671 1091 1799 1118 videlicet
1810 1092 1974 1128 presbytero

451 1146 475 1165 et
494 1139 640 1166 Eustochio
655 1140 818 1166 scholastico
829 1161 835 1171 ,
853 1145 910 1166 toto
925 1140 1028 1166 seilicet
1045 1149 1096 1166 suo
1114 1139 1253 1174 capitulo,
1272 1139 1403 1166 ecclesiae
1416 1139 1554 1165 Ninivensi
1568 1139 1634 1174 jure
1650 1139 1836 1166 haereditario
1850 1149 1974 1166 mansum

453 1197 535 1213 unum
555 1187 719 1213 censualiter
736 1188 762 1213 iu
783 1193 947 1223 perpetuum
966 1187 1039 1223 apud
1055 1187 1243 1223 Caldenberga
1262 1187 1386 1219 dedisse.
1405 1192 1436 1212 ut
1452 1186 1580 1213 videlicet
1599 1187 1713 1214 ecelesia
1727 1187 1761 1214 de
1781 1187 1877 1214 Ninive
1893 1197 1976 1214 cano-

452 1236 517 1261 nicis
530 1235 562 1261 de
576 1235 715 1261 Mer-becco
734 1236 803 1262 duos
821 1235 921 1262 solidos
935 1236 1148 1262 Yalencinenses
1162 1235 1188 1261 in
1204 1235 1293 1261 natale
1310 1235 1418 1261 Domini
1433 1234 1547 1271 singulis
1562 1236 1639 1261 annis
1653 1234 1836 1270 persolveret.
1851 1234 1931 1270 Quod
1944 1239 1975 1261 ut

451 1288 539 1308 ratum
558 1283 584 1308 in
600 1288 764 1318 perpetuum
784 1288 958 1318 permaneret
975 1283 1060 1309 nostri
1079 1282 1191 1317 capituli
1210 1283 1367 1308 testimonio
1381 1287 1408 1309 et
1427 1287 1537 1313 nostro„
1559 1287 1585 1308 et
1605 1292 1690 1318 quum
1708 1282 1758 1318 ipsi
1781 1282 1900 1318 sigillum
1919 1291 1973 1308 non

451 1330 587 1355 habebant
599 1351 605 1358 ,
622 1331 723 1356 nostris
739 1330 834 1366 sigillis
852 1330 1039 1356 testimouium
1058 1339 1139 1355 suum
1158 1330 1315 1356 confirmari
1330 1329 1490 1356 voluerunt.
1511 1329 1742 1365 Recoguoverunt
1759 1329 1842 1355 etiam
1858 1329 1977 1364 praefati

451 1378 571 1403 canonici
584 1398 590 1405 ,
607 1377 744 1404 Robertus
760 1378 888 1404 videlicet
902 1383 929 1404 et
943 1377 1059 1412 Ojotus,
1077 1378 1104 1403 in
1120 1382 1216 1403 nostro
1236 1377 1330 1404 itidem
1350 1377 1471 1413 capitulo
1489 1387 1518 1404 se
1532 1383 1559 1404 et
1574 1376 1728 1403 confratres
1745 1386 1810 1403 suos
1823 1377 1973 1410 decimam,

451 1434 531 1460 quani
540 1425 573 1450 dc
584 1424 646 1451 seno
661 1425 776 1451 fratrum
788 1426 976 1452 Ninivensinm
986 1425 1184 1461 acciperejure
1196 1430 1338 1460 poterant,
1351 1425 1453 1452 eisdem
1463 1425 1656 1452 Ninivensibus
1665 1424 1798 1451 fratribus
1809 1424 1976 1451 censualiter

451 1482 501 1508 pro
509 1478 628 1508 quatuor
637 1473 729 1499 solidis
739 1473 985 1500 Valencinensibus
997 1473 1138 1499 annuatim
1147 1494 1153 1505 ,
1168 1478 1305 1508 perpetuo
1314 1473 1379 1506 jure
1394 1473 1534 1499 tribuisse.
1546 1472 1666 1506 Hujusce
1682 1471 1755 1498 modi
1771 1472 1958 1498 testimonium
1967 1493 1974 1505 ,

452 1525 481 1545 ut
495 1520 622 1555 deinceps
635 1520 744 1546 firmum
755 1525 782 1546 et
791 1529 887 1546 verum
901 1521 1076 1556 reciperetur
1086 1525 1113 1546 et
1127 1525 1280 1551 teneretur²
1294 1520 1447 1556 sigillorum
1460 1525 1619 1546 nostrorum
1633 1518 1812 1554 impressione
1823 1523 1851 1544 et
1864 1519 1975 1545 testium

452 1567 652 1602 subscriptione
673 1567 905 1593 confirmavimus.
920 1567 948 1593 S.
970 1567 1098 1599 XValteri⁷
1117 1567 1268 1592 sacerdotis
1284 1566 1318 1593 de
1330 1566 1455 1601 Ei'chem,
1470 1567 1498 1593 S.
1515 1566 1618 1602 Sigeri,
1630 1565 1781 1592 sacerdotis
1800 1565 1834 1591 de
1850 1564 1973 1600 Hasselt,

453 1614 480 1639 S.
498 1614 620 1640 Balduini
631 1635 637 1645 ,
660 1614 809 1640 sacerdotis
825 1614 858 1640 de
876 1613 1023 1640 Stenlauseu
1034 1635 1041 1648 ,
1058 1614 1087 1640 S.
1100 1613 1234 1647 Waheri,
1254 1613 1405 1640 sacerdotis
1419 1613 1454 1640 de
1471 1613 1596 1640 Wentica
1610 1634 1617 1644 ‚
1637 1611 1665 1638 S.
1680 1611 1793 1645 Alardi,
1813 1612 1974 1639 sacerdotis.

452 1661 546 1688 Actum
562 1672 632 1688 anno
644 1662 751 1688 Domini
764 1661 910 1689 MCLXVI.

1169 1708 1279 1741 original
1297 1716 1343 1733 aux
1361 1708 1468 1733 archives
1484 1708 1513 1732 de
1534 1708 1557 1732 la
1575 1706 1676 1732 Flandre
1692 1706 1823 1736 orientale,
1841 1705 1873 1730 les
1889 1714 1977 1731 sceaux

1201 1752 1297 1782 per-dus.

1160 1996 1257 2031 XXV
1263 2024 1270 2030 .

459 2074 615 2118 Ge'rtzrcl,
641 2077 804 2122 sezynem·
821 2075 862 2109 de
889 2074 1096 2121 Grimheoye
1119 2080 1152 2108 et
1168 2075 1209 2108 de
1231 2073 1388 2116 Ninwove,
1413 2073 1581 2120 confi'rme
1603 2074 1639 2108 la
1656 2074 1825 2109 donatz'on
1844 2075 1933 2120 faite
1954 2073 1978 2109 ἀ

647 2134 804 2180 l’abhczye
817 2146 893 2180 par
908 2146 971 2167 son
985 2133 1181 2178 fhnclatem’
1197 2132 1342 2168 Ge'rard
1355 2133 1397 2166 (le
1416 2132 1565 2168 Ninove.
1580 2133 1778 2168 —Nmovz.

1179 2302 1252 2325 1167.

494 2363 635 2398 Iuiprimee
647 2363 713 2389 dans
725 2364 820 2390 Jliraei
830 2363 929 2389 Danae.
944 2363 1010 2400 belq.
1020 2385 1027 2398 ‚
1042 2364 1090 2390 lib.
1108 2364 1150 2397 11,
1162 2374 1223 2400 cap.
1237 2364 1312 2398 LIV,
1329 2369 1357 2391 et
1368 2364 1436 2390 dans
1447 2363 1486 2390 les
1499 2372 1618 2399 preuves
1627 2363 1664 2390 (lu
1677 2369 1745 2390 tom.
1758 2363 1783 2390 ΙΙ
1794 2363 1843 2390 des
1855 2363 1979 2390 Annales

459 2410 514 2435 ord.
531 2411 654 2445 Praem„
669 2410 722 2437 col.
735 2410 899 2437 CCXXXIII.

1171 2461 1281 2494 Original
1290 2469 1337 2486 aux
1351 2461 1457 2486 archives
1469 2461 1497 2485 de
1510 2461 1532 2485 la
1545 2460 1647 2485 Flandre
1659 2460 1789 2491 orientale,
1799 2468 1869 2485 sceau
1879 2460 1979 2485 den-uit.
