<?xml version="1.0" encoding="UTF-8"?>
<!DOCTYPE html PUBLIC "-//W3C//DTD XHTML 1.0 Transitional//EN"
    "http://www.w3.org/TR/xhtml1/DTD/xhtml1-transitional.dtd">
<html xmlns="http://www.w3.org/1999/xhtml" xml:lang="en" lang="en">
 <head>
  <title>
</title>
<meta http-equiv="Content-Type" content="text/html;charset=utf-8" />
  <meta name='ocr-system' content='tesseract 3.04.00' />
  <meta name='ocr-capabilities' content='ocr_page ocr_carea ocr_par ocr_line ocrx_word'/>
</head>
<body>
  <div class='ocr_page' id='page_1' title='image "./corpuschronicoru02smetuoft_0854.png"; bbox 0 0 2137 3131; ppageno 0'>
   <div class='ocr_carea' id='block_1_1' title="bbox 431 396 1950 910">
    <p class='ocr_par' dir='ltr' id='par_1_1' title="bbox 431 396 1330 440">
     <span class='ocr_line' id='line_1_1' title="bbox 431 396 1330 440; baseline -0.011 0"><span class='ocrx_word' id='word_1_1' title='bbox 431 406 502 440; x_wconf 71' lang='lat'><strong>822</strong></span> <span class='ocrx_word' id='word_1_2' title='bbox 1041 396 1330 433; x_wconf 81' lang='lat' dir='ltr'><strong>APPENDICES.</strong></span> 
     </span>
    </p>

    <p class='ocr_par' dir='ltr' id='par_1_2' title="bbox 431 451 1950 910">
     <span class='ocr_line' id='line_1_2' title="bbox 1901 451 1914 461; baseline 0 -2"><span class='ocrx_word' id='word_1_3' title='bbox 1901 451 1914 461; x_wconf 75' lang='grc'>,</span> 
     </span>
     <span class='ocr_line' id='line_1_3' title="bbox 434 503 1948 548; baseline -0.005 -11"><span class='ocrx_word' id='word_1_4' title='bbox 434 512 507 548; x_wconf 70' lang='lat' dir='ltr'><strong>quod</strong></span> <span class='ocrx_word' id='word_1_5' title='bbox 526 520 586 537; x_wconf 86' lang='lat' dir='ltr'><strong>cum</strong></span> <span class='ocrx_word' id='word_1_6' title='bbox 604 509 714 535; x_wconf 69' lang='lat' dir='ltr'><strong>ecclesia</strong></span> <span class='ocrx_word' id='word_1_7' title='bbox 733 506 882 532; x_wconf 57' lang='lat' dir='ltr'><strong>Sinis-ensis</strong></span> <span class='ocrx_word' id='word_1_8' title='bbox 899 505 967 531; x_wconf 88' lang='lat' dir='ltr'><strong>duas</strong></span> <span class='ocrx_word' id='word_1_9' title='bbox 985 505 1084 541; x_wconf 75' lang='lat' dir='ltr'><strong>garbas</strong></span> <span class='ocrx_word' id='word_1_10' title='bbox 1101 505 1221 530; x_wconf 79' lang='lat' dir='ltr'>decimae</span> <span class='ocrx_word' id='word_1_11' title='bbox 1239 505 1265 530; x_wconf 92' lang='lat' dir='ltr'><strong>in</strong></span> <span class='ocrx_word' id='word_1_12' title='bbox 1286 504 1415 539; x_wconf 83' lang='lat' dir='ltr'><strong>parochia</strong></span> <span class='ocrx_word' id='word_1_13' title='bbox 1434 505 1520 530; x_wconf 89' lang='lat' dir='ltr'><strong>nostri</strong></span> <span class='ocrx_word' id='word_1_14' title='bbox 1535 504 1607 538; x_wconf 86' lang='lat' dir='ltr'><strong>juris</strong></span> <span class='ocrx_word' id='word_1_15' title='bbox 1624 504 1697 539; x_wconf 87' lang='lat' dir='ltr'><strong>apud</strong></span> <span class='ocrx_word' id='word_1_16' title='bbox 1714 504 1805 530; x_wconf 85' lang='lat' dir='ltr'><strong>Vorda</strong></span> <span class='ocrx_word' id='word_1_17' title='bbox 1819 503 1853 530; x_wconf 90' lang='lat' dir='ltr'><strong>de</strong></span> <span class='ocrx_word' id='word_1_18' title='bbox 1866 513 1948 530; x_wconf 87' lang='lat' dir='ltr'><strong>manu</strong></span> 
     </span>
     <span class='ocr_line' id='line_1_4' title="bbox 431 551 1946 587; baseline -0.005 -2"><span class='ocrx_word' id='word_1_19' title='bbox 431 559 496 584; x_wconf 78' lang='lat' dir='ltr'><strong>laica</strong></span> <span class='ocrx_word' id='word_1_20' title='bbox 513 557 639 583; x_wconf 70' lang='lat' dir='ltr'><strong>trees-ntis</strong></span> <span class='ocrx_word' id='word_1_21' title='bbox 656 555 752 580; x_wconf 86' lang='lat' dir='ltr'><strong>marcis</strong></span> <span class='ocrx_word' id='word_1_22' title='bbox 772 553 946 581; x_wconf 65' lang='lat' dir='ltr'><strong>redemisset,</strong></span> <span class='ocrx_word' id='word_1_23' title='bbox 964 552 1067 578; x_wconf 80' lang='lat' dir='ltr'><strong>invenit</strong></span> <span class='ocrx_word' id='word_1_24' title='bbox 1087 551 1227 587; x_wconf 78' lang='lat' dir='ltr'>praefatae</span> <span class='ocrx_word' id='word_1_25' title='bbox 1243 551 1374 578; x_wconf 83' lang='lat' dir='ltr'><strong>ecclesiae</strong></span> <span class='ocrx_word' id='word_1_26' title='bbox 1391 551 1508 578; x_wconf 82' lang='lat' dir='ltr'><strong>dilectus</strong></span> <span class='ocrx_word' id='word_1_27' title='bbox 1523 556 1616 578; x_wconf 87' lang='lat' dir='ltr'><strong>noster</strong></span> <span class='ocrx_word' id='word_1_28' title='bbox 1633 552 1718 578; x_wconf 85' lang='lat' dir='ltr'><strong>abbas</strong></span> <span class='ocrx_word' id='word_1_29' title='bbox 1736 552 1856 586; x_wconf 67' lang='lat' dir='ltr'><strong>Steppo,</strong></span> <span class='ocrx_word' id='word_1_30' title='bbox 1874 551 1946 587; x_wconf 88' lang='lat' dir='ltr'><strong>apud</strong></span> 
     </span>
     <span class='ocr_line' id='line_1_5' title="bbox 436 598 1949 635; baseline -0.005 -4"><span class='ocrx_word' id='word_1_31' title='bbox 436 606 550 631; x_wconf 67' lang='lat' dir='ltr'><strong>nonno-n</strong></span> <span class='ocrx_word' id='word_1_32' title='bbox 564 604 591 629; x_wconf 84' lang='lat' dir='ltr'><strong>S.</strong></span> <span class='ocrx_word' id='word_1_33' title='bbox 609 602 725 631; x_wconf 76' lang='lat' dir='ltr'><strong>Martini,</strong></span> <span class='ocrx_word' id='word_1_34' title='bbox 740 606 767 626; x_wconf 80' lang='lat' dir='ltr'><strong>et</strong></span> <span class='ocrx_word' id='word_1_35' title='bbox 778 600 855 626; x_wconf 85' lang='lat' dir='ltr'><strong>nobis</strong></span> <span class='ocrx_word' id='word_1_36' title='bbox 867 605 894 625; x_wconf 84' lang='lat' dir='ltr'><strong>et</strong></span> <span class='ocrx_word' id='word_1_37' title='bbox 908 599 1048 634; x_wconf 77' lang='lat' dir='ltr'><strong>capellano</strong></span> <span class='ocrx_word' id='word_1_38' title='bbox 1060 605 1154 625; x_wconf 85' lang='lat' dir='ltr'><strong>nostro</strong></span> <span class='ocrx_word' id='word_1_39' title='bbox 1169 599 1293 634; x_wconf 80' lang='lat' dir='ltr'><strong>projure</strong></span> <span class='ocrx_word' id='word_1_40' title='bbox 1307 599 1522 635; x_wconf 77' lang='lat' dir='ltr'>propinquitatis</span> <span class='ocrx_word' id='word_1_41' title='bbox 1534 599 1648 625; x_wconf 84' lang='lat' dir='ltr'><strong>abstulit.</strong></span> <span class='ocrx_word' id='word_1_42' title='bbox 1658 599 1758 633; x_wconf 86' lang='lat' dir='ltr'><strong>sejure</strong></span> <span class='ocrx_word' id='word_1_43' title='bbox 1770 608 1820 625; x_wconf 89' lang='lat' dir='ltr'><strong>suo</strong></span> <span class='ocrx_word' id='word_1_44' title='bbox 1832 598 1949 625; x_wconf 79' lang='lat' dir='ltr'><strong>libenter</strong></span> 
     </span>
     <span class='ocr_line' id='line_1_6' title="bbox 433 645 1949 684; baseline -0.004 -7"><span class='ocrx_word' id='word_1_45' title='bbox 433 660 581 678; x_wconf 78' lang='lat' dir='ltr'><strong>cessurum.</strong></span> <span class='ocrx_word' id='word_1_46' title='bbox 594 649 615 674; x_wconf 90' lang='lat' dir='ltr'><strong>si</strong></span> <span class='ocrx_word' id='word_1_47' title='bbox 628 652 811 684; x_wconf 74' lang='lat' dir='ltr'><strong>praetaxatam</strong></span> <span class='ocrx_word' id='word_1_48' title='bbox 823 647 964 682; x_wconf 86' lang='lat' dir='ltr'><strong>pecuniam</strong></span> <span class='ocrx_word' id='word_1_49' title='bbox 976 647 1000 672; x_wconf 85' lang='lat' dir='ltr'><strong>ei</strong></span> <span class='ocrx_word' id='word_1_50' title='bbox 1011 646 1200 673; x_wconf 86' lang='lat' dir='ltr'><strong>redderemus.</strong></span> <span class='ocrx_word' id='word_1_51' title='bbox 1214 646 1266 672; x_wconf 79' lang='lat' dir='ltr'><strong>Sed</strong></span> <span class='ocrx_word' id='word_1_52' title='bbox 1277 655 1338 672; x_wconf 91' lang='lat' dir='ltr'><strong>cum</strong></span> <span class='ocrx_word' id='word_1_53' title='bbox 1349 646 1401 672; x_wconf 90' lang='lat' dir='ltr'><strong>hoc</strong></span> <span class='ocrx_word' id='word_1_54' title='bbox 1409 646 1488 672; x_wconf 86' lang='lat' dir='ltr'><strong>nobis</strong></span> <span class='ocrx_word' id='word_1_55' title='bbox 1501 646 1610 672; x_wconf 89' lang='lat' dir='ltr'><strong>minime</strong></span> <span class='ocrx_word' id='word_1_56' title='bbox 1621 645 1742 677; x_wconf 82' lang='lat' dir='ltr'><strong>cederet,</strong></span> <span class='ocrx_word' id='word_1_57' title='bbox 1753 650 1785 671; x_wconf 83' lang='lat' dir='ltr'><strong>ut</strong></span> <span class='ocrx_word' id='word_1_58' title='bbox 1796 645 1830 671; x_wconf 89' lang='lat' dir='ltr'><strong>de</strong></span> <span class='ocrx_word' id='word_1_59' title='bbox 1840 650 1949 671; x_wconf 84' lang='lat' dir='ltr'><strong>caetero</strong></span> 
     </span>
     <span class='ocr_line' id='line_1_7' title="bbox 433 691 1950 729; baseline -0.004 -6"><span class='ocrx_word' id='word_1_60' title='bbox 433 700 500 724; x_wconf 72' lang='lat' dir='ltr'><strong>lianc</strong></span> <span class='ocrx_word' id='word_1_61' title='bbox 512 697 640 723; x_wconf 79' lang='lat' dir='ltr'><strong>decimam</strong></span> <span class='ocrx_word' id='word_1_62' title='bbox 657 695 742 721; x_wconf 82' lang='lat' dir='ltr'><strong>libere</strong></span> <span class='ocrx_word' id='word_1_63' title='bbox 754 700 780 721; x_wconf 85' lang='lat' dir='ltr'><strong>et</strong></span> <span class='ocrx_word' id='word_1_64' title='bbox 791 694 849 720; x_wconf 77' lang='lat' dir='ltr'><strong>sine</strong></span> <span class='ocrx_word' id='word_1_65' title='bbox 860 694 995 719; x_wconf 80' lang='lat' dir='ltr'><strong>calumnia</strong></span> <span class='ocrx_word' id='word_1_66' title='bbox 1009 694 1134 729; x_wconf 76' lang='lat' dir='ltr'><strong>praefata</strong></span> <span class='ocrx_word' id='word_1_67' title='bbox 1147 693 1258 719; x_wconf 84' lang='lat' dir='ltr'><strong>ecelesia</strong></span> <span class='ocrx_word' id='word_1_68' title='bbox 1271 694 1425 728; x_wconf 66' lang='lat' dir='ltr'><strong>possideat,</strong></span> <span class='ocrx_word' id='word_1_69' title='bbox 1438 693 1521 727; x_wconf 83' lang='lat' dir='ltr'><strong>hujus</strong></span> <span class='ocrx_word' id='word_1_70' title='bbox 1532 692 1678 719; x_wconf 89' lang='lat' dir='ltr'><strong>oblationis</strong></span> <span class='ocrx_word' id='word_1_71' title='bbox 1686 693 1765 718; x_wconf 85' lang='lat' dir='ltr'><strong>nobis</strong></span> <span class='ocrx_word' id='word_1_72' title='bbox 1776 691 1863 718; x_wconf 82' lang='lat' dir='ltr'><strong>sactae</strong></span> <span class='ocrx_word' id='word_1_73' title='bbox 1873 692 1950 718; x_wconf 87' lang='lat' dir='ltr'><strong>testi-</strong></span> 
     </span>
     <span class='ocr_line' id='line_1_8' title="bbox 433 738 1946 778; baseline -0.003 -9"><span class='ocrx_word' id='word_1_74' title='bbox 433 745 548 770; x_wconf 88' lang='lat' dir='ltr'><strong>mouium</strong></span> <span class='ocrx_word' id='word_1_75' title='bbox 563 742 738 778; x_wconf 79' lang='lat' dir='ltr'><strong>perhibemus</strong></span> <span class='ocrx_word' id='word_1_76' title='bbox 749 762 755 773; x_wconf 85' lang='lat'>‚</span> <span class='ocrx_word' id='word_1_77' title='bbox 768 746 794 766; x_wconf 76' lang='lat' dir='ltr'><strong>et</strong></span> <span class='ocrx_word' id='word_1_78' title='bbox 805 740 938 775; x_wconf 86' lang='lat' dir='ltr'><strong>quidquid</strong></span> <span class='ocrx_word' id='word_1_79' title='bbox 952 745 1042 766; x_wconf 80' lang='lat' dir='ltr'><strong>actum</strong></span> <span class='ocrx_word' id='word_1_80' title='bbox 1054 745 1094 766; x_wconf 79' lang='lat' dir='ltr'><strong>est</strong></span> <span class='ocrx_word' id='word_1_81' title='bbox 1107 740 1141 766; x_wconf 89' lang='lat' dir='ltr'><strong>de</strong></span> <span class='ocrx_word' id='word_1_82' title='bbox 1152 746 1245 766; x_wconf 89' lang='lat' dir='ltr'><strong>nostra</strong></span> <span class='ocrx_word' id='word_1_83' title='bbox 1257 740 1328 766; x_wconf 87' lang='lat' dir='ltr'><strong>bona</strong></span> <span class='ocrx_word' id='word_1_84' title='bbox 1340 740 1482 766; x_wconf 68' lang='lat' dir='ltr'><strong>voluntate</strong></span> <span class='ocrx_word' id='word_1_85' title='bbox 1495 744 1523 766; x_wconf 90' lang='lat' dir='ltr'><strong>et</strong></span> <span class='ocrx_word' id='word_1_86' title='bbox 1536 748 1670 766; x_wconf 88' lang='lat' dir='ltr'><strong>consensu</strong></span> <span class='ocrx_word' id='word_1_87' title='bbox 1684 748 1743 765; x_wconf 88' lang='lat' dir='ltr'><strong>esse</strong></span> <span class='ocrx_word' id='word_1_88' title='bbox 1752 760 1759 771; x_wconf 70' lang='lat'><strong>‚</strong></span> <span class='ocrx_word' id='word_1_89' title='bbox 1773 738 1946 774; x_wconf 81' lang='lat' dir='ltr'><strong>profitemur.</strong></span> 
     </span>
     <span class='ocr_line' id='line_1_9' title="bbox 433 785 1947 822; baseline -0.003 -6"><span class='ocrx_word' id='word_1_90' title='bbox 433 792 465 817; x_wconf 78' lang='lat' dir='ltr'><strong>t&#39;t</strong></span> <span class='ocrx_word' id='word_1_91' title='bbox 477 796 565 815; x_wconf 77' lang='lat' dir='ltr'><strong>autem</strong></span> <span class='ocrx_word' id='word_1_92' title='bbox 582 789 632 814; x_wconf 85' lang='lat' dir='ltr'><strong>hoc</strong></span> <span class='ocrx_word' id='word_1_93' title='bbox 646 793 734 814; x_wconf 86' lang='lat' dir='ltr'><strong>ratum</strong></span> <span class='ocrx_word' id='word_1_94' title='bbox 747 792 774 813; x_wconf 82' lang='lat' dir='ltr'><strong>et</strong></span> <span class='ocrx_word' id='word_1_95' title='bbox 787 786 884 813; x_wconf 81' lang='lat' dir='ltr'><strong>stabile</strong></span> <span class='ocrx_word' id='word_1_96' title='bbox 897 787 922 812; x_wconf 91' lang='lat' dir='ltr'><strong>in</strong></span> <span class='ocrx_word' id='word_1_97' title='bbox 938 792 1081 813; x_wconf 82' lang='lat' dir='ltr'><strong>aeternum</strong></span> <span class='ocrx_word' id='word_1_98' title='bbox 1095 792 1271 822; x_wconf 82' lang='lat' dir='ltr'><strong>permaneat,</strong></span> <span class='ocrx_word' id='word_1_99' title='bbox 1285 788 1419 822; x_wconf 83' lang='lat' dir='ltr'><strong>scriptum</strong></span> <span class='ocrx_word' id='word_1_100' title='bbox 1432 786 1484 812; x_wconf 86' lang='lat' dir='ltr'><strong>hoc</strong></span> <span class='ocrx_word' id='word_1_101' title='bbox 1495 786 1576 822; x_wconf 78' lang='lat' dir='ltr'>sigilli</span> <span class='ocrx_word' id='word_1_102' title='bbox 1586 787 1673 812; x_wconf 86' lang='lat' dir='ltr'><strong>nostri</strong></span> <span class='ocrx_word' id='word_1_103' title='bbox 1687 785 1854 821; x_wconf 82' lang='lat' dir='ltr'><strong>appensione</strong></span> <span class='ocrx_word' id='word_1_104' title='bbox 1864 785 1947 811; x_wconf 89' lang='lat' dir='ltr'><strong>robo-</strong></span> 
     </span>
     <span class='ocr_line' id='line_1_10' title="bbox 431 832 1945 871; baseline -0.003 -8"><span class='ocrx_word' id='word_1_105' title='bbox 431 847 534 866; x_wconf 78' lang='lat' dir='ltr'><strong>ramus,</strong></span> <span class='ocrx_word' id='word_1_106' title='bbox 549 836 710 871; x_wconf 72' lang='lat' dir='ltr'><strong>subscriptis</strong></span> <span class='ocrx_word' id='word_1_107' title='bbox 724 835 840 860; x_wconf 81' lang='lat' dir='ltr'><strong>testibus</strong></span> <span class='ocrx_word' id='word_1_108' title='bbox 856 844 862 860; x_wconf 91' lang='lat'>:</span> <span class='ocrx_word' id='word_1_109' title='bbox 879 834 1005 861; x_wconf 83' lang='lat' dir='ltr'><strong>Johanne</strong></span> <span class='ocrx_word' id='word_1_110' title='bbox 1018 834 1144 860; x_wconf 74' lang='lat' dir='ltr'><strong>videlicet</strong></span> <span class='ocrx_word' id='word_1_111' title='bbox 1158 834 1293 860; x_wconf 79' lang='lat' dir='ltr'><strong>abbatede</strong></span> <span class='ocrx_word' id='word_1_112' title='bbox 1308 834 1438 860; x_wconf 77' lang='lat' dir='ltr'><strong>Vermnnt</strong></span> <span class='ocrx_word' id='word_1_113' title='bbox 1449 839 1476 859; x_wconf 85' lang='lat' dir='ltr'><strong>et</strong></span> <span class='ocrx_word' id='word_1_114' title='bbox 1488 834 1610 860; x_wconf 85' lang='lat' dir='ltr'><strong>Roberto</strong></span> <span class='ocrx_word' id='word_1_115' title='bbox 1621 834 1716 867; x_wconf 85' lang='lat' dir='ltr'><strong>Morel,</strong></span> <span class='ocrx_word' id='word_1_116' title='bbox 1730 842 1779 859; x_wconf 90' lang='lat' dir='ltr'><strong>suo</strong></span> <span class='ocrx_word' id='word_1_117' title='bbox 1794 832 1945 868; x_wconf 81' lang='lat' dir='ltr'><strong>capellanO.</strong></span> 
     </span>
     <span class='ocr_line' id='line_1_11' title="bbox 431 881 847 910; baseline -0.007 -1"><span class='ocrx_word' id='word_1_118' title='bbox 431 886 523 910; x_wconf 66' lang='lat' dir='ltr'><strong>Actum</strong></span> <span class='ocrx_word' id='word_1_119' title='bbox 539 893 609 909; x_wconf 86' lang='lat' dir='ltr'><strong>auno</strong></span> <span class='ocrx_word' id='word_1_120' title='bbox 624 882 728 908; x_wconf 80' lang='lat' dir='ltr'><strong>Domini</strong></span> <span class='ocrx_word' id='word_1_121' title='bbox 744 881 847 907; x_wconf 78' lang='lat' dir='ltr'><strong>MCCH.</strong></span> 
     </span>
    </p>
   </div>
   <div class='ocr_carea' id='block_1_2' title="bbox 1120 1169 1240 1204">
    <p class='ocr_par' dir='ltr' id='par_1_3' title="bbox 1120 1169 1240 1204">
     <span class='ocr_line' id='line_1_12' title="bbox 1120 1169 1240 1204; baseline -0.008 -1"><span class='ocrx_word' id='word_1_122' title='bbox 1120 1169 1240 1204; x_wconf 83' lang='lat' dir='ltr'>XCVI.</span> 
     </span>
    </p>
   </div>
   <div class='ocr_carea' id='block_1_3' title="bbox 429 1259 1948 1374">
    <p class='ocr_par' dir='ltr' id='par_1_4' title="bbox 429 1259 1948 1374">
     <span class='ocr_line' id='line_1_13' title="bbox 429 1259 1948 1318; baseline -0.001 -13"><span class='ocrx_word' id='word_1_123' title='bbox 429 1259 580 1305; x_wconf 73' lang='lat' dir='ltr'><strong>Erasme.</strong></span> <span class='ocrx_word' id='word_1_124' title='bbox 592 1271 632 1304; x_wconf 77' lang='lat' dir='ltr'><strong>de</strong></span> <span class='ocrx_word' id='word_1_125' title='bbox 650 1271 766 1305; x_wconf 67' lang='lat' dir='ltr'><strong>(inere</strong></span> <span class='ocrx_word' id='word_1_126' title='bbox 778 1269 965 1303; x_wconf 70' lang='lat' dir='ltr'><strong>recomza‘z‘c</strong></span> <span class='ocrx_word' id='word_1_127' title='bbox 978 1282 1049 1304; x_wconf 78' lang='lat' dir='ltr'><strong>ww</strong></span> <span class='ocrx_word' id='word_1_128' title='bbox 1059 1270 1228 1304; x_wconf 59' lang='lat' dir='ltr'><strong>donatiam</strong></span> <span class='ocrx_word' id='word_1_129' title='bbox 1243 1271 1285 1305; x_wconf 82' lang='lat' dir='ltr'><strong>de</strong></span> <span class='ocrx_word' id='word_1_130' title='bbox 1299 1271 1450 1305; x_wconf 75' lang='lat' dir='ltr'><strong>diverses</strong></span> <span class='ocrx_word' id='word_1_131' title='bbox 1458 1274 1595 1318; x_wconf 72' lang='lat' dir='ltr'><strong>parties</strong></span> <span class='ocrx_word' id='word_1_132' title='bbox 1612 1271 1653 1305; x_wconf 78' lang='lat' dir='ltr'><strong>cle</strong></span> <span class='ocrx_word' id='word_1_133' title='bbox 1668 1282 1786 1305; x_wconf 83' lang='lat' dir='ltr'><strong>moere</strong></span> <span class='ocrx_word' id='word_1_134' title='bbox 1795 1297 1804 1312; x_wconf 49' lang='lat'><em>5</em></span> <span class='ocrx_word' id='word_1_135' title='bbox 1823 1269 1948 1304; x_wconf 66' lang='lat' dir='ltr'><strong>sz&#39;tudes</strong></span> 
     </span>
     <span class='ocr_line' id='line_1_14' title="bbox 480 1328 1894 1374; baseline -0.001 -12"><span class='ocrx_word' id='word_1_136' title='bbox 480 1328 499 1362; x_wconf 84' lang='grc' dir='ltr'><em>ἀ</em></span> <span class='ocrx_word' id='word_1_137' title='bbox 523 1329 736 1369; x_wconf 60' lang='lat' dir='ltr'><strong>zlleudonclss,</strong></span> <span class='ocrx_word' id='word_1_138' title='bbox 755 1329 842 1373; x_wconf 77' lang='lat' dir='ltr'><strong>faite</strong></span> <span class='ocrx_word' id='word_1_139' title='bbox 854 1340 930 1374; x_wconf 77' lang='lat' dir='ltr'><strong>par</strong></span> <span class='ocrx_word' id='word_1_140' title='bbox 947 1328 975 1361; x_wconf 81' lang='lat' dir='ltr'><strong>le</strong></span> <span class='ocrx_word' id='word_1_141' title='bbox 993 1334 1099 1362; x_wconf 80' lang='lat' dir='ltr'><strong>comte</strong></span> <span class='ocrx_word' id='word_1_142' title='bbox 1118 1328 1314 1362; x_wconf 75' lang='lat' dir='ltr'><strong>chdouz&#39;n</strong></span> <span class='ocrx_word' id='word_1_143' title='bbox 1331 1335 1365 1363; x_wconf 76' lang='lat' dir='ltr'><strong>et</strong></span> <span class='ocrx_word' id='word_1_144' title='bbox 1381 1329 1409 1363; x_wconf 82' lang='lat' dir='ltr'><strong>le</strong></span> <span class='ocrx_word' id='word_1_145' title='bbox 1426 1332 1564 1363; x_wconf 69' lang='lat' dir='ltr'><strong>ozotaz&#39;re</strong></span> <span class='ocrx_word' id='word_1_146' title='bbox 1583 1329 1702 1363; x_wconf 70' lang='lat' dir='ltr'><strong>Rolm.</strong></span> <span class='ocrx_word' id='word_1_147' title='bbox 1720 1328 1894 1362; x_wconf 65' lang='lat' dir='ltr'><strong>—CAunL</strong></span> 
     </span>
    </p>
   </div>
   <div class='ocr_carea' id='block_1_4' title="bbox 1146 1525 1218 1548">
    <p class='ocr_par' dir='ltr' id='par_1_5' title="bbox 1146 1525 1218 1548">
     <span class='ocr_line' id='line_1_15' title="bbox 1146 1525 1218 1548; baseline -0.014 0"><span class='ocrx_word' id='word_1_148' title='bbox 1146 1525 1218 1548; x_wconf 67' lang='lat'>1202.</span> 
     </span>
    </p>
   </div>
   <div class='ocr_carea' id='block_1_5' title="bbox 427 1604 1948 2346">
    <p class='ocr_par' dir='ltr' id='par_1_6' title="bbox 427 1604 1948 2346">
     <span class='ocr_line' id='line_1_16' title="bbox 467 1604 1946 1643; baseline -0.001 -11"><span class='ocrx_word' id='word_1_149' title='bbox 467 1607 496 1632; x_wconf 89' lang='lat' dir='ltr'><strong>ln</strong></span> <span class='ocrx_word' id='word_1_150' title='bbox 511 1608 617 1632; x_wconf 89' lang='lat' dir='ltr'><strong>nomine</strong></span> <span class='ocrx_word' id='word_1_151' title='bbox 630 1611 738 1632; x_wconf 85' lang='lat' dir='ltr'><strong>sanctae</strong></span> <span class='ocrx_word' id='word_1_152' title='bbox 751 1611 779 1632; x_wconf 79' lang='lat' dir='ltr'><strong>et</strong></span> <span class='ocrx_word' id='word_1_153' title='bbox 791 1606 948 1632; x_wconf 76' lang='lat' dir='ltr'><strong>individuae</strong></span> <span class='ocrx_word' id='word_1_154' title='bbox 959 1607 1111 1632; x_wconf 76' lang='lat' dir='ltr'><strong>Trinitatis.</strong></span> <span class='ocrx_word' id='word_1_155' title='bbox 1128 1606 1200 1633; x_wconf 87' lang='lat' dir='ltr'><strong>Razo</strong></span> <span class='ocrx_word' id='word_1_156' title='bbox 1211 1627 1218 1637; x_wconf 65' lang='lat'><em>‚</em></span> <span class='ocrx_word' id='word_1_157' title='bbox 1235 1606 1285 1632; x_wconf 88' lang='lat' dir='ltr'><strong>Dei</strong></span> <span class='ocrx_word' id='word_1_158' title='bbox 1299 1607 1387 1643; x_wconf 83' lang='lat' dir='ltr'><strong>gratia</strong></span> <span class='ocrx_word' id='word_1_159' title='bbox 1397 1628 1403 1634; x_wconf 88' lang='lat'>.</span> <span class='ocrx_word' id='word_1_160' title='bbox 1420 1606 1454 1633; x_wconf 91' lang='lat' dir='ltr'><strong>de</strong></span> <span class='ocrx_word' id='word_1_161' title='bbox 1469 1606 1574 1633; x_wconf 84' lang='lat' dir='ltr'><strong>Gavera</strong></span> <span class='ocrx_word' id='word_1_162' title='bbox 1585 1627 1591 1632; x_wconf 91' lang='lat'>.</span> <span class='ocrx_word' id='word_1_163' title='bbox 1606 1607 1737 1641; x_wconf 86' lang='lat' dir='ltr'><strong>pincerna</strong></span> <span class='ocrx_word' id='word_1_164' title='bbox 1749 1605 1856 1632; x_wconf 81' lang='lat' dir='ltr'><strong>comitis</strong></span> <span class='ocrx_word' id='word_1_165' title='bbox 1865 1604 1946 1631; x_wconf 84' lang='lat' dir='ltr'><strong>Flan-</strong></span> 
     </span>
     <span class='ocr_line' id='line_1_17' title="bbox 427 1652 1945 1690; baseline -0.001 -10"><span class='ocrx_word' id='word_1_166' title='bbox 427 1654 502 1680; x_wconf 84' lang='lat' dir='ltr'><strong>driae</strong></span> <span class='ocrx_word' id='word_1_167' title='bbox 513 1675 520 1685; x_wconf 80' lang='grc'>,</span> <span class='ocrx_word' id='word_1_168' title='bbox 535 1653 723 1689; x_wconf 86' lang='lat' dir='ltr'><strong>praesentibus</strong></span> <span class='ocrx_word' id='word_1_169' title='bbox 737 1658 763 1679; x_wconf 83' lang='lat' dir='ltr'><strong>et</strong></span> <span class='ocrx_word' id='word_1_170' title='bbox 778 1652 879 1680; x_wconf 78' lang='lat' dir='ltr'><strong>futuris</strong></span> <span class='ocrx_word' id='word_1_171' title='bbox 890 1653 917 1679; x_wconf 90' lang='lat' dir='ltr'><strong>in</strong></span> <span class='ocrx_word' id='word_1_172' title='bbox 932 1659 1108 1689; x_wconf 86' lang='lat' dir='ltr'><strong>perpetuum.</strong></span> <span class='ocrx_word' id='word_1_173' title='bbox 1125 1654 1200 1689; x_wconf 74' lang='lat' dir='ltr'><strong>Quae</strong></span> <span class='ocrx_word' id='word_1_174' title='bbox 1214 1654 1298 1680; x_wconf 89' lang='lat' dir='ltr'><strong>semel</strong></span> <span class='ocrx_word' id='word_1_175' title='bbox 1311 1659 1388 1690; x_wconf 76' lang='lat' dir='ltr'><strong>gesta</strong></span> <span class='ocrx_word' id='word_1_176' title='bbox 1401 1659 1465 1679; x_wconf 84' lang='lat' dir='ltr'><strong>sunt</strong></span> <span class='ocrx_word' id='word_1_177' title='bbox 1479 1663 1514 1679; x_wconf 85' lang='lat' dir='ltr'><strong>ne</strong></span> <span class='ocrx_word' id='word_1_178' title='bbox 1527 1662 1658 1689; x_wconf 86' lang='lat' dir='ltr'><strong>processu</strong></span> <span class='ocrx_word' id='word_1_179' title='bbox 1673 1653 1803 1688; x_wconf 88' lang='lat' dir='ltr'><strong>temporis</strong></span> <span class='ocrx_word' id='word_1_180' title='bbox 1816 1652 1945 1678; x_wconf 79' lang='lat' dir='ltr'><strong>labantur</strong></span> 
     </span>
     <span class='ocr_line' id='line_1_18' title="bbox 430 1699 1946 1736; baseline 0 -10"><span class='ocrx_word' id='word_1_181' title='bbox 430 1711 443 1726; x_wconf 84' lang='lat' dir='ltr'><strong>a</strong></span> <span class='ocrx_word' id='word_1_182' title='bbox 457 1701 596 1731; x_wconf 64' lang='lat' dir='ltr'><strong>memoria,</strong></span> <span class='ocrx_word' id='word_1_183' title='bbox 612 1700 723 1736; x_wconf 79' lang='lat' dir='ltr'><strong>dignum</strong></span> <span class='ocrx_word' id='word_1_184' title='bbox 735 1701 802 1726; x_wconf 86' lang='lat' dir='ltr'><strong>haec</strong></span> <span class='ocrx_word' id='word_1_185' title='bbox 815 1700 942 1726; x_wconf 82' lang='lat' dir='ltr'><strong>duximus</strong></span> <span class='ocrx_word' id='word_1_186' title='bbox 953 1700 987 1726; x_wconf 90' lang='lat' dir='ltr'><strong>ad</strong></span> <span class='ocrx_word' id='word_1_187' title='bbox 998 1706 1124 1736; x_wconf 80' lang='lat' dir='ltr'><strong>posteros</strong></span> <span class='ocrx_word' id='word_1_188' title='bbox 1134 1701 1258 1727; x_wconf 81' lang='lat' dir='ltr'><strong>notitiam</strong></span> <span class='ocrx_word' id='word_1_189' title='bbox 1270 1702 1373 1736; x_wconf 87' lang='lat' dir='ltr'><strong>scripto</strong></span> <span class='ocrx_word' id='word_1_190' title='bbox 1388 1701 1585 1727; x_wconf 80' lang='lat' dir='ltr'><strong>transmittere.</strong></span> <span class='ocrx_word' id='word_1_191' title='bbox 1602 1700 1734 1726; x_wconf 86' lang='lat' dir='ltr'><strong>Dominus</strong></span> <span class='ocrx_word' id='word_1_192' title='bbox 1745 1709 1822 1726; x_wconf 86' lang='lat' dir='ltr'><strong>meus</strong></span> <span class='ocrx_word' id='word_1_193' title='bbox 1836 1699 1946 1726; x_wconf 84' lang='lat' dir='ltr'><strong>Baldui-</strong></span> 
     </span>
     <span class='ocr_line' id='line_1_19' title="bbox 428 1747 1943 1783; baseline 0 -10"><span class='ocrx_word' id='word_1_194' title='bbox 428 1757 491 1774; x_wconf 88' lang='lat' dir='ltr'><strong>nus.</strong></span> <span class='ocrx_word' id='word_1_195' title='bbox 508 1757 597 1773; x_wconf 85' lang='lat' dir='ltr'><strong>comes</strong></span> <span class='ocrx_word' id='word_1_196' title='bbox 606 1747 748 1773; x_wconf 88' lang='lat' dir='ltr'><strong>Flandriae</strong></span> <span class='ocrx_word' id='word_1_197' title='bbox 757 1768 764 1778; x_wconf 67' lang='grc'>,</span> <span class='ocrx_word' id='word_1_198' title='bbox 777 1752 804 1773; x_wconf 87' lang='lat' dir='ltr'><strong>et</strong></span> <span class='ocrx_word' id='word_1_199' title='bbox 816 1757 885 1773; x_wconf 79' lang='lat' dir='ltr'><strong>uxor</strong></span> <span class='ocrx_word' id='word_1_200' title='bbox 898 1748 957 1782; x_wconf 85' lang='lat' dir='ltr'><strong>ejus</strong></span> <span class='ocrx_word' id='word_1_201' title='bbox 968 1747 1083 1777; x_wconf 78' lang='lat' dir='ltr'><strong>Mariae,</strong></span> <span class='ocrx_word' id='word_1_202' title='bbox 1098 1757 1160 1774; x_wconf 85' lang='lat' dir='ltr'><strong>eum</strong></span> <span class='ocrx_word' id='word_1_203' title='bbox 1173 1747 1304 1774; x_wconf 85' lang='lat' dir='ltr'><strong>ecclesiae</strong></span> <span class='ocrx_word' id='word_1_204' title='bbox 1316 1748 1454 1774; x_wconf 74' lang='lat' dir='ltr'><strong>Ninivensi</strong></span> <span class='ocrx_word' id='word_1_205' title='bbox 1464 1747 1604 1774; x_wconf 85' lang='lat' dir='ltr'><strong>dedissent</strong></span> <span class='ocrx_word' id='word_1_206' title='bbox 1617 1748 1644 1773; x_wconf 87' lang='lat' dir='ltr'><strong>in</strong></span> <span class='ocrx_word' id='word_1_207' title='bbox 1658 1747 1856 1783; x_wconf 77' lang='lat' dir='ltr'><strong>eleemosynam</strong></span> <span class='ocrx_word' id='word_1_208' title='bbox 1869 1747 1943 1783; x_wconf 86' lang='lat' dir='ltr'><strong>apud</strong></span> 
     </span>
     <span class='ocr_line' id='line_1_20' title="bbox 430 1793 1948 1829; baseline 0.001 -10"><span class='ocrx_word' id='word_1_209' title='bbox 430 1794 576 1829; x_wconf 62' lang='grc' dir='ltr'><strong>ΔῚΙειιιιῗιιιιιη]</strong></span> <span class='ocrx_word' id='word_1_210' title='bbox 591 1794 679 1820; x_wconf 89' lang='lat' dir='ltr'><strong>locum</strong></span> <span class='ocrx_word' id='word_1_211' title='bbox 691 1794 723 1819; x_wconf 84' lang='lat' dir='ltr'><strong>ad</strong></span> <span class='ocrx_word' id='word_1_212' title='bbox 735 1793 900 1820; x_wconf 79' lang='lat' dir='ltr'><strong>fundandam</strong></span> <span class='ocrx_word' id='word_1_213' title='bbox 909 1795 1013 1820; x_wconf 88' lang='lat' dir='ltr'><strong>curiam</strong></span> <span class='ocrx_word' id='word_1_214' title='bbox 1025 1800 1052 1820; x_wconf 87' lang='lat' dir='ltr'><strong>et</strong></span> <span class='ocrx_word' id='word_1_215' title='bbox 1067 1795 1167 1820; x_wconf 87' lang='lat' dir='ltr'><strong>ibidem</strong></span> <span class='ocrx_word' id='word_1_216' title='bbox 1180 1805 1212 1821; x_wconf 77' lang='lat' dir='ltr'><strong>xx</strong></span> <span class='ocrx_word' id='word_1_217' title='bbox 1226 1795 1339 1821; x_wconf 89' lang='lat' dir='ltr'><strong>bonaria</strong></span> <span class='ocrx_word' id='word_1_218' title='bbox 1351 1795 1432 1826; x_wconf 68' lang='lat' dir='ltr'><strong>mori,</strong></span> <span class='ocrx_word' id='word_1_219' title='bbox 1449 1794 1581 1829; x_wconf 85' lang='lat' dir='ltr'><strong>adjecerit</strong></span> <span class='ocrx_word' id='word_1_220' title='bbox 1593 1795 1673 1820; x_wconf 83' lang='lat' dir='ltr'><strong>etiam</strong></span> <span class='ocrx_word' id='word_1_221' title='bbox 1684 1794 1818 1829; x_wconf 88' lang='lat' dir='ltr'><strong>quidquid</strong></span> <span class='ocrx_word' id='word_1_222' title='bbox 1829 1794 1948 1821; x_wconf 78' lang='lat' dir='ltr'><strong>includi·—</strong></span> 
     </span>
     <span class='ocr_line' id='line_1_21' title="bbox 431 1840 1946 1877; baseline 0.001 -12"><span class='ocrx_word' id='word_1_223' title='bbox 431 1847 476 1866; x_wconf 82' lang='lat' dir='ltr'><strong>tur</strong></span> <span class='ocrx_word' id='word_1_224' title='bbox 487 1842 512 1866; x_wconf 89' lang='lat' dir='ltr'><strong>in</strong></span> <span class='ocrx_word' id='word_1_225' title='bbox 528 1840 608 1866; x_wconf 84' lang='lat' dir='ltr'><strong>terris</strong></span> <span class='ocrx_word' id='word_1_226' title='bbox 620 1845 645 1866; x_wconf 89' lang='lat' dir='ltr'><strong>et</strong></span> <span class='ocrx_word' id='word_1_227' title='bbox 657 1841 742 1875; x_wconf 86' lang='lat' dir='ltr'><strong>pratis</strong></span> <span class='ocrx_word' id='word_1_228' title='bbox 752 1861 759 1872; x_wconf 79' lang='lat'><em>‚</em></span> <span class='ocrx_word' id='word_1_229' title='bbox 773 1841 844 1866; x_wconf 84' lang='lat' dir='ltr'><strong>sicut</strong></span> <span class='ocrx_word' id='word_1_230' title='bbox 855 1850 886 1867; x_wconf 84' lang='lat' dir='ltr'><strong>ex</strong></span> <span class='ocrx_word' id='word_1_231' title='bbox 903 1846 982 1876; x_wconf 86' lang='lat' dir='ltr'><strong>parte</strong></span> <span class='ocrx_word' id='word_1_232' title='bbox 996 1841 1122 1867; x_wconf 83' lang='lat' dir='ltr'><strong>orientali</strong></span> <span class='ocrx_word' id='word_1_233' title='bbox 1136 1842 1235 1868; x_wconf 80' lang='lat' dir='ltr'><strong>limites</strong></span> <span class='ocrx_word' id='word_1_234' title='bbox 1249 1843 1317 1868; x_wconf 87' lang='lat' dir='ltr'><strong>mori</strong></span> <span class='ocrx_word' id='word_1_235' title='bbox 1331 1851 1360 1868; x_wconf 89' lang='lat' dir='ltr'><strong>se</strong></span> <span class='ocrx_word' id='word_1_236' title='bbox 1373 1842 1552 1868; x_wconf 77' lang='lat' dir='ltr'><strong>extendentes</strong></span> <span class='ocrx_word' id='word_1_237' title='bbox 1565 1841 1692 1867; x_wconf 78' lang='lat' dir='ltr'><strong>dividunt</strong></span> <span class='ocrx_word' id='word_1_238' title='bbox 1701 1862 1709 1873; x_wconf 84' lang='lat'><strong>‚</strong></span> <span class='ocrx_word' id='word_1_239' title='bbox 1724 1851 1813 1877; x_wconf 87' lang='lat' dir='ltr'><strong>usque</strong></span> <span class='ocrx_word' id='word_1_240' title='bbox 1826 1841 1860 1868; x_wconf 87' lang='lat' dir='ltr'><strong>ad</strong></span> <span class='ocrx_word' id='word_1_241' title='bbox 1871 1841 1946 1868; x_wconf 88' lang='lat' dir='ltr'><strong>alne-</strong></span> 
     </span>
     <span class='ocr_line' id='line_1_22' title="bbox 429 1888 1944 1925; baseline 0.001 -12"><span class='ocrx_word' id='word_1_242' title='bbox 429 1894 484 1913; x_wconf 85' lang='lat' dir='ltr'><strong>tum</strong></span> <span class='ocrx_word' id='word_1_243' title='bbox 499 1888 570 1913; x_wconf 89' lang='lat' dir='ltr'><strong>ultra</strong></span> <span class='ocrx_word' id='word_1_244' title='bbox 587 1888 714 1923; x_wconf 79' lang='lat' dir='ltr'><strong>Cypdunc</strong></span> <span class='ocrx_word' id='word_1_245' title='bbox 725 1909 732 1922; x_wconf 65' lang='lat'><strong><em>7</em></strong></span> <span class='ocrx_word' id='word_1_246' title='bbox 749 1893 775 1914; x_wconf 89' lang='lat' dir='ltr'><strong>et</strong></span> <span class='ocrx_word' id='word_1_247' title='bbox 793 1893 876 1923; x_wconf 83' lang='lat' dir='ltr'><strong>prout.</strong></span> <span class='ocrx_word' id='word_1_248' title='bbox 891 1889 979 1924; x_wconf 88' lang='lat' dir='ltr'><strong>ipsum</strong></span> <span class='ocrx_word' id='word_1_249' title='bbox 993 1888 1114 1915; x_wconf 88' lang='lat' dir='ltr'><strong>alnetum</strong></span> <span class='ocrx_word' id='word_1_250' title='bbox 1134 1899 1163 1916; x_wconf 88' lang='lat' dir='ltr'><strong>se</strong></span> <span class='ocrx_word' id='word_1_251' title='bbox 1176 1890 1339 1921; x_wconf 77' lang='lat' dir='ltr'><strong>extendens,</strong></span> <span class='ocrx_word' id='word_1_252' title='bbox 1355 1889 1470 1916; x_wconf 88' lang='lat' dir='ltr'><strong>includit</strong></span> <span class='ocrx_word' id='word_1_253' title='bbox 1483 1899 1571 1925; x_wconf 89' lang='lat' dir='ltr'><strong>usque</strong></span> <span class='ocrx_word' id='word_1_254' title='bbox 1585 1889 1619 1915; x_wconf 90' lang='lat' dir='ltr'><strong>ad</strong></span> <span class='ocrx_word' id='word_1_255' title='bbox 1637 1889 1814 1915; x_wconf 89' lang='lat' dir='ltr'><strong>monticulum</strong></span> <span class='ocrx_word' id='word_1_256' title='bbox 1827 1889 1944 1915; x_wconf 86' lang='lat' dir='ltr'><strong>duarum</strong></span> 
     </span>
     <span class='ocr_line' id='line_1_23' title="bbox 427 1936 1941 1970; baseline 0.003 -11"><span class='ocrx_word' id='word_1_257' title='bbox 427 1944 578 1970; x_wconf 72' lang='lat' dir='ltr'><strong>quercuum</strong></span> <span class='ocrx_word' id='word_1_258' title='bbox 599 1945 605 1960; x_wconf 91' lang='lat'>:</span> <span class='ocrx_word' id='word_1_259' title='bbox 626 1940 768 1970; x_wconf 88' lang='lat' dir='ltr'><strong>praeterea</strong></span> <span class='ocrx_word' id='word_1_260' title='bbox 787 1936 902 1962; x_wconf 85' lang='lat' dir='ltr'><strong>Rolinus</strong></span> <span class='ocrx_word' id='word_1_261' title='bbox 917 1937 1042 1963; x_wconf 85' lang='lat' dir='ltr'><strong>notarius</strong></span> <span class='ocrx_word' id='word_1_262' title='bbox 1053 1937 1148 1963; x_wconf 86' lang='lat' dir='ltr'><strong>decem</strong></span> <span class='ocrx_word' id='word_1_263' title='bbox 1166 1937 1280 1963; x_wconf 82' lang='lat' dir='ltr'><strong>bonaria</strong></span> <span class='ocrx_word' id='word_1_264' title='bbox 1294 1938 1362 1963; x_wconf 88' lang='lat' dir='ltr'><strong>mori</strong></span> <span class='ocrx_word' id='word_1_265' title='bbox 1381 1943 1409 1963; x_wconf 85' lang='lat' dir='ltr'><strong>et</strong></span> <span class='ocrx_word' id='word_1_266' title='bbox 1422 1937 1511 1963; x_wconf 90' lang='lat' dir='ltr'><strong>locum</strong></span> <span class='ocrx_word' id='word_1_267' title='bbox 1527 1936 1674 1963; x_wconf 88' lang='lat' dir='ltr'><strong>molendini</strong></span> <span class='ocrx_word' id='word_1_268' title='bbox 1692 1946 1754 1963; x_wconf 88' lang='lat' dir='ltr'><strong>cum</strong></span> <span class='ocrx_word' id='word_1_269' title='bbox 1771 1946 1822 1963; x_wconf 87' lang='lat' dir='ltr'><strong>sua</strong></span> <span class='ocrx_word' id='word_1_270' title='bbox 1837 1937 1941 1964; x_wconf 85' lang='lat' dir='ltr'><strong>sclusa.</strong></span> 
     </span>
     <span class='ocr_line' id='line_1_24' title="bbox 430 1981 1947 2019; baseline 0.002 -12"><span class='ocrx_word' id='word_1_271' title='bbox 430 1988 510 2017; x_wconf 82' lang='lat' dir='ltr'><strong>prout</strong></span> <span class='ocrx_word' id='word_1_272' title='bbox 523 1991 551 2007; x_wconf 73' lang='lat' dir='ltr'><strong>se</strong></span> <span class='ocrx_word' id='word_1_273' title='bbox 564 1983 590 2007; x_wconf 91' lang='lat' dir='ltr'><strong>in</strong></span> <span class='ocrx_word' id='word_1_274' title='bbox 604 1981 714 2017; x_wconf 79' lang='lat' dir='ltr'><strong>longum</strong></span> <span class='ocrx_word' id='word_1_275' title='bbox 727 1982 868 2018; x_wconf 87' lang='lat' dir='ltr'><strong>latumque</strong></span> <span class='ocrx_word' id='word_1_276' title='bbox 885 1983 1024 2015; x_wconf 81' lang='lat' dir='ltr'><strong>extendit,</strong></span> <span class='ocrx_word' id='word_1_277' title='bbox 1046 1983 1186 2019; x_wconf 77' lang='lat' dir='ltr'><strong>praefatae</strong></span> <span class='ocrx_word' id='word_1_278' title='bbox 1200 1983 1331 2010; x_wconf 85' lang='lat' dir='ltr'><strong>ecclesiae</strong></span> <span class='ocrx_word' id='word_1_279' title='bbox 1344 1985 1372 2010; x_wconf 90' lang='lat' dir='ltr'><strong>in</strong></span> <span class='ocrx_word' id='word_1_280' title='bbox 1387 1984 1574 2010; x_wconf 88' lang='lat' dir='ltr'><strong>concambium</strong></span> <span class='ocrx_word' id='word_1_281' title='bbox 1590 1984 1665 2010; x_wconf 89' lang='lat' dir='ltr'><strong>dedit</strong></span> <span class='ocrx_word' id='word_1_282' title='bbox 1678 1993 1729 2019; x_wconf 85' lang='lat' dir='ltr'><strong>per</strong></span> <span class='ocrx_word' id='word_1_283' title='bbox 1740 1993 1849 2010; x_wconf 89' lang='lat' dir='ltr'><strong>manum</strong></span> <span class='ocrx_word' id='word_1_284' title='bbox 1862 1985 1947 2011; x_wconf 84' lang='lat' dir='ltr'><strong>comi-</strong></span> 
     </span>
     <span class='ocr_line' id='line_1_25' title="bbox 428 2028 1946 2067; baseline 0.002 -13"><span class='ocrx_word' id='word_1_285' title='bbox 428 2030 461 2055; x_wconf 88' lang='lat' dir='ltr'><strong>tis</strong></span> <span class='ocrx_word' id='word_1_286' title='bbox 471 2050 478 2057; x_wconf 88' lang='grc'>,</span> <span class='ocrx_word' id='word_1_287' title='bbox 493 2030 539 2064; x_wconf 82' lang='lat' dir='ltr'><strong>qui</strong></span> <span class='ocrx_word' id='word_1_288' title='bbox 554 2038 584 2055; x_wconf 90' lang='lat' dir='ltr'><strong>ea</strong></span> <span class='ocrx_word' id='word_1_289' title='bbox 598 2028 683 2055; x_wconf 80' lang='lat' dir='ltr'><strong>libere</strong></span> <span class='ocrx_word' id='word_1_290' title='bbox 698 2034 724 2055; x_wconf 86' lang='lat' dir='ltr'><strong>et</strong></span> <span class='ocrx_word' id='word_1_291' title='bbox 737 2029 900 2056; x_wconf 86' lang='lat' dir='ltr'><strong>allodialiter</strong></span> <span class='ocrx_word' id='word_1_292' title='bbox 913 2031 940 2056; x_wconf 89' lang='grc'><strong>111</strong></span> <span class='ocrx_word' id='word_1_293' title='bbox 955 2031 1153 2066; x_wconf 75' lang='lat' dir='ltr'><strong>eleemosynam</strong></span> <span class='ocrx_word' id='word_1_294' title='bbox 1166 2031 1253 2057; x_wconf 84' lang='lat' dir='ltr'><strong>eidem</strong></span> <span class='ocrx_word' id='word_1_295' title='bbox 1269 2031 1399 2057; x_wconf 84' lang='lat' dir='ltr'><strong>ecclesiae</strong></span> <span class='ocrx_word' id='word_1_296' title='bbox 1414 2031 1536 2057; x_wconf 87' lang='lat' dir='ltr'><strong>donavit.</strong></span> <span class='ocrx_word' id='word_1_297' title='bbox 1552 2031 1624 2057; x_wconf 86' lang='lat' dir='ltr'><strong>Haec</strong></span> <span class='ocrx_word' id='word_1_298' title='bbox 1637 2031 1732 2066; x_wconf 88' lang='lat' dir='ltr'><strong>itaque</strong></span> <span class='ocrx_word' id='word_1_299' title='bbox 1744 2040 1815 2067; x_wconf 87' lang='lat' dir='ltr'><strong>quae</strong></span> <span class='ocrx_word' id='word_1_300' title='bbox 1827 2041 1946 2067; x_wconf 84' lang='lat' dir='ltr'><strong>praeno-</strong></span> 
     </span>
     <span class='ocr_line' id='line_1_26' title="bbox 430 2076 1946 2114; baseline 0.003 -12"><span class='ocrx_word' id='word_1_301' title='bbox 430 2082 483 2102; x_wconf 88' lang='lat' dir='ltr'><strong>tata</strong></span> <span class='ocrx_word' id='word_1_302' title='bbox 496 2082 560 2102; x_wconf 86' lang='lat' dir='ltr'><strong>sunt.</strong></span> <span class='ocrx_word' id='word_1_303' title='bbox 573 2086 623 2112; x_wconf 91' lang='lat' dir='ltr'><strong>pro</strong></span> <span class='ocrx_word' id='word_1_304' title='bbox 634 2076 727 2103; x_wconf 81' lang='lat' dir='ltr'><strong>debito</strong></span> <span class='ocrx_word' id='word_1_305' title='bbox 735 2077 814 2103; x_wconf 83' lang='lat' dir='ltr'><strong>officii</strong></span> <span class='ocrx_word' id='word_1_306' title='bbox 823 2078 909 2103; x_wconf 84' lang='lat' dir='ltr'><strong>nostri</strong></span> <span class='ocrx_word' id='word_1_307' title='bbox 922 2083 949 2104; x_wconf 85' lang='lat' dir='ltr'><strong>et</strong></span> <span class='ocrx_word' id='word_1_308' title='bbox 957 2078 1141 2112; x_wconf 84' lang='lat' dir='ltr'><strong>jurejurando</strong></span> <span class='ocrx_word' id='word_1_309' title='bbox 1151 2079 1308 2106; x_wconf 82' lang='lat' dir='ltr'><strong>curavimus</strong></span> <span class='ocrx_word' id='word_1_310' title='bbox 1316 2084 1344 2105; x_wconf 82' lang='lat' dir='ltr'><strong>et</strong></span> <span class='ocrx_word' id='word_1_311' title='bbox 1355 2079 1453 2105; x_wconf 90' lang='lat' dir='ltr'><strong>limites</strong></span> <span class='ocrx_word' id='word_1_312' title='bbox 1461 2079 1660 2114; x_wconf 80' lang='lat' dir='ltr'><strong>assignavimus</strong></span> <span class='ocrx_word' id='word_1_313' title='bbox 1668 2099 1675 2110; x_wconf 87' lang='lat'><strong>‚</strong></span> <span class='ocrx_word' id='word_1_314' title='bbox 1687 2079 1782 2114; x_wconf 87' lang='lat' dir='ltr'><strong>sicque</strong></span> <span class='ocrx_word' id='word_1_315' title='bbox 1789 2079 1946 2114; x_wconf 80' lang='lat' dir='ltr'><strong>praedictae</strong></span> 
     </span>
     <span class='ocr_line' id='line_1_27' title="bbox 427 2124 1946 2162; baseline 0.003 -13"><span class='ocrx_word' id='word_1_316' title='bbox 427 2125 518 2150; x_wconf 84' lang='lat' dir='ltr'><strong>curiae</strong></span> <span class='ocrx_word' id='word_1_317' title='bbox 531 2129 558 2149; x_wconf 74' lang='lat' dir='ltr'><strong>et</strong></span> <span class='ocrx_word' id='word_1_318' title='bbox 571 2124 697 2150; x_wconf 87' lang='lat' dir='ltr'><strong>omnibus</strong></span> <span class='ocrx_word' id='word_1_319' title='bbox 711 2125 918 2159; x_wconf 83' lang='lat' dir='ltr'><strong>appertinentiis</strong></span> <span class='ocrx_word' id='word_1_320' title='bbox 933 2125 989 2151; x_wconf 89' lang='lat' dir='ltr'><strong>suis</strong></span> <span class='ocrx_word' id='word_1_321' title='bbox 1003 2125 1046 2152; x_wconf 79' lang='lat' dir='ltr'><strong>vel</strong></span> <span class='ocrx_word' id='word_1_322' title='bbox 1060 2126 1144 2152; x_wconf 85' lang='lat' dir='ltr'><strong>rebus</strong></span> <span class='ocrx_word' id='word_1_323' title='bbox 1162 2131 1322 2162; x_wconf 82' lang='lat' dir='ltr'><strong>perpetuam</strong></span> <span class='ocrx_word' id='word_1_324' title='bbox 1337 2135 1430 2162; x_wconf 85' lang='lat' dir='ltr'><strong>pacem</strong></span> <span class='ocrx_word' id='word_1_325' title='bbox 1443 2125 1596 2152; x_wconf 86' lang='lat' dir='ltr'><strong>indicimus.</strong></span> <span class='ocrx_word' id='word_1_326' title='bbox 1612 2126 1648 2152; x_wconf 89' lang='lat' dir='ltr'><strong>Ut</strong></span> <span class='ocrx_word' id='word_1_327' title='bbox 1661 2130 1752 2152; x_wconf 87' lang='lat' dir='ltr'><strong>autem</strong></span> <span class='ocrx_word' id='word_1_328' title='bbox 1767 2125 1834 2152; x_wconf 84' lang='lat' dir='ltr'><strong>haec</strong></span> <span class='ocrx_word' id='word_1_329' title='bbox 1846 2131 1906 2153; x_wconf 85' lang='lat' dir='ltr'><strong>rata</strong></span> <span class='ocrx_word' id='word_1_330' title='bbox 1919 2133 1946 2153; x_wconf 86' lang='lat' dir='ltr'><strong>et</strong></span> 
     </span>
     <span class='ocr_line' id='line_1_28' title="bbox 430 2171 1945 2210; baseline 0.003 -14"><span class='ocrx_word' id='word_1_331' title='bbox 430 2180 586 2197; x_wconf 73' lang='lat' dir='ltr'><strong>inconcussa</strong></span> <span class='ocrx_word' id='word_1_332' title='bbox 599 2171 625 2196; x_wconf 90' lang='lat' dir='ltr'><strong>in</strong></span> <span class='ocrx_word' id='word_1_333' title='bbox 639 2176 781 2196; x_wconf 82' lang='lat' dir='ltr'><strong>aeternum</strong></span> <span class='ocrx_word' id='word_1_334' title='bbox 794 2177 971 2206; x_wconf 87' lang='lat' dir='ltr'><strong>permaneant</strong></span> <span class='ocrx_word' id='word_1_335' title='bbox 980 2193 987 2204; x_wconf 55' lang='lat'><em>7</em></span> <span class='ocrx_word' id='word_1_336' title='bbox 1004 2174 1137 2208; x_wconf 88' lang='lat' dir='ltr'><strong>scriptum</strong></span> <span class='ocrx_word' id='word_1_337' title='bbox 1152 2173 1203 2200; x_wconf 89' lang='lat' dir='ltr'><strong>hoc</strong></span> <span class='ocrx_word' id='word_1_338' title='bbox 1215 2173 1295 2210; x_wconf 74' lang='lat' dir='ltr'><strong>sigilli</strong></span> <span class='ocrx_word' id='word_1_339' title='bbox 1309 2174 1397 2199; x_wconf 83' lang='lat' dir='ltr'><strong>nostri</strong></span> <span class='ocrx_word' id='word_1_340' title='bbox 1411 2174 1579 2208; x_wconf 86' lang='lat' dir='ltr'><strong>appensione</strong></span> <span class='ocrx_word' id='word_1_341' title='bbox 1593 2177 1620 2199; x_wconf 89' lang='lat' dir='ltr'><strong>et</strong></span> <span class='ocrx_word' id='word_1_342' title='bbox 1631 2173 1740 2199; x_wconf 89' lang='lat' dir='ltr'><strong>testium</strong></span> <span class='ocrx_word' id='word_1_343' title='bbox 1751 2173 1945 2201; x_wconf 87' lang='lat' dir='ltr'><strong>subnotatione</strong></span> 
     </span>
     <span class='ocr_line' id='line_1_29' title="bbox 432 2219 1947 2256; baseline 0.003 -14"><span class='ocrx_word' id='word_1_344' title='bbox 432 2219 592 2244; x_wconf 85' lang='lat' dir='ltr'><strong>roboramus</strong></span> <span class='ocrx_word' id='word_1_345' title='bbox 602 2223 629 2243; x_wconf 87' lang='lat' dir='ltr'><strong>et</strong></span> <span class='ocrx_word' id='word_1_346' title='bbox 643 2219 851 2245; x_wconf 85' lang='lat' dir='ltr'><strong>auctorisamus.</strong></span> <span class='ocrx_word' id='word_1_347' title='bbox 867 2220 980 2255; x_wconf 82' lang='lat' dir='ltr'><strong>Signum</strong></span> <span class='ocrx_word' id='word_1_348' title='bbox 994 2220 1117 2256; x_wconf 77' lang='lat' dir='ltr'><strong>Hugonis</strong></span> <span class='ocrx_word' id='word_1_349' title='bbox 1128 2221 1214 2247; x_wconf 74' lang='lat' dir='ltr'><strong>aner</strong></span> <span class='ocrx_word' id='word_1_350' title='bbox 1221 2226 1249 2247; x_wconf 82' lang='lat' dir='ltr'><strong>et</strong></span> <span class='ocrx_word' id='word_1_351' title='bbox 1260 2221 1369 2247; x_wconf 85' lang='lat' dir='ltr'><strong>Lansiui</strong></span> <span class='ocrx_word' id='word_1_352' title='bbox 1378 2242 1385 2251; x_wconf 83' lang='grc'>,</span> <span class='ocrx_word' id='word_1_353' title='bbox 1398 2221 1548 2252; x_wconf 67' lang='lat' dir='ltr'><strong>venatoris,</strong></span> <span class='ocrx_word' id='word_1_354' title='bbox 1560 2221 1654 2246; x_wconf 80' lang='lat' dir='ltr'><strong>fratris</strong></span> <span class='ocrx_word' id='word_1_355' title='bbox 1666 2221 1805 2255; x_wconf 60' lang='lat' dir='ltr'><strong>ejusdem</strong></span> <span class='ocrx_word' id='word_1_356' title='bbox 1819 2221 1848 2248; x_wconf 83' lang='lat' dir='ltr'><strong>S.</strong></span> <span class='ocrx_word' id='word_1_357' title='bbox 1858 2221 1947 2248; x_wconf 87' lang='lat' dir='ltr'><strong>Cono—</strong></span> 
     </span>
     <span class='ocr_line' id='line_1_30' title="bbox 433 2266 1946 2303; baseline 0.003 -13"><span class='ocrx_word' id='word_1_358' title='bbox 433 2266 473 2291; x_wconf 88' lang='lat' dir='ltr'><strong>nis</strong></span> <span class='ocrx_word' id='word_1_359' title='bbox 482 2266 515 2291; x_wconf 69' lang='grc'><strong>110</strong></span> <span class='ocrx_word' id='word_1_360' title='bbox 528 2266 702 2299; x_wconf 69' lang='lat' dir='ltr'><strong>Ravensclwt,</strong></span> <span class='ocrx_word' id='word_1_361' title='bbox 718 2271 745 2291; x_wconf 86' lang='lat' dir='ltr'><strong>et</strong></span> <span class='ocrx_word' id='word_1_362' title='bbox 756 2266 916 2293; x_wconf 82' lang='lat' dir='ltr'><strong>Wromondi</strong></span> <span class='ocrx_word' id='word_1_363' title='bbox 927 2268 1020 2294; x_wconf 80' lang='lat' dir='ltr'><strong>fratris</strong></span> <span class='ocrx_word' id='word_1_364' title='bbox 1031 2269 1105 2303; x_wconf 76' lang='lat' dir='ltr'><strong>ejus3</strong></span> <span class='ocrx_word' id='word_1_365' title='bbox 1118 2268 1146 2295; x_wconf 84' lang='lat' dir='ltr'><strong>S.</strong></span> <span class='ocrx_word' id='word_1_366' title='bbox 1157 2269 1273 2294; x_wconf 82' lang='lat' dir='ltr'><strong>Razonis</strong></span> <span class='ocrx_word' id='word_1_367' title='bbox 1287 2269 1336 2295; x_wconf 86' lang='lat' dir='ltr'><strong>filii</strong></span> <span class='ocrx_word' id='word_1_368' title='bbox 1348 2269 1450 2301; x_wconf 76' lang='lat' dir='ltr'><strong>nostri,</strong></span> <span class='ocrx_word' id='word_1_369' title='bbox 1465 2268 1494 2295; x_wconf 89' lang='lat' dir='ltr'><strong>S.</strong></span> <span class='ocrx_word' id='word_1_370' title='bbox 1510 2267 1616 2294; x_wconf 82' lang='lat' dir='ltr'><strong>Boidini</strong></span> <span class='ocrx_word' id='word_1_371' title='bbox 1625 2267 1659 2294; x_wconf 89' lang='lat' dir='ltr'><strong>de</strong></span> <span class='ocrx_word' id='word_1_372' title='bbox 1673 2267 1785 2299; x_wconf 78' lang='lat' dir='ltr'><strong>Osbroc‚-</strong></span> <span class='ocrx_word' id='word_1_373' title='bbox 1799 2268 1828 2295; x_wconf 86' lang='lat' dir='ltr'><strong>S.</strong></span> <span class='ocrx_word' id='word_1_374' title='bbox 1840 2268 1946 2295; x_wconf 81' lang='lat' dir='ltr'><strong>Soikini</strong></span> 
     </span>
     <span class='ocr_line' id='line_1_31' title="bbox 430 2313 1694 2346; baseline 0.003 -9"><span class='ocrx_word' id='word_1_375' title='bbox 430 2313 463 2338; x_wconf 85' lang='lat' dir='ltr'><strong>de</strong></span> <span class='ocrx_word' id='word_1_376' title='bbox 477 2313 601 2339; x_wconf 76' lang='lat' dir='ltr'><strong>Stenusia</strong></span> <span class='ocrx_word' id='word_1_377' title='bbox 615 2318 641 2339; x_wconf 86' lang='lat' dir='ltr'><strong>et</strong></span> <span class='ocrx_word' id='word_1_378' title='bbox 655 2313 782 2340; x_wconf 54' lang='grc' dir='ltr'>,ἂι-1101111.</span> <span class='ocrx_word' id='word_1_379' title='bbox 805 2315 903 2340; x_wconf 84' lang='lat' dir='ltr'><strong>notarii</strong></span> <span class='ocrx_word' id='word_1_380' title='bbox 923 2316 1020 2341; x_wconf 89' lang='lat' dir='ltr'><strong>nostri.</strong></span> <span class='ocrx_word' id='word_1_381' title='bbox 1038 2316 1135 2342; x_wconf 75' lang='lat' dir='ltr'><strong>Actum</strong></span> <span class='ocrx_word' id='word_1_382' title='bbox 1150 2317 1176 2342; x_wconf 90' lang='lat' dir='ltr'><strong>in</strong></span> <span class='ocrx_word' id='word_1_383' title='bbox 1187 2317 1361 2346; x_wconf 65' lang='lat' dir='ltr'><strong>Pentecoste„</strong></span> <span class='ocrx_word' id='word_1_384' title='bbox 1379 2325 1450 2342; x_wconf 83' lang='lat' dir='ltr'><strong>anno</strong></span> <span class='ocrx_word' id='word_1_385' title='bbox 1465 2315 1573 2342; x_wconf 89' lang='lat' dir='ltr'><strong>Domini</strong></span> <span class='ocrx_word' id='word_1_386' title='bbox 1589 2315 1694 2342; x_wconf 78' lang='lat' dir='ltr'>MCCH.</span> 
     </span>
    </p>
   </div>
  </div>
 </body>
</html>
