2118 3184
769 412 792 443 A
799 408 1056 444 PPENDICES.
1600 408 1667 443 881

811 544 995 579 CLXXXI.

151 637 290 684 Sophiv,
311 637 412 671 dame
430 635 622 669 chcitelm'ne
639 635 681 668 de
700 634 887 669 Brnavlles
902 662 910 676 ‚
931 648 1112 682 appo-euve
1131 636 1305 683 l'e‘cleanqe
1322 638 1392 682 sitit
1405 649 1546 683 parvm
1563 637 1604 671 cle
1618 650 1669 671 ses

196 697 384 729 sert-[leurs
399 693 506 727 d’une
516 692 701 740 proprz'e'te'
714 693 834 739 qzo'elle
852 695 950 727 avait
962 692 985 726 ἀ
1002 693 1139 728 Nae'nove
1154 720 1165 736 ,
1176 706 1274 741 pom·
1287 707 1358 729 une
1375 700 1479 728 matre
1502 708 1567 741 que
1580 695 1667 729 l'ah-

198 754 284 800 lmye
298 752 474 799 possedaz‘t
491 751 515 785 d,
536 752 672 786 Oula-0.
690 772 738 777 —
760 751 902 785 Nmove.

874 931 944 955 1955.

185 1005 242 1041 Ego
255 1004 357 1040 Sophia
369 1025 376 1036 ,
392 1004 538 1031 castellana
553 1003 750 1035 Bruxeliensis,
767 1008 861 1029 notum
877 1003 946 1030 facio
961 1004 1153 1039 praesentibus
1163 1010 1190 1031 et
1205 1004 1307 1031 futuris
1320 1005 1394 1041 quod
1410 1015 1471 1032 cum
1486 1006 1623 1033 Aruoldus
1633 1006 1667 1034 de

147 1052 248 1084 Halm,
264 1051 382 1078 famulus
397 1061 484 1083 meus,
499 1062 529 1077 cx
541 1056 619 1086 parte
633 1060 691 1077 mea
705 1051 893 1077 concambium
907 1051 1002 1078 feeerit
1012 1061 1073 1078 cum
1087 1052 1201 1079 ecclesia
1213 1053 1350 1079 Ninivensi
1362 1053 1395 1079 de
1408 1063 1468 1080 meo
1481 1053 1580 1080 allodio
1592 1055 1665 1090 quod

148 1100 237 1127 habeo
249 1100 275 1126 in
290 1099 418 1135 parochia
430 1099 463 1126 de
478 1099 573 1125 Ninive
588 1103 614 1124 et
629 1099 662 1125 de
677 1098 777 1125 allodio
788 1099 862 1134 quod
877 1099 970 1126 eadem
984 1099 1098 1126 ccclesia
1119 1100 1145 1126 in
1161 1100 1291 1135 parochia
1313 1100 1347 1127 de
1361 1100 1446 1127 Outra
1461 1100 1563 1127 habere
1574 1101 1667 1128 dinos-

145 1149 218 1175 citur
237 1147 294 1173 vice
309 1155 402 1173 versa.
419 1146 571 1172 secundum
588 1145 638 1172 lioc
654 1146 733 1171 etiam
749 1145 823 1181 quod
843 1155 997 1173 mensuram
1017 1146 1160 1182 aequalem
1176 1146 1329 1173 declarabit
1344 1147 1482 1183 utrimque
1498 1148 1586 1174 eidem
1599 1157 1665 1174 con-

145 1195 251 1221 cambio
267 1194 301 1220 dc
315 1193 457 1219 voluntate
470 1203 528 1218 mva
543 1193 669 1219 ordinato
685 1198 712 1218 et
726 1193 814 1227 sacto,
828 1203 990 1220 consensum
1010 1203 1100 1220 meum
1120 1194 1233 1220 attribui
1251 1200 1278 1221 et
1291 1194 1428 1227 savorem,
1443 1195 1518 1222 salvo
1534 1201 1624 1222 tamen
1639 1197 1665 1222 in

147 1241 347 1275 omnibusjure
360 1249 430 1266 meo.
448 1240 482 1266 [t
496 1240 580 1275 igitur
594 1239 644 1265 hoc
658 1245 782 1266 nostrum
791 1241 979 1267 concambium
988 1241 1022 1267 ab
1032 1246 1150 1277 utraque
1161 1246 1240 1277 parte
1253 1241 1286 1268 de
1297 1247 1406 1268 caetero
1420 1242 1535 1269 firmiter
1543 1243 1667 1270 observe-

146 1294 202 1320 tur,
217 1297 268 1324 ego
279 1297 328 1323 pro
338 1293 417 1323 parte
429 1296 487 1312 mca
499 1287 532 1312 ad
544 1287 673 1321 majorem
687 1287 879 1314 certitudinem
895 1288 1027 1323 scriptum
1041 1297 1171 1323 praesens
1184 1288 1266 1324 sigilli
1279 1289 1331 1314 mei
1345 1289 1493 1315 munimine
1503 1289 1664 1316 roboratum

146 1336 256 1363 exhibui
272 1335 363 1362 abbati
374 1340 401 1361 et
414 1334 543 1361 eeclesiae
556 1339 731 1360 memoratae.
748 1334 842 1361 Actum
855 1345 926 1361 anno
941 1336 1044 1371 gratiae
1060 1335 1227 1362 MCCXXXV
1240 1356 1247 1369 ,
1263 1336 1289 1362 in
1304 1335 1416 1363 Pascha.

947 1400 1056 1432 Original
1068 1419 1074 1429 7
1093 1400 1214 1433 fragment
1226 1401 1255 1424 de
1269 1409 1337 1425 sceau
1352 1409 1380 1425 en
1394 1401 1442 1425 cire
1460 1402 1543 1426 brune.

806 1663 1007 1698 CLXXXII.

150 1768 315 1809 Gautier,
331 1766 471 1800 ahhe'cle
493 1765 708 1800 Grammont
720 1792 730 1807 ,
751 1764 917 1810 confirm&
931 1763 965 1797 la
978 1764 1147 1798 donation
1163 1764 1270 1799 d'une
1285 1763 1379 1799 (lime
1393 1763 1416 1798 ἀ
1431 1765 1473 1799 H
1471 1766 1638 1815 elderqem
1649 1797 1659 1811 ,

313 1826 400 1869 faite
418 1823 441 1858 ἁ
459 1825 616 1870 l’ahhaye
634 1836 709 1871 par
726 1823 878 1858 Gossuz'n
887 1849 897 1865 ,
915 1824 1080 1870 sezynezw
1092 1822 1242 1870 d’Erpe.
1260 1845 1308 1849 —
1327 1823 1504 1858 Rousmm.

870 1992 940 2015 1956.

184 2064 339 2097 Wakerus,
355 2064 404 2090 Dei
418 2064 505 2100 gratia
521 2064 611 2089 dictus
625 2063 709 2089 abbas
720 2063 753 2089 de
768 2062 972 2089 Geraldimonte
982 2083 989 2095 ‚
1004 2067 1032 2089 et
1045 2063 1169 2097 ejusdem
1188 2064 1240 2090 loci
1253 2069 1422 2097 conventus,
1437 2065 1573 2092 universis
1587 2075 1662 2101 prae-

144 2116 234 2139 sentes
248 2111 353 2137 litteras
367 2111 565 2146 inspecturisin
581 2110 696 2136 Domino
710 2109 837 2136 salutem.
856 2109 1034 2135 Universitati
1047 2115 1154 2136 vestrae
1170 2115 1266 2137 tenore
1283 2111 1468 2146 praesentium
1484 2116 1580 2138 notum
1596 2112 1662 2140 saci—

147 2168 219 2191 mus,
229 2158 303 2193 quod
314 2167 375 2184 cum
388 2157 535 2187 Gosuinus,
545 2157 672 2183 dominus
680 2157 714 2183 de
723 2157 804 2191 Erpa,
816 2165 866 2191 pro
878 2155 965 2182 salute
977 2156 1065 2182 bonae
1076 2158 1222 2183 memoriae
1236 2157 1358 2190 Gosuini,
1368 2157 1505 2193 quondam
1516 2158 1617 2185 domini
1628 2160 1662 2186 de

145 2206 228 2241 Erpa,
245 2205 331 2241 patris
345 2205 388 2230 sui
399 2225 405 2236 ‚
422 2209 449 2230 et
464 2204 714 2239 praedecessorium
730 2213 857 2235 snorum,
873 2203 989 2229 contulit
1003 2204 1029 2229 iu
1041 2203 1153 2230 liberam
1166 2204 1366 2239 eleemosynam
1379 2205 1516 2231 Ninivcnsi
1533 2206 1663 2233 ecclesiae

144 2253 213 2279 duas
225 2253 322 2289 garbas
333 2251 454 2278 decimae
468 2252 502 2277 de
514 2252 624 2278 circiter
643 2252 799 2287 quindecim
821 2251 942 2277 bonariis
961 2256 1052 2278 terrae
1062 2272 1069 2284 ‚
1092 2261 1188 2287 parum
1203 2252 1266 2287 plus
1279 2252 1322 2278 vel
1337 2252 1427 2278 miuus
1437 2274 1443 2285 ‚
1461 2253 1529 2279 sitae
1544 2254 1570 2279 in
1584 2263 1662 2290 paro-

143 2300 204 2327 chia
220 2305 313 2326 nostra
327 2300 361 2326 de
376 2299 568 2335 Ileldrenyhem
578 2320 584 2331 ‚
601 2300 626 2324 in
641 2298 702 2325 loco
712 2299 759 2334 qui
773 2299 874 2325 dicitur
892 2298 1065 2333 Watervalle‚
1080 2299 1157 2325 nullo
1169 2299 1240 2326 sicut
1251 2309 1301 2335 pro
1315 2305 1391 2326 certo
1408 2301 1585 2336 cognovimus
1600 2310 1663 2336 pre-

146 2349 184 2374 tio
207 2348 343 2373 mediante
358 2368 364 2379 ‚
390 2347 423 2373 ad
443 2356 538 2382 preces
557 2346 645 2372 dictae
662 2346 815 2372 Ninivensis
834 2345 964 2372 ecclesiae
980 2355 1144 2373 consensum
1163 2352 1287 2373 nostrum
1309 2347 1436 2374 duximus
1460 2347 1661 2379 adhibendum,

143 2394 325 2421 concedentes
338 2394 425 2420 eidem
440 2394 560 2429 gratuita
575 2393 716 2419 voluntate
728 2398 757 2419 ut
779 2393 878 2419 dictam
899 2393 1029 2419 decimam
1044 2393 1157 2428 pacifice
1170 2398 1197 2420 et
1214 2394 1307 2429 quiete
1327 2395 1398 2420 sicut
1417 2403 1493 2420 suam
1516 2394 1661 2430 elecmosy-

143 2442 241 2467 namin
258 2446 422 2477 perpetuum
438 2440 526 2466 valeat
538 2440 689 2475 possidere.
705 2440 801 2466 Actum
814 2449 885 2466 anno
897 2441 1000 2475 gratiae
1013 2440 1192 2467 MCCXXXVI
1205 2462 1212 2473 ‚
1225 2440 1348 2467 kalendis
1361 2441 1471 2477 Aprilis.

274 2577 360 2609 Tou.
392 2577 433 2610 11.
1190 2598 1199 2605 ·
1469 2578 1533 2612 111
