2118 3184
492 452 754 487 CHRONICON
783 453 995 487 BALDUINI
1024 453 1324 488 NINOVIENSIS.
1599 453 1666 488 687

155 573 267 607 quum
288 568 383 595 extra
403 562 583 595 ecclesiam
606 568 707 595 sunt.
732 560 930 595 secundnm
952 561 1152 609 Pelagium7
1175 561 1407 609 Gregoriunp
1429 561 1664 607 Cyprianuin.

156 621 391 667 ,augustinum
411 627 444 653 et
459 620 706 653 Jheronimum
719 647 726 652 .
744 619 894 652 formam
916 619 1061 665 quidem
1077 626 1376 653 sacramentorum
1390 647 1398 662 Ἰ
1420 621 1446 653 si
1464 626 1580 653 autem
1596 621 1667 653 vir-

155 679 239 712 tutis
249 678 415 712 effectum
426 678 570 719 liabent⁷
588 683 733 723 excepto
743 677 917 722 baptismo
927 676 1025 723 quod
1035 678 1100 710 etia
1107 690 1138 710 in
1149 678 1193 710 ab
1203 678 1380 711 haeretico
1391 690 1454 723 pro
1465 679 1666 712 necessitate

154 743 337 782 acceptum
350 736 544 781 plenarium
556 735 663 769 habet
673 736 811 769 virtutis
824 734 1004 768 effectum.
1019 735 1194 769 Marianus
1205 736 1342 779 Scottis7
1356 737 1663 784 chronographus.

154 796 189 829 in
204 794 380 828 territorio
396 794 644 842 Magunticnsi,
663 793 1063 837 vuldensismonachus„
1079 794 1193 827 clarus
1209 794 1371 828 liabetur.
1391 796 1511 828 Anno.
1530 794 1668 829 archie—

153 854 318 900 piscopus
336 852 552 886 Coloniensis
568 880 576 893 ‚
603 852 747 901 indigne
766 852 882 886 ferens
905 864 967 898 per
990 854 1159 899 Agnetem
1181 859 1328 886 matrem
1353 853 1491 887 llenrici
1515 854 1668 899 impera-

151 912 236 946 toris
255 923 404 959 regnum
427 923 497 945 non
518 911 663 945 viriliter
680 911 890 959 gnbernari2
913 923 1063 956 puerum
1087 911 1255 944 violenter
1279 917 1313 944 et
1333 910 1505 945 industrie
1524 918 1665 958 captum

151 969 217 1003 sub
232 970 338 1003 tutela
357 982 418 1004 sua
438 970 589 1016 accepit⁴¹
610 976 644 1003 ct
660 970 796 1015 imperii
812 970 969 1017 regimen
983 982 1002 1002 a
1023 976 1133 1003 matre
1151 970 1225 1014 ejus
1239 971 1370 1004 amovit
1385 985 1391 1011 ς
1413 978 1447 1004 at
1462 971 1535 1016 ipsa
1554 971 1667 1017 impe-

152 1028 258 1061 ratrix
269 1055 277 1070 -,
295 1028 414 1061 limina
433 1028 672 1074 apostolorum
689 1028 782 1061 Petri
797 1034 831 1060 et
846 1027 944 1061 Pauli
960 1034 1102 1073 peteus7
1120 1040 1232 1073 usque
1246 1028 1290 1061 ad
1310 1029 1415 1061 finem
1431 1029 1519 1062 vitae
1533 1030 1668 1063 cunctis

151 1086 281 1120 Romae
295 1086 455 1132 exemplo
469 1092 503 1120 et
517 1087 686 1120 miraculo
697 1086 776 1119 fuit.
794 1086 991 1128 Anselmus7
1010 1086 1175 1119 Lucensis
1189 1087 1387 1132 episc0pns7
1405 1089 1511 1133 quiet
1526 1088 1666 1121 Alexan-

151 1143 226 1187 der,
248 1144 425 1177 Romanae
443 1145 607 1178 ecclesiae
624 1143 798 1190 praesidet
814 1144 914 1177 annis
932 1143 977 1188 xj.
1000 1143 1129 1177 Contra
1149 1156 1255 1190 quem
1272 1144 1399 1178 Cadelo
1421 1145 1449 1187 ¹7
1471 1146 1667 1180 Parmensis

150 1203 355 1249 episcopus„
378 1210 546 1249 papatum
565 1203 741 1245 ambiens,
762 1214 892 1250 magno
910 1201 1075 1235 scandalo
1093 1202 1256 1236 ecclesiae
1282 1203 1369 1245 fuit7
1391 1204 1473 1249 quia
1497 1204 1599 1251 longa
1619 1205 1668 1237 in-

150 1269 203 1295 ter
223 1273 283 1295 eos
304 1262 518 1295 concertatio
537 1262 642 1295 etiam
661 1273 773 1307 usque
795 1260 840 1294 ad
858 1259 1049 1294 homicidia
1074 1261 1249 1306 prorupit.
1275 1261 1473 1295 Praevaluit
1492 1269 1606 1295 tamen
1627 1275 1665 1295 e).

149 1331 321 1354 consensu
337 1320 511 1365 majorum
528 1319 739 1361 Alexander,
759 1319 842 1365 quia
861 1330 896 1351 sc
907 1317 1062 1363 jurando
1078 1318 1122 1351 de
1136 1319 1295 1364 symonia
1309 1320 1527 1367 expurgavit.
1551 1321 1667 1354 Domi-

150 1390 216 1413 nus
230 1377 464 1420 Hermannus7
481 1378 589 1411 nobili
605 1378 879 1411 Alemannorum
899 1376 1059 1422 prosapia
1073 1376 1225 1423 genitus7
1243 1389 1335 1410 anno
1351 1378 1490 1411 Domini
1506 1378 1662 1412 MLXIY.

148 1445 358 1484 computum
377 1449 481 1471 suum
508 1436 619 1470 edidit
642 1443 677 1470 et
696 1436 964 1470 famosissimam
989 1434 1033 1468 de
1057 1435 1208 1468 naturali
1233 1435 1336 1469 lunae
1359 1447 1464 1469 cursu
1488 1439 1666 1482 quaestio-

149 1509 230 1531 nem
248 1496 474 1531 subtilissime
487 1495 730 1542 investigatam
745 1494 899 1528 absoluit
910 1520 919 1537 ⁷
935 1493 998 1540 qui
1013 1505 1033 1526 a
1052 1493 1228 1538 primaeva
1244 1499 1356 1526 aetate
1370 1506 1389 1527 a
1405 1494 1548 1528 renibus
1567 1495 1666 1529 deor-

147 1568 226 1591 sum
241 1561 457 1597 contractus,
469 1560 504 1587 et
516 1560 592 1587 toto
606 1553 696 1587 vitae
710 1560 869 1598 tempore
884 1551 1166 1586 ambulandiusu
1179 1552 1349 1597 privatus7
1361 1552 1494 1598 absque
1508 1553 1666 1587 humano

147 1614 348 1663 magisterio
361 1614 398 1647 in
412 1613 509 1647 omni
524 1612 656 1646 liberali
671 1612 828 1654 scientia7
849 1611 910 1644 Dei
920 1610 1028 1653 (Ιοῑιο.Δ
1047 1610 1283 1656 philosophus
1298 1611 1475 1656 perfectus
1486 1613 1660 1658 apparuit¹

197 1674 298 1707 Anno
322 1671 465 1706 MLXIV
478 1698 486 1714 ,
508 1671 683 1705 Robertus
703 1669 922 1704 Flandrensis
941 1670 1090 1703 Fresiam
1115 1669 1292 1703 subintrat
1313 1676 1347 1703 et
1366 1677 1501 1716 partem
1521 1672 1665 1717 provin-

149 1732 221 1766 ciae
239 1737 447 1776 occupatam
463 1729 642 1777 subjugat.
660 1728 842 1763 Conradus
855 1755 863 1771 7
880 1727 1095 1762 Coloniensis
1114 1728 1335 1773 primicerius
1347 1755 1355 1771 7
1375 1729 1419 1762 ab
1434 1729 1584 1764 Henrico
1603 1731 1665 1763 im—

148 1796 308 1837 peratore
327 1789 561 1823 Treverorum
574 1788 860 1834 archiepiscopus
876 1787 1000 1821 missus
1013 1814 1021 1830 7
1043 1800 1063 1820 a
1077 1787 1204 1820 comite
1220 1786 1423 1821 Treverensi
1441 1787 1664 1823 Theodorieo

147 1849 192 1884 de
209 1849 374 1883 altissima
394 1860 481 1894 rupe
498 1847 751 1894 praecipitatur
764 1858 829 1880 nec
848 1845 1017 1887 laediturg
1038 1844 1167 1879 deinde
1186 1845 1302 1893 gladio
1316 1847 1617 1881 transverberatus
1631 1855 1662 1881 et

147 1907 243 1954 apud
258 1907 444 1955 Tolegium
463 1906 637 1952 sepultus„
658 1905 776 1939 statim
795 1904 972 1938 miraculis
986 1916 1004 1938 a
1026 1904 1096 1937 Deo
1116 1903 1345 1951 glorificatur.

197 1968 298 2001 Anno
306 1965 463 2009 MLXVI,
476 1965 673 1999 XVillelmus
682 1964 808 2007 Notus,
820 1975 937 1998 comes
946 1963 1247 2005 Normannoruma
1260 1975 1342 1996 cum
1354 1963 1492 1997 Francis
1504 1964 1662 2011 Angliani

147 2026 267 2068 intrat,
284 2030 319 2058 et
331 2024 460 2072 Anglos
474 2022 652 2065 obsidens,
664 2024 700 2056 in
714 2022 845 2056 Exonia
859 2021 1092 2054 munitissima
1107 2033 1189 2054 cum
1200 2020 1344 2066 quidam
1361 2033 1402 2054 ex
1414 2022 1561 2055 obsessis
1576 2034 1662 2055 con—

145 2090 199 2118 tra
213 2082 405 2117 exercitum
415 2094 519 2115 suum
530 2108 538 2124 ,
555 2080 785 2126 discoopertis
800 2079 1011 2128 genitalibus
1021 2106 1029 2121 ,
1046 2091 1109 2124 per
1122 2090 1264 2112 murum
1279 2079 1437 2127 mingere
1452 2091 1661 2126 praesump-

148 2143 268 2185 sisset,
289 2153 383 2189 genu
402 2140 493 2174 flexo
516 2141 551 2174 in
567 2140 746 2182 oratione,
771 2139 939 2172 auxilium
961 2138 1021 2171 Dei
1041 2143 1165 2171 contra
1187 2149 1244 2170 eos
1267 2137 1367 2182 petiit
1389 2144 1425 2171 et
1445 2138 1657 2184 impetravit.

148 2201 282 2246 Nempe
301 2212 380 2246 pars
398 2200 490 2233 muri
509 2199 589 2233 ilico
611 2210 674 2244 per
697 2210 732 2232 se
751 2198 900 2243 collapsa
924 2203 995 2238 est.v
1020 2202 1055 2229 et
1078 2202 1240 2229 conserto
1262 2208 1343 2229 cum
1368 2196 1486 2244 Anglis
1506 2197 1636 2242 praelio
1650 2225 1658 2240 e

149 2257 339 2293 Haraldum
363 2270 481 2305 regem
499 2269 580 2291 cum
601 2257 721 2290 multis
743 2256 898 2290 millibus
917 2256 1110 2301 perimens,
1128 2254 1331 2288 Londoniae
1346 2261 1534 2289 coronatus
1552 2256 1587 2289 in
1604 2268 1661 2289 re—

146 2329 227 2365 gem
241 2317 409 2365 ungitur,
431 2322 467 2350 et
484 2316 644 2364 regnavit
661 2327 767 2361 super
785 2314 915 2362 Anglos
929 2321 964 2347 et
982 2314 1205 2348 Normaunos
1219 2313 1319 2348 annis
1332 2314 1439 2360 xxiiij.

195 2376 296 2409 Anno
312 2373 471 2408 MLXVll
485 2401 494 2417 7
512 2374 548 2407 in
563 2372 729 2407 Gandavo
743 2378 884 2406 sanctus
900 2371 1100 2406 Macharius
1119 2371 1154 2404 in
1173 2370 1394 2405 dedicatione
1413 2371 1576 2406 ecclesiae
1594 2373 1661 2406 ele-

146 2439 268 2475 vatur7
290 2433 351 2467 ubi
377 2431 465 2466 dum
484 2430 657 2466 increduli
679 2430 889 2465 miraculum
914 2430 1091 2478 exigentes
1109 2429 1351 2473 contendunt„
1375 2430 1435 2464 iris
1456 2431 1492 2464 in
1511 2430 1658 2465 modum

187 2563 194 2581 ¹
216 2563 282 2590 Aliis
294 2563 440 2590 Cadalous.
