2137 3131
428 336 497 370 861⁴
1039 329 1329 365 APPENDICES.

426 444 597 471 dubitatione
612 441 736 468 frustrari
751 460 758 471 ‚
770 438 910 465 sciendum
923 443 964 464 est
978 437 1052 473 quod
1066 437 1130 463 dicti
1146 437 1242 472 viginti
1255 436 1335 463 solidi
1350 437 1480 473 assignati
1491 442 1555 463 sunt
1570 437 1658 464 eidem
1672 439 1821 465 conventui
1835 439 1868 465 ad
1878 449 1943 466 cur-

428 498 479 518 tem
488 499 581 517 eorum
590 489 623 514 de
633 486 755 519 It'ooelm,
765 486 799 512 de
812 485 992 521 proventibus
1004 484 1110 510 bonarii
1122 489 1212 510 terrae
1227 493 1298 519 quae
1311 489 1402 520 empta
1416 489 1457 510 est
1471 494 1485 510 a
1500 483 1563 510 filiis
1575 484 1696 510 Danielis
1705 484 1740 511 de
1753 484 1940 522 Hyllenqhem‚

426 539 459 564 de
474 535 607 563 connnuni
621 542 754 560 consensu
773 537 826 558 tam
840 531 946 557 abbatis
964 540 1045 566 quam
1061 535 1214 557 conventus
1228 530 1358 557 ecclesiae
1367 536 1532 557 memoratae
1545 552 1552 563 ,
1566 531 1592 557 in
1606 531 1686 566 cujus
1699 533 1740 558 rei
1755 533 1940 560 testimonium

427 588 592 619 praesentem
605 586 706 607 cartam
719 579 843 605 dedimus
853 579 940 605 cidem
955 579 1102 605 conventui
1112 578 1194 614 sigilli
1203 579 1290 605 nostri
1303 579 1472 614 appensione
1486 579 1627 605 munitam.
1639 579 1736 606 Actum
1748 589 1840 607 mense
1847 580 1923 608 Julio
1933 602 1940 614 ‚

427 640 496 656 anno
510 629 612 665 gratiae
625 627 774 654 MCCXXX.

1444 674 1576 698 Cartulaire
1587 674 1616 698 de
1628 675 1736 699 Malines.

1124 962 1239 996 CLIX.

431 1063 539 1097 Otlion
562 1064 602 1096 (le
636 1062 859 1108 Trasefsm‘es,
885 1060 1095 1094 surnomme'
1112 1060 1263 1103 l’Oncle,
1285 1058 1422 1094 cle'clare
1445 1073 1511 1106 que
1537 1059 1658 1094 l’aece's
1676 1074 1727 1095 au
1745 1061 1881 1096 moulz'n
1903 1062 1944 1096 de

484 1121 641 1168 IVolpute
667 1133 745 1154 sera
767 1119 874 1161 libre,
904 1125 937 1152 et
961 1118 1050 1165 qu’z'l
1073 1131 1153 1152 sera
1175 1120 1336 1164 toujours
1355 1121 1494 1166 permis
1518 1118 1579 1164 d’y
1596 1119 1691 1163 faire
1713 1119 1873 1154 moucbre.
1895 1140 1944 1146 ——

475 1180 649 1213 Wotpmz.

1145 1335 1218 1358 1250.

462 1412 526 1436 usto
540 1409 572 1434 de
591 1408 745 1443 Trasequies
755 1427 761 1438 ‚
778 1406 869 1432 dictus
882 1406 1043 1432 Avunculus
1054 1426 1060 1438 ‚
1083 1406 1221 1432 universis
1234 1405 1427 1441 praesentibus
1439 1410 1466 1432 et
1481 1404 1582 1431 suturis
1596 1406 1623 1430 in
1637 1410 1814 1440 perpetuum.
1829 1405 1946 1432 Univer-

424 1457 495 1484 sitati
508 1461 614 1482 vestrae
625 1460 651 1480 et
664 1459 758 1480 tenore
772 1453 958 1488 praesentium
972 1457 1066 1479 notum
1082 1452 1195 1479 facimus
1205 1473 1211 1485 ‚
1226 1452 1300 1487 quod
1314 1461 1376 1478 cum
1388 1452 1476 1478 bonae
1491 1452 1636 1478 memoriae
1651 1451 1846 1485 Herbrandus,
1859 1452 1945 1479 advo-

425 1509 501 1530 catus
519 1503 552 1529 de
571 1501 711 1528 Merbecca
722 1521 728 1531 ,
750 1509 817 1526 avus
839 1509 930 1531 meus,
953 1499 1126 1526 medietatem
1149 1499 1298 1525 molendini
1313 1499 1386 1534 quod
1400 1499 1482 1525 situm
1500 1503 1542 1524 est
1563 1498 1637 1534 apud
1661 1498 1784 1534 IVolput,
1807 1499 1946 1526 Ninivensi

422 1551 552 1578 ecclesiae
561 1548 767 1576 commutaverit
778 1557 828 1583 pro
840 1547 958 1582 quadam
969 1553 1042 1573 terra
1051 1557 1133 1582 quam
1144 1547 1170 1573 in
1182 1547 1293 1573 cultura
1301 1556 1372 1583 quae
1385 1546 1487 1572 dicitur
1498 1546 1535 1572 La
1541 1547 1706 1583 nfrenqltem,
1713 1546 1793 1580 juxta
1802 1546 1944 1580 allodium,

424 1598 457 1624 ab
470 1598 562 1624 eadem
575 1596 686 1623 ecclesia
698 1605 748 1631 pro
761 1595 901 1630 praedicta
915 1595 1061 1621 medietate
1073 1595 1221 1621 molendini
1230 1596 1256 1621 in
1271 1594 1461 1621 concambium
1474 1595 1588 1630 recepit,
1604 1595 1630 1620 in
1645 1595 1741 1621 eodem
1749 1595 1814 1629 jure
1828 1604 1878 1631 per
1889 1604 1950 1622 om—

424 1645 482 1676 nia,
497 1644 623 1670 libertate
642 1649 669 1668 et
683 1643 798 1668 caeteris
816 1642 937 1668 aisentiis
951 1642 1053 1677 quibus
1067 1641 1188 1668 eamdem
1207 1642 1380 1668 medietatem
1399 1641 1548 1668 molendini
1563 1641 1679 1677 praefati
1693 1647 1838 1673 tenuerat,
1858 1643 1944 1678 ipsam

426 1691 560 1717 Ninivensi
575 1690 704 1717 ecclesiae
717 1695 852 1725 perpetuo
864 1689 981 1716 contulit
996 1689 1199 1725 possidendam.
1216 1690 1285 1726 Quia
1297 1699 1364 1716 vero
1377 1690 1405 1716 in
1419 1690 1570 1716 benefactis
1584 1689 1828 1725 praedecessorum
1841 1695 1948 1717 nostro-

427 1748 485 1765 rum
497 1760 503 1764 .
526 1748 579 1764 non
593 1738 725 1764 debemus
739 1737 889 1773 degeneres
903 1738 963 1763 fieri
973 1758 980 1769 ⁷
998 1746 1117 1772 quorum
1132 1738 1224 1772 potius
1241 1737 1373 1763 debemus
1388 1738 1413 1763 in
1433 1738 1543 1773 pietatis
1561 1737 1692 1772 operibus
1706 1737 1820 1773 vestigia
1833 1737 1946 1769 imitari,

422 1786 468 1819 jus
481 1791 508 1811 et
528 1785 681 1811 libertatem
700 1785 840 1820 praefatae
860 1784 1014 1811 medietatis
1032 1784 1181 1811 molendini
1200 1794 1271 1820 quae
1293 1794 1308 1810 a
1326 1789 1490 1820 praenotato
1511 1785 1674 1811 Herbrando
1691 1784 1823 1811 translata
1841 1785 1948 1810 suntin

426 1832 590 1867 praedictam
610 1832 765 1864 ecclesiam,
787 1841 960 1867 nequaquam
979 1833 1125 1858 immutare
1145 1832 1312 1859 intendimus
1323 1853 1329 1863 ‚
1346 1832 1394 1858 sed
1408 1841 1440 1858 eo
1460 1832 1559 1859 fortius
1572 1833 1599 1858 in
1614 1837 1687 1859 statu
1702 1832 1869 1868 integritatis
1882 1841 1949 1859 suae

426 1879 550 1905 volumus
567 1887 729 1905 conservare
740 1899 747 1911 ‚
767 1888 822 1914 quo
835 1888 867 1904 ex
877 1879 1050 1905 successione
1063 1884 1209 1914 parentum
1222 1885 1380 1905 nostrornm
1395 1880 1422 1905 in
1434 1889 1484 1905 nos
1498 1879 1651 1905 derivatum
1666 1888 1726 1905 esse
1735 1879 1901 1912 dinoscitur,
1919 1885 1950 1905 ut

425 1927 522 1952 dictam
538 1927 708 1952 Ninivensem
720 1926 860 1952 ecclesiam
871 1946 877 1952 .
893 1926 964 1952 sieut
977 1926 1124 1952 habuimus
1134 1948 1140 1955 ,
1156 1928 1193 1952 ita
1204 1931 1231 1953 et
1244 1936 1354 1962 semper
1363 1927 1390 1952 in
1405 1927 1551 1962 specialem
1566 1926 1666 1952 amoris
1677 1926 1818 1961 praecipui
1831 1925 1947 1962 gratiam

426 1973 582 1999 habeamus.
599 1974 701 2000 Verum
715 1979 805 1999 tamen
825 1973 858 1998 ad
874 1974 1075 2009 exstirpandam
1090 1974 1215 2000 funditus
1228 1975 1312 2000 totius
1325 1975 1455 2010 querelae
1469 1979 1498 2000 et
1511 1974 1687 2000 dissensionis
1700 1974 1840 2000 materiam
1854 1994 1861 2006 ‚
1877 1978 1905 1999 et
1918 1979 1951 2000 ut

426 2021 497 2054 pacis
512 2020 622 2046 foedera
633 2021 704 2047 inter
719 2029 767 2046 nos
783 2025 809 2046 et
828 2029 1000 2047 successores
1014 2026 1123 2047 nostros
1137 2031 1168 2047 ac
1184 2014 1351 2057 praedictam
1363 2021 1504 2047 ecclesiam
1519 2022 1545 2047 in
1560 2030 1611 2047 suo
1624 2021 1725 2047 robore
1737 2021 1841 2056 jugiter
1855 2030 1947 2056 perse—

426 2072 530 2099 vetent⁷
544 2067 576 2093 ad
587 2068 754 2094 voluntatem
767 2072 793 2093 et
806 2067 964 2102 petitionem
977 2068 1066 2094 dictae
1079 2069 1211 2095 ecclesiae
1223 2069 1260 2094 ita
1271 2069 1398 2095 duximus
1407 2069 1590 2095 ordinandum
1601 2089 1608 2100 7
1621 2074 1652 2094 ut
1664 2068 1791 2094 omnibus
1803 2068 1950 2104 utriusque

426 2123 504 2140 sexus
525 2115 570 2149 qui
590 2115 616 2140 in
631 2114 760 2149 parochia
777 2114 810 2140 de
830 2115 972 2141 Merbecca
987 2121 1096 2141 manent
1111 2115 1207 2146 modo,
1230 2115 1271 2142 vel
1294 2115 1395 2142 suturis
1414 2115 1586 2150 temporibus
1605 2120 1669 2141 sunt
1683 2116 1821 2146 mansuri,
1836 2124 1851 2141 a
1866 2120 1950 2150 ponte

425 2161 493 2186 citra
511 2166 627 2187 montem
639 2182 645 2187 .
665 2163 735 2187 sicut
748 2162 824 2188 rivus
841 2163 889 2198 qui
902 2163 1004 2189 dicitur
1018 2163 1181 2189 Honsebeka
1201 2163 1342 2189 descendit
1355 2164 1382 2189 in
1401 2163 1535 2190 Teneram
1547 2184 1553 2195 ‚
1569 2168 1597 2189 et
1611 2163 1645 2189 ab
1665 2162 1761 2188 eodem
1781 2167 1865 2198 ponte
1877 2163 1948 2188 sicut

426 2208 467 2233 via
482 2208 567 2234 tendit
581 2209 607 2234 in
622 2209 778 2244 superiores
794 2214 886 2244 partes
900 2219 950 2245 per
964 2210 1133 2236 Mei-beccam
1150 2219 1246 2236 versus
1260 2210 1439 2236 Wentbecam
1453 2232 1460 2243 7
1476 2220 1509 2237 ex
1520 2220 1553 2236 ea
1564 2215 1642 2246 parte
1656 2219 1726 2245 quae
1739 2214 1780 2236 est
1790 2218 1889 2236 versus
1899 2210 1950 2236 vil-

426 2255 477 2280 iam
490 2255 523 2281 de
540 2256 634 2281 Ninive
644 2277 650 2286 ,
667 2257 786 2292 exceptis
801 2258 944 2284 cambariis
962 2262 989 2283 et
1006 2258 1180 2293 bolemgariis
1201 2258 1272 2284 infra
1285 2259 1418 2284 terminos
1434 2259 1501 2284 istos
1516 2258 1690 2284 manentibus
1704 2257 1747 2284 vel
1764 2258 1901 2283 mansuris
1913 2258 1946 2283 ad

427 2302 577 2336 praefatum
591 2303 776 2329 molendinum
791 2304 824 2330 de
842 2304 964 2340 Il'olput,
987 2314 1188 2341 quamcumque
1204 2305 1343 2331 voluerint
1356 2305 1444 2332 libere
1460 2311 1488 2332 et
1507 2306 1566 2332 sine
1579 2305 1813 2335 contradictione,
1831 2314 1886 2331 non
1899 2304 1950 2331 ob-

426 2354 515 2376 stante
530 2350 620 2385 aliqua
636 2351 799 2378 inhibitione
818 2362 832 2377 a
848 2353 927 2378 nobis
945 2352 1015 2378 sacta
1026 2373 1033 2383 ,
1057 2362 1105 2379 seu
1120 2363 1135 2379 a
1154 2353 1233 2379 nobis
1251 2353 1294 2380 vel
1308 2354 1516 2380 successoribus
1532 2353 1633 2379 nostris
1647 2352 1795 2388 aliquando
1807 2350 1947 2379 facienda.

428 2396 542 2422 transire
554 2396 631 2423 liceat
642 2396 675 2423 de
687 2399 833 2424 caeteruin
845 2404 1021 2434 perpetuum,
1035 2404 1061 2425 et
1073 2399 1128 2426 illic
1139 2399 1242 2426 molere
1252 2409 1445 2435 quaecumque
1455 2400 1556 2426 ibidem
1567 2399 1719 2426 detulerint
1735 2399 1770 2426 ad
1779 2398 1945 2425 molendum.

427 2442 466 2467 Ad
481 2443 622 2469 arcendam
635 2444 719 2479 igitur
729 2446 916 2480 quorumlibet
931 2447 1164 2481 importunitatem
1178 2453 1275 2474 contra
1286 2448 1488 2474 ordinationem
1503 2457 1552 2474 seu
1563 2448 1725 2474 divisionem
1738 2447 1817 2474 istam
1831 2446 1866 2473 de
1878 2455 1948 2473 com·
