2118 3184
768 395 1059 432 APPENDICES.
1608 398 1678 433 973

153 504 206 530 den
226 503 374 540 heerscape
389 514 438 530 ian
455 504 553 531 ΟιιΙι-ο,
577 504 646 530 endr-
660 504 707 529 des
728 505 748 529 si
767 505 797 530 wi
812 510 997 543 gont-waram
1019 503 1089 530 ende
1105 504 1239 539 glieloven
1262 510 1288 529 te
1303 505 1360 530 sine
1378 514 1443 530 over
1463 514 1512 530 ons
1526 505 1594 530 endi·
1609 514 1674 530 ovvr

153 561 220 578 onse
233 561 282 578 oer
297 553 322 578 in
344 552 528 579 kenlecheden
544 561 594 577 van
612 551 694 577 desen
710 552 827 578 letteren
840 551 884 578 die
899 553 929 578 wi
943 552 1104 588 ghcseghelt
1120 552 1228 578 hebben
1243 557 1295 578 met
1310 562 1394 578 onsen
1411 561 1529 587 propi-en
1545 552 1674 588 seglielen

155 599 354 635 uthanghende
366 621 372 626 .
391 600 436 625 die
451 608 540 625 waren
553 595 715 634 'gheghcven
734 599 759 624 in
779 598 830 624 (len
841 599 902 631 jare
918 599 973 625 (ins
992 599 1081 625 lieren
1097 599 1153 625 also
1167 608 1227 625 men
1246 598 1330 633 scryss
1347 599 1492 625 uccxm‘.
1510 599 1572 625 inde
1587 605 1676 625 maent

157 655 207 672 van
222 646 300 673 Meie.

1114 684 1222 716 Origine!
1234 703 1239 706 .
1253 691 1338 707 εει-ουκ
1355 692 1383 707 cn
1397 684 1445 708 cire
1462 689 1534 708 καί-1ο.

784 913 1045 948 CCLxxxvn.

152 992 217 1028 Les
234 993 392 1028 dchevins
413 992 637 1040 d'Aspelaere
652 998 810 1026 anesten!
828 1004 895 1038 qne
914 991 1071 1026 Renazccl
1085 991 1126 1025 de
1155 991 1203 1026 W
1202 991 1344 1037 olszdale
1362 1005 1384 1025 α
1408 992 1522 1026 venda
1540 990 1563 1025 ἀ
1585 993 1674 1027 l'ah-

203 1052 291 1100 haye
310 1065 362 1086 un
378 1053 490 1086 vivier
506 1057 540 1085 et
556 1064 609 1085 un
620 1051 781 1097 Journal
793 1051 834 1084 cle
852 1057 944 1085 terre
962 1051 1181 1093 lahourahle,
1205 1057 1237 1084 et
1252 1051 1342 1096 qn’z'l
1361 1051 1406 1085 les
1425 1064 1447 1084 a
1467 1054 1600 1085 ens-uste
1620 1065 1676 1085 re-

200 1122 266 1158 pus
279 1109 375 1145 d'eIle
393 1122 524 1145 comme
540 1112 740 1144 censz'taz'w’e.
765 1131 812 1135 -
827 1110 966 1144 Lozrsu.

880 1276 950 1299 1296.

191 1346 258 1380 Nos,
273 1346 377 1373 scabini
387 1346 421 1373 de
435 1346 544 1382 Asplar,
560 1352 654 1372 notum
671 1345 785 1372 facimus
801 1346 936 1372 universis
951 1355 1080 1382 praesens
1091 1346 1224 1381 scriptum
1243 1346 1342 1372 visuris
1358 1346 1385 1371 in
1401 1350 1566 1380 perpetuum
1578 1367 1584 1372 .
1600 1347 1673 1381 quod

154 1394 295 1430 Reynotus
307 1394 342 1420 de
357 1393 502 1430 'Volfkdule
516 1398 544 1419 et
557 1393 702 1420 domicella
722 1393 806 1419 Alicia
816 1414 824 1425 ‚
841 1403 909 1419 uxor
927 1403 992 1425 sua,
1013 1394 1039 1419 in
1055 1393 1210 1428 praesentia
1224 1398 1318 1418 nostra
1334 1398 1566 1428 reportaverunt,
1583 1394 1635 1419 rite
1649 1399 1675 1420 et

149 1441 286 1479 legitime,
302 1442 328 1468 iu
342 1450 438 1467 manus
451 1440 533 1468 villici
551 1441 693 1467 subnotati
707 1441 840 1467 vivarium
853 1450 934 1466 suum
948 1440 1021 1476 apud
1038 1439 1182 1476 ll'olssdale
1195 1445 1223 1466 et
1238 1440 1327 1466 locum
1344 1440 1430 1475 ipsius
1443 1441 1538 1466 vivarii
1553 1446 1579 1466 et
1595 1442 1674 1467 eliani

148 1489 303 1523 jornarium
318 1493 408 1515 terrae
416 1497 482 1514 suae
490 1487 612 1515 arabilis.
626 1498 722 1524 parum
731 1487 794 1524 plus
806 1488 848 1514 vel
859 1489 958 1514 minus.
970 1488 1173 1522 jacentisjuxta
1185 1488 1274 1523 ipsum
1285 1488 1416 1513 vivarium
1428 1487 1460 1513 ad
1472 1497 1542 1523 opus
1554 1489 1675 1515 virorum

151 1535 362 1573 religiosorum,
379 1536 481 1562 domini
499 1535 608 1561 abbatis
626 1541 653 1562 et
674 1541 825 1562 conventus
845 1535 879 1562 de
895 1535 1003 1567 Ninive,
1027 1535 1149 1571 dictique
1166 1535 1286 1571 religiosi
1307 1535 1333 1561 in
1356 1535 1457 1561 eisdem
1477 1537 1596 1562 vivario.
1617 1537 1676 1563 locu

150 1592 202 1610 suo
213 1588 241 1610 et
255 1588 330 1609 terra
344 1583 396 1609 rite
412 1588 438 1609 et
452 1582 572 1619 legitime
587 1582 764 1609 adliaeredati
779 1582 891 1609 fuerunt
904 1588 931 1608 et
945 1588 1026 1614 sunt,
1040 1582 1092 1608 sub
1105 1582 1290 1608 haereditario
1302 1591 1385 1608 censu
1402 1584 1484 1609 trium
1499 1584 1674 1610 denariorum

150 1639 221 1666 quos
234 1630 285 1666 ipsi
300 1629 421 1666 religiosi
434 1629 536 1656 debent
555 1629 700 1660 Nicliolao,
724 1630 779 1656 lilio
798 1630 909 1666 Soykini
925 1630 959 1656 de
977 1630 1100 1656 Pomerio
1111 1651 1117 1661 ,
1141 1631 1187 1665 qui
1203 1635 1260 1656 tres
1280 1630 1386 1655 denarii
1403 1630 1542 1656 debentur
1555 1631 1589 1657 de
1602 1632 1676 1658 dicto

151 1677 255 1704 vivario
269 1687 301 1704 ac
318 1676 378 1703 loco
397 1686 447 1703 suo
461 1687 492 1703 ac
506 1678 587 1703 etiam
603 1678 655 1703 sul)
672 1687 755 1704 censu
771 1679 853 1704 unius
871 1677 944 1704 oboli
964 1687 1046 1713 quem
1063 1677 1127 1703 dicti
1143 1677 1263 1714 religiosi
1282 1677 1384 1703 delient
1405 1678 1478 1703 dicto
1499 1678 1624 1713 Reynoto
1642 1679 1677 1705 dc

150 1731 225 1752 tei-ra
238 1725 394 1761 praedicta,
410 1725 492 1751 salvis
504 1726 585 1751 etiarn
599 1725 723 1761 quinque
735 1726 830 1752 solidis
841 1727 924 1751 annui
938 1735 1037 1751 census
1050 1726 1096 1760 qui
1108 1725 1173 1751 inde
1183 1725 1322 1751 debentur
1335 1724 1496 1760 capellanno
1513 1725 1548 1751 ‹le
1562 1725 1675 1761 Asplar.

151 1773 258 1809 Quibus
265 1773 394 1799 omnibus
402 1773 438 1799 ita
449 1772 536 1805 factis⁷
546 1772 612 1799 dicti
620 1772 740 1809 religiosi
749 1778 944 1800 concesserunt
954 1773 1034 1799 dictis
1045 1773 1210 1809 conjugibus
1222 1773 1326 1798 dietum
1339 1773 1481 1798 vivarium.
1491 1772 1579 1798 locum
1591 1773 1677 1808 ipsius

150 1830 181 1847 ac
192 1825 294 1846 terram
307 1819 474 1855 praedictam
488 1819 522 1845 ad
535 1820 642 1846 firmam
655 1820 867 1846 haereditariam
883 1820 935 1846 sub
946 1829 1036 1846 annua
1050 1820 1181 1855 pensione
1193 1820 1306 1855 triginta
1316 1819 1466 1845 solidorum
1482 1820 1677 1846 flandrensium

149 1873 176 1894 et
186 1869 270 1894 trium
279 1867 456 1893 denariorum
470 1873 498 1893 et
512 1868 594 1893 unius
610 1867 699 1898 oboli,
714 1869 740 1894 in
755 1868 902 1903 epiphania
917 1868 1023 1894 Domini
1037 1867 1177 1893 aunuatim
1189 1867 1269 1893 dictis
1283 1866 1418 1903 religiosis
1430 1866 1560 1893 solvenda
1570 1889 1577 1898 ‚
1591 1872 1617 1893 et
1631 1867 1679 1893 de-

150 1915 215 1942 bent
225 1915 307 1941 etiam
318 1915 461 1951 conjuges,
474 1915 606 1950 quamdiu
618 1915 754 1942 tenebunt
767 1915 866 1942 dictam
878 1916 994 1945 firmam,
1006 1915 1114 1941 solvere
1126 1915 1267 1941 annuatim
1277 1915 1432 1950 praedictos
1441 1915 1564 1950 quinque
1574 1915 1677 1941 solidos

150 1961 294 1998 capellano
303 1961 338 1988 de
352 1961 455 1997 Asplar
464 1961 606 1997 praedicto
619 1962 725 1998 absque
737 1962 830 1998 aliqua
840 1952 1021 1988 diminutione
1034 1962 1173 1998 pensionis
1185 1961 1341 1996 praedictae
1351 1982 1357 1992 ‚
1371 1961 1528 1987 conditione
1540 1961 1586 1988 tali
1599 1971 1680 1997 prae-

151 2009 240 2035 dictae
254 2009 349 2035 firmae
360 2008 468 2043 adjecta
479 2028 487 2041 ‚
503 2008 577 2044 quod
591 2009 612 2035 si
627 2008 693 2035 dicti
705 2009 838 2046 conjuges
848 2008 891 2035 vel
905 2009 1038 2035 haeredes
1051 2018 1147 2035 eorum
1158 2008 1310 2034 defecerint
1324 2008 1349 2034 in
1363 2008 1500 2034 solutione
1511 2009 1599 2035 dictae
1611 2018 1679 2044 pen—

150 2056 250 2090 sionis,
270 2055 374 2082 scilicet
387 2056 502 2091 triginta
517 2055 667 2082 solidorum
687 2062 714 2083 et
730 2057 812 2082 trium
829 2056 1006 2082 denariorum
1023 2061 1050 2082 et
1064 2056 1147 2082 unius
1164 2055 1253 2087 oboli,
1268 2065 1299 2081 ex
1315 2061 1379 2081 tunc
1393 2055 1516 2081 videlicet
1533 2065 1547 2081 a
1561 2057 1677 2082 termino

149 2102 310 2134 solutionis,
329 2107 357 2129 et
375 2102 504 2138 deinceps
521 2102 587 2129 dicti
607 2103 727 2140 religiosi
742 2113 838 2130 manus
852 2113 915 2130 suas
931 2112 1071 2139 apponere
1092 2107 1224 2138 poterunt
1237 2102 1271 2128 ad
1291 2102 1488 2128 haereditatem
1507 2112 1582 2129 suain
1598 2113 1679 2139 prae-

150 2149 265 2183 dictam,
276 2155 304 2176 et
315 2149 378 2176 inde
388 2149 478 2176 facere
489 2149 658 2176 voluntatem
667 2160 743 2176 suam
751 2171 758 2183 ,
772 2150 846 2177 salvo
855 2160 938 2177 censu
947 2150 1132 2177 haereditario
1142 2151 1189 2186 qui
1198 2150 1316 2176 debetur
1323 2159 1353 2175 ex
1367 2150 1444 2176 bonis
1457 2150 1613 2185 praedictis,
1627 2152 1677 2177 nisi

151 2196 217 2223 dicti
232 2195 353 2232 religiosi
371 2195 451 2222 dictis
467 2197 633 2233 conjugibus
650 2196 693 2224 vel
707 2197 874 2224 haeredibus
887 2207 983 2223 eorum
997 2198 1056 2224 sine
1072 2196 1210 2223 solutione
1221 2197 1308 2222 dictae
1322 2197 1460 2231 pensionis
1473 2196 1546 2223 dicto
1561 2199 1678 2224 termino

151 2243 302 2270 defecerint
313 2248 340 2270 et
351 2243 565 2270 misericordiam
577 2244 721 2279 specialem
738 2245 763 2270 in
777 2244 847 2271 hanc
858 2250 936 2280 parte
949 2245 1079 2271 duxerint
1089 2244 1250 2271 faciendam.
1263 2243 1357 2270 Testes
1368 2244 1415 2279 qui
1426 2245 1581 2279 praemissis
1592 2245 1678 2274 iuter-

150 2291 263 2317 fuerunt
276 2291 378 2317 vocati:
390 2291 524 2318 Ilenricus
532 2291 566 2318 de
574 2292 703 2327 Apellren
713 2314 718 2323 ,
731 2292 872 2319 Johannes
885 2293 997 2329 Caluys,
1009 2293 1138 2329 Aegidius
1148 2291 1262 2327 Spikinc
1272 2313 1278 2322 ,
1291 2291 1430 2317 Johannes
1438 2292 1472 2317 de
1484 2292 1676 2319 Tortelbomeet

151 2338 291 2365 Jobannes
307 2338 341 2365 de
354 2337 458 2365 Hasselt
471 2360 478 2371 ‚
491 2339 608 2366 clericus
618 2360 626 2372 ‚
638 2345 667 2366 ut
679 2341 781 2366 scabini
796 2340 830 2366 de
845 2341 966 2376 Asplfflz'
982 2342 1046 2367 item
1056 2361 1064 2372 ‚
1079 2340 1218 2366 Get-ardus
1228 2361 1235 2371 ³
1249 2339 1354 2364 villicus
1366 2339 1400 2364 dc
1419 2338 1534 2365 Hussell.
1553 2340 1581 2366 ln
1597 2342 1677 2375 cujus

151 2387 192 2413 rei
205 2386 389 2412 testimonium
404 2386 521 2423 sigillum
535 2392 659 2413 nostrum
671 2397 814 2414 commune
827 2388 1017 2424 praesentibus
1031 2388 1130 2414 litteris
1144 2392 1184 2414 est
1198 2395 1360 2422 appensum.
1378 2387 1473 2412 Acium
1487 2396 1559 2413 anno
1571 2387 1677 2414 Domini

153 2432 304 2460 MCCXCVI
313 2454 320 2463 ,
338 2432 406 2459 seria
418 2434 500 2460 tertia
515 2439 578 2460 ante
589 2434 687 2461 festum
698 2434 770 2461 beati
787 2435 886 2462 Marci.
899 2435 1093 2471 evangelistae.

1159 2479 1267 2511 Original
1277 2499 1283 2502 .
1295 2487 1365 2503 sceau
1378 2487 1407 2503 en
1418 2479 1466 2504 circ
1476 2481 1560 2505 lmine.
