2137 3131
412 372 480 404 910
1016 356 1303 394 AI'PENDICES.

1076 498 1256 533 CCXVIII.

412 614 529 645 Simon
544 636 552 651 ‚
572 607 660 641 abbe'
672 607 713 640 (le
736 603 994 639 Troncln'emws
1006 628 1016 643 ,
1032 600 1148 634 de'cz'cle
1161 611 1292 633 comme
1305 599 1440 633 arhz'tre
1460 610 1526 644 que
1550 599 1584 632 la
1602 597 1697 633 dimo
1718 598 1810 632 d’un
1824 597 1897 644 pre'
1907 625 1918 640 ,

458 667 548 701 sz'tne'
561 667 651 699 dans
668 665 701 697 la
712 664 870 710 paroisse
888 660 929 694 de
948 660 1103 705 Strypen
1119 684 1130 701 ,
1150 657 1412 704 apparte'endra
1426 669 1502 703 par
1526 656 1646 691 moz'tz‘e'
1666 669 1742 691 aux
1768 656 1921 702 abbayes

457 727 497 759 de
516 721 831 758 Mont-St-Mamm
844 725 876 753 et
887 718 928 752 (le
942 716 1091 752 Ninove.
1110 737 1157 742 —
1172 715 1357 749 Bovcuouv.

1029 896 1045 917 A
1063 893 1187 917 Bouchout
1195 911 1201 920 ,
1213 893 1286 916 1240.

447 987 460 1011 I
471 983 582 1011 niversis
597 984 754 1017 praesentes
769 978 873 1004 litteras
886 976 1050 1012 inspecturis
1060 995 1069 1008 ,
1083 976 1184 1010 Symon
1194 996 1201 1007 ‚
1217 974 1265 1000 Dei
1281 975 1412 1009 patientia
1426 974 1511 1001 abbas
1525 974 1748 1007 Truncinieusis,
1763 973 1878 1001 salutem
1893 974 1920 999 in

411 1032 531 1058 Domino.
552 1027 726 1055 universitati
749 1030 855 1051 vestrae
877 1029 971 1050 tenore
990 1022 1143 1058 praesentis
1160 1021 1286 1048 duximus
1302 1021 1483 1047 intimandum
1495 1022 1590 1057 quod,
1609 1031 1671 1048 cum
1689 1023 1762 1049 inter
1779 1021 1921 1048 ecclesiam

409 1078 503 1105 Montis
514 1077 541 1102 S.
555 1075 661 1101 Martini
675 1083 707 1099 ex
719 1082 772 1098 una
782 1076 860 1107 parte
870 1092 876 1102 Ἴ
889 1076 916 1097 et
929 1070 1070 1096 ecclesiam
1081 1069 1252 1095 Ninivensem
1269 1077 1301 1094 ex
1313 1067 1400 1094 altera
1410 1089 1417 1099 ,
1433 1078 1517 1103 super
1528 1069 1631 1095 decima
1640 1069 1782 1104 cujusdam
1794 1068 1866 1104 prati
1876 1068 1922 1095 siti

407 1126 475 1152 infra
483 1124 580 1150 limites
589 1122 732 1158 parochiae
741 1120 774 1145 de
786 1118 888 1154 Slrz'pes
897 1127 981 1153 supra
990 1117 1138 1149 Zualmam‚
1153 1116 1322 1152 quaestionis
1330 1116 1443 1142 materia
1452 1116 1549 1142 fuisset
1557 1121 1667 1148 exorta,
1683 1122 1710 1143 et
1719 1116 1814 1143 eadem
1825 1124 1921 1152 quaes—

407 1174 443 1199 tio
455 1172 532 1198 nobis
542 1169 703 1196 auctoritate
716 1166 863 1194 venerandi
875 1166 960 1201 patris
974 1164 1122 1196 Johannis,
1136 1164 1185 1190 Dei
1199 1164 1332 1199 patientia
1348 1164 1626 1191 Praemonstratensis
1640 1164 1762 1197 abbatis,
1779 1164 1921 1190 commissa

408 1220 501 1246 suisset
511 1216 645 1244 audienda
656 1237 662 1248 ,
673 1215 780 1242 taudem
791 1214 861 1240 dicta
870 1212 984 1239 ecclesia
996 1212 1094 1238 Montis
1105 1211 1134 1238 S.
1146 1211 1256 1237 Martini
1268 1215 1295 1237 et
1309 1210 1422 1237 ecclesia
1431 1211 1584 1237 Ninivensis
1596 1212 1746 1247 praedicta,
1759 1211 1793 1238 ad
1806 1220 1924 1247 parcen-

408 1269 470 1293 dum
488 1265 604 1301 partium
622 1263 762 1290 laboribus
776 1267 803 1288 et
819 1261 945 1296 expensis
962 1269 1012 1295 per
1030 1264 1225 1295 procuratores
1239 1259 1272 1284 ad
1288 1258 1340 1285 hoc
1356 1258 1490 1285 habentes
1507 1259 1666 1285 mandatum
1684 1258 1803 1294 speciale
1825 1259 1852 1285 in
1870 1267 1921 1285 nos

408 1313 663 1349 compromiserunt,
680 1310 885 1346 promittentes,
904 1308 956 1334 sub
972 1317 1060 1342 poena
1077 1307 1171 1333 decem
1185 1306 1318 1332 librarum
1330 1306 1492 1339 Flandriae‚
1512 1307 1583 1342 parti
1602 1307 1760 1333 observanti
1773 1306 1920 1332 arbitrium

407 1362 462 1387 sive
476 1360 576 1385 dietum
588 1363 709 1384 nostrum
722 1367 736 1382 a
750 1361 826 1392 parte
838 1355 976 1381 resiliente
987 1353 1189 1381 reddendarum
1201 1374 1208 1386 ,
1220 1353 1294 1389 quod
1305 1353 1440 1389 quidquid
1455 1363 1538 1389 super
1549 1354 1621 1380 dicta
1633 1363 1715 1380 causa
1729 1343 1922 1380 ordinaremus
1942 1344 1946 1349 ι

407 1409 493 1434 dictae
510 1405 637 1432 ecclesiae
656 1403 846 1430 inviolabiliter
860 1402 1050 1428 observarent
1070 1401 1122 1427 Nos
1141 1401 1244 1437 igitur,
1257 1400 1352 1426 habito
1363 1400 1492 1432 consilio
1509 1400 1612 1427 dictum
1626 1401 1683 1427 sive
1697 1401 1843 1427 arbitrium
1858 1410 1923 1427 nos-

411 1461 480 1481 trum
501 1453 661 1489 protulimus
679 1453 704 1478 in
725 1451 797 1477 hunc
811 1450 921 1476 modum
937 1457 944 1474 :
961 1449 1035 1485 quod
1056 1449 1224 1484 quicumque
1244 1453 1271 1474 et
1289 1458 1304 1474 a
1323 1457 1498 1484 quocumque
1517 1448 1551 1474 de
1564 1453 1674 1474 caetero
1692 1448 1796 1474 dictum
1812 1453 1923 1484 pratum

408 1503 509 1529 cultum
526 1501 623 1531 suerit,
642 1501 697 1526 sive
711 1499 744 1525 ab
758 1498 870 1524 ecclesia
886 1497 1022 1524 Ninivensi
1033 1518 1039 1529 ‚
1056 1497 1112 1523 sive
1127 1496 1161 1522 ab
1177 1496 1231 1522 alio
1252 1505 1427 1531 quocumque
1441 1496 1540 1527 sueritq
1562 1496 1676 1522 ecclesia
1690 1496 1791 1522 Montis
1804 1495 1832 1522 S.
1853 1495 1923 1523 Mar-

410 1550 457 1574 tini
480 1548 648 1574 medietatem
667 1547 784 1572 decimae
799 1546 869 1580 prati
888 1544 1021 1580 praedicti
1041 1543 1214 1579 integraliter
1230 1543 1362 1578 recipiet‚
1381 1548 1409 1569 et
1428 1543 1507 1569 aliam
1526 1543 1700 1569 medietatem
1719 1543 1834 1570 ecelesia
1847 1543 1923 1570 Nini-

409 1596 496 1622 vensis
510 1600 587 1620 autea
601 1594 681 1619 dicta.
696 1593 725 1619 ln
737 1594 814 1627 cujus
826 1593 864 1618 rei
880 1592 1034 1618 memoriam
1044 1591 1092 1617 has
1106 1591 1211 1616 litteras
1225 1590 1306 1626 sigilli
1319 1590 1405 1616 nostri
1419 1591 1587 1626 appensione
1598 1590 1724 1616 duximus
1738 1590 1919 1617 roborandas.

410 1644 503 1668 Actum
520 1652 589 1668 anno
601 1641 706 1667 Domini
722 1640 824 1672 MCCL,
847 1640 913 1666 seria
930 1639 1051 1666 secunda
1065 1643 1126 1674 post
1147 1639 1316 1664 nativitatem
1331 1638 1404 1664 beati
1417 1638 1552 1664 Johannis
1568 1638 1723 1673 Baptistae,
1744 1639 1772 1664 in
1792 1639 1868 1665 curia
1887 1638 1921 1666 de

409 1690 532 1715 Boclzout.

1495 1732 1626 1756 Cartulaire
1639 1733 1667 1756 «Ie
1680 1732 1788 1757 Malincs.

1129 1805 1197 1817 u

1083 2012 1233 2047 CCXIX.

410 2105 565 2147 Nic-olas,
585 2105 705 2151 e've'que
729 2106 770 2139 de
795 2105 982 2147 cambrai,
1001 2116 1182 2152 approzcve
1200 2108 1234 2137 et
1248 2103 1416 2148 confirme
1439 2103 1475 2136 la
1494 2103 1681 2148 fondation
1707 2102 1816 2136 d'une
1835 2101 1922 2136 cha-

868 2164 1013 2210 pellem'e
1037 2161 1060 2197 ἀ
1087 2162 1228 2197 Rz'deve.
1250 2182 1298 2188 —-
1315 2162 1456 2195 Pium.

636 2338 648 2350 ο

1133 2358 1202 2381 1251.

450 2431 586 2461 Nicolaus,
604 2431 650 2457 Dei
665 2432 751 2467 gratia
764 2432 965 2458 Cameracensis
975 2432 1131 2467 episcopus„
1146 2432 1282 2459 universis
1293 2437 1452 2468 praesentes
1467 2432 1575 2458 litteras
1589 2432 1688 2458 visuris
1701 2431 1817 2458 salutem
1829 2431 1856 2457 in
1868 2430 1924 2456 Do-

413 2478 483 2503 mino
497 2479 697 2513 sempiternam.
711 2478 839 2505 Noverint
854 2479 986 2513 universi,
1002 2479 1076 2514 quod
1087 2488 1149 2506 cum
1163 2480 1291 2506 dominus
1305 2479 1435 2515 Aegidius
1450 2479 1537 2512 miles,
1552 2479 1642 2506 dictus
1655 2479 1689 2506 de
1703 2479 1816 2511 Rideva,
1832 2478 1868 2504 ob
1881 2479 1923 2504 sui
