2118 3184
582 394 808 430 CHRONICA
840 395 1005 430 Alis-Ilm
1036 396 1076 431 Ll
1106 397 1270 431 Mt'tsls.
1625 400 1687 434 171

166 511 267 538 runt.
295 511 326 537 et
357 516 474 552 regem
502 503 704 551 elegerunt,
732 510 766 536 et
791 503 856 536 fuit
890 516 948 536 rex
974 504 1106 538 electus
1128 504 1329 539 Johannrs.
1358 505 1474 540 dictus
1502 506 1548 540 Li
1572 506 1685 541 Dans.

214 565 314 596 Anno
342 562 632 596 MCCLXXXlll.
661 562 917 609 gubernatores
942 563 1091 596 rixitatis
1119 563 1369 597 't'o=·ua‹-‹=11sis.
1400 566 1621 608 communia„
1652 572 1686 599 ut

165 623 273 656 moris
294 628 363 656 est.
391 628 603 655 convocata.
629 620 795 654 dixerunt
821 627 855 654 et
881 621 1133 664 ostenderunt,
1161 623 1345 669 quomodo
1369 624 1454 657 aliae
1477 624 1633 658 civitates
1655 630 1689 657 et

165 681 264 715 villae
283 687 315 714 et
334 686 445 714 castra
470 680 648 713 habebant
672 680 799 713 festum
822 680 978 713 solemne
1000 681 1151 714 annuale
1174 688 1209 714 et
1229 681 1397 715 babentes
1415 683 1633 725 francisiam,
1654 689 1688 716 et

167 739 331 774 indecens
353 745 446 772 erat.
472 738 569 785 quod
593 745 663 772 tam
693 739 818 772 nobilis
846 739 966 772 civitas
992 746 1066 773 erat
1088 739 1162 773 sine
1186 740 1275 773 festo
1294 741 1456 783 annuali„
1483 754 1590 787 super
1615 753 1688 789 quo

165 797 443 832 concordarunt.
468 797 566 844 quod
586 798 679 845 regia
700 798 860 843 majestas
882 798 1144 844 requireretur:
1167 799 1287 845 sicque
1307 800 1369 833 fuit
1393 802 1521 834 festum
1539 801 1689 835 annuale

166 857 416 903 impetratum„
438 862 470 889 et
491 856 652 889 francis-ia
671 855 867 889 secundum
889 869 1024 890 morem
1043 857 1211 900 atim-un„
1229 864 1263 891 et
1279 856 1385 891 debet
1400 859 1607 904 proclamari
1626 860 1689 894 fes-

166 922 242 950 tum
262 916 296 949 in
315 922 418 948 nocte
435 915 625 948 nativitatis
643 914 797 962 Virginis
811 915 983 962 gloriosae
995 942 1003 958 τ
1021 922 1055 949 et
1074 922 1143 949 tres
1158 915 1232 949 dies
1252 916 1493 960 monstrandi2
1512 917 1688 951 tendendi

166 981 201 1008 et
219 973 360 1007 emendi
379 973 512 1007 venalia
536 979 616 1006 sunt
638 972 752 1018 pridie
775 980 807 1006 et
831 973 866 1006 in
887 980 989 1007 nocte
1011 981 1043 1007 et
1067 974 1124 1008 die
1147 975 1239 1008 beati
1263 975 1446 1009 Matthaei.
1476 983 1509 1009 et
1535 984 1585 1010 est
1608 978 1688 1010 finis

166 1031 350 1066 francisiae
369 1037 400 1064 et
424 1031 608 1064 solutionis
631 1031 666 1064 in
693 1030 750 1064 die
771 1031 863 1064 beati
887 1032 1048 1080 Remigii.

215 1091 318 1124 Anno
341 1088 641 1123 MCCLxxxvtll
655 1116 663 1122 .
690 1096 844 1123 castrum
872 1089 916 1124 de
944 1090 1077 1124 Bruleo
1099 1097 1133 1124 et
1152 1091 1244 1125 inter
1262 1091 1352 1125 duos
1374 1099 1499 1137 pontes
1515 1104 1628 1139 usque
1651 1093 1687 1126 in

167 1147 286 1182 medio
309 1147 405 1181 fluvii
425 1146 568 1181 §caldae
592 1148 643 1181 vel
667 1148 754 1182 citra
772 1160 885 1194 usque
908 1148 952 1182 ad
974 1149 1109 1182 locum.
1131 1150 1193 1195 qui
1215 1150 1408 1183 vocabatur
1434 1151 1535 1184 Petra
1555 1151 1688 1185 Fame-

165 1206 271 1248 leuse,
292 1211 365 1239 erat
385 1212 500 1239 totum
520 1205 564 1238 de
582 1204 740 1239 dominio
760 1205 895 1239 domini
912 1205 956 1239 de
972 1206 1182 1240 Mauritania
1200 1214 1233 1240 et
1249 1208 1425 1241 castellani
1442 1208 1683 1244 Tornacensis.

165 1265 208 1299 Et
233 1264 388 1298 habebat
411 1263 544 1309 ubique
567 1262 811 1296 omnimodam
832 1263 1006 1308 justitiam
1021 1290 1031 1304 ,
1055 1269 1091 1296 et
1115 1264 1163 1297 ibi
1191 1265 1397 1310 proclamati
1428 1272 1463 1299 et
1485 1267 1619 1301 banniti
1642 1267 1686 1302 (1(-

167 1323 327 1357 Tornaco
342 1326 514 1366 perpetuo
527 1346 535 1362 5
554 1320 624 1353 sixe
642 1319 687 1353 ad
704 1332 815 1354 annos
828 1320 899 1353 sive
913 1319 957 1354 ad
973 1321 1158 1366 pecunias,
1176 1321 1357 1356 habebant
1371 1323 1420 1356 ibi
1439 1324 1616 1371 refugium
1627 1352 1635 1368 a
1654 1333 1687 1359 et

165 1381 214 1416 ihi
228 1392 264 1414 se
277 1379 463 1421 tenebant7
484 1378 663 1411 venientes
680 1378 881 1424 saepissime
895 1390 1008 1424 usque
1022 1378 1067 1412 ad
1082 1378 1219 1413 dictum
1238 1381 1449 1425 terminum7
1471 1388 1505 1415 et
1517 1383 1689 1418 occisores

164 1446 199 1474 et
225 1437 453 1472 forcfactores
474 1436 511 1470 in
534 1436 561 1469 T
564 1448 713 1480 ornacO,
739 1437 801 1482 qui
820 1443 985 1482 poterant
1002 1436 1150 1470 evadere
1163 1464 1171 1480 7
1192 1428 1324 1471 ibidem
1346 1439 1551 1486 fugiebant,
1573 1448 1607 1474 et
1626 1454 1689 1488 per

165 1498 313 1546 longum
334 1502 476 1541 tempus
500 1494 569 1529 hoc
588 1494 740 1529 duravit.
764 1495 922 1529 Tandem
947 1495 1094 1542 quidam
1119 1496 1203 1530 civis
1225 1496 1342 1531 dictus
1362 1498 1575 1532 wilhelmus
1601 1499 1687 1534 Cas-

164 1563 267 1604 taque
292 1567 375 1590 cum
400 1555 475 1589 aliis
501 1554 719 1600 sapientibus
741 1553 786 1588 de
809 1555 955 1588 consilio
978 1561 1220 1589 tractaverunt
1242 1568 1326 1603 erga
1348 1555 1535 1590 dominum
1563 1559 1688 1592 castel-

166 1616 305 1658 lanum,
335 1620 369 1648 et
398 1613 502 1647 etiam
535 1625 617 1647 cum
642 1612 788 1647 domino
814 1613 943 1647 comite
975 1614 1144 1657 Blesensi7
1177 1613 1221 1647 de
1246 1614 1326 1648 villa
1353 1614 1448 1648 dicta
1471 1615 1515 1649 de
1548 1616 1687 1651 Callidis

165 1674 311 1715 Furnis7
345 1673 380 1706 in
407 1684 478 1718 qua
504 1671 657 1704 habebat
685 1671 802 1705 dietus
827 1684 945 1705 comes
971 1671 1215 1706 omnimodam
1233 1672 1407 1718 justitiam
1431 1674 1467 1707 in
1491 1674 1584 1708 dicta
1608 1676 1687 1710 villa

163 1733 256 1768 sicut
278 1730 486 1766 castellanus
505 1729 541 1762 in
561 1729 688 1763 Bruleo
707 1736 742 1763 et
760 1730 940 1778 refugium
959 1730 1142 1764 habebant,
1158 1730 1352 1777 supradicti
1365 1758 1374 1775 a
1394 1744 1437 1765 ex
1454 1745 1526 1779 quo
1545 1733 1682 1778 civitas‚

164 1792 256 1826 cives
274 1796 310 1824 et
327 1789 544 1823 habitatores
562 1794 662 1821 erant
680 1800 783 1834 saepe
805 1789 842 1822 in
860 1801 990 1836 magno
1009 1788 1189 1834 periculo,
1213 1795 1248 1822 et
1271 1789 1566 1835 vituperabantur
1585 1804 1687 1839 saepe

165 1850 286 1884 civitas
307 1855 343 1882 et
359 1847 587 1881 habitatores.
616 1847 842 1894 Tantumque
861 1848 929 1881 fuit
954 1854 1184 1894 procuratum
1212 1859 1276 1894 per
1300 1847 1414 1882 dictos
1431 1850 1686 1897 gubernatores

165 1908 356 1955 sapientesff
379 1912 413 1939 et
432 1918 495 1952 per
514 1912 645 1939 certam
664 1907 903 1953 emptionem,
926 1906 1043 1953 quod,
1064 1907 1178 1940 soluta
1199 1907 1367 1953 pecunia7
1388 1907 1504 1942 dictae
1525 1909 1624 1943 villae
1643 1910 1687 1944 de

165 1966 305 2002 callidis
327 1965 450 1999 Furnis
473 1971 507 1998 et
529 1963 574 1998 de
594 1965 720 1999 Bruleo
744 1978 826 1999 cum
849 1972 985 2009 castro,
1012 1978 1094 1999 cum
1119 1965 1324 1999 omnimoda
1339 1966 1475 2011 justitia
1493 1979 1601 2013 quam
1620 1968 1686 2001 ha—

163 2026 313 2067 bebaut7
335 2023 467 2058 civitati
483 2023 694 2057 Tornacensi
709 2030 791 2057 sunt
809 2024 1035 2070 appropriata
1053 2030 1088 2057 et
1106 2023 1222 2067 unita⁷
1240 2024 1327 2058 nihil
1340 2025 1483 2070 penitus
1497 2025 1686 2059 retinentes

164 2085 201 2118 in
221 2082 409 2130 praedictis
428 2081 513 2116 dicti
536 2081 671 2116 domini
684 2109 692 2125 7
719 2089 865 2128 excepto
885 2082 1032 2117 domino
1051 2083 1256 2127 castellano,
1277 2084 1338 2130 qui
1358 2083 1503 2117 retinuit
1529 2091 1683 2118 castrum

165 2150 200 2177 et
218 2155 317 2177 suam
328 2141 502 2188 justitiam
521 2141 557 2174 in
576 2140 700 2176 eodem
716 2169 724 2185 ,Ι
747 2149 782 2176 et
795 2142 839 2175 ab
858 2142 915 2176 itta
933 2141 990 2176 dic
1004 2154 1117 2188 usque
1131 2141 1176 2176 ad
1191 2142 1283 2176 hanc
1301 2142 1397 2176 diem
1413 2142 1592 2177 Tornacus
1607 2155 1684 2189 pos-

163 2202 254 2237 sedit
275 2208 310 2235 et
330 2200 486 2247 possidet
505 2200 648 2246 pacifice
661 2227 669 2243 ,
691 2207 726 2235 ct
748 2202 819 2235 Deo
838 2201 944 2235 dante
964 2200 1168 2247 possidebit.

213 2261 302 2294 Ante
327 2258 542 2305 praedictam
567 2259 783 2304 emptionem
807 2259 877 2294 vidi
898 2273 1019 2293 muros
1045 2267 1078 2293 et
1100 2266 1214 2293 turres
1232 2272 1251 2294 a
1273 2266 1374 2305 porta
1393 2259 1487 2293 dicta
1508 2259 1680 2303 Burdelli„

163 2317 345 2365 sequendo
365 2330 470 2363 super
488 2316 636 2351 fluvium
653 2317 810 2361 Scaldae7
822 2319 939 2364 jacere
953 2318 1229 2352 fundamentum
1241 2345 1250 2361 w
1271 2330 1392 2352 muros
1410 2325 1445 2352 et
1463 2325 1578 2352 turres
1596 2331 1683 2353 con-

163 2383 298 2411 struere
317 2383 352 2409 et
370 2376 550 2422 perficere.
576 2375 615 2408 Et
635 2376 682 2409 ibi
701 2376 791 2409 infra
809 2376 970 2410 Scaldam
985 2377 1138 2410 habebat
1157 2377 1409 2411 monasterium
1429 2383 1591 2411 nostrum
1609 2377 1682 2412 duo

164 2433 386 2477 molendium
411 2446 522 2467 unum
548 2440 710 2467 vocatum
733 2434 778 2468 de
796 2434 997 2477 Plani-fers,
1026 2442 1059 2469 ct
1077 2435 1172 2469 aliud
1191 2435 1235 2469 de
1254 2436 1392 2469 Fossato
1410 2450 1418 2477 ς
1440 2442 1682 2483 ceperuntque

162 2493 417 2542 gubernatores
440 2493 496 2526 illa
522 2491 595 2526 duo
623 2493 842 2536 molendina3
875 2500 1021 2540 propter
1043 2506 1133 2541 quae
1163 2500 1328 2528 tenentur
1353 2494 1517 2529 ecclesiae
1544 2501 1683 2528 nostrae
