2118 3184
742 404 1028 440 APPEN’DICES.
1583 404 1652 440 879

777 540 994 574 CLXXVIII.

131 642 245 676 Otlwn
262 642 303 675 de
332 640 556 688 Tt'aseqtlz'eS,
584 643 653 675 sire
676 641 717 675 de
739 639 964 682 Contrecner,
989 640 1174 674 weconnaic
1197 643 1298 674 avoir
1320 653 1404 688 recu
1427 640 1468 674 (le
1491 640 1649 687 l’alebaye

180 713 249 734 une
266 711 394 733 somme
411 699 453 733 de
471 705 551 733 cent
567 702 725 734 soiamnte
741 699 845 733 liz-res
869 699 909 733 de
930 699 966 732 F
965 699 1090 733 lmzdre
1100 726 1110 741 ,
1126 701 1216 746 pria:
1233 699 1274 733 de
1288 699 1323 732 la
1340 705 1437 733 vente
1454 699 1540 745 qu'z‘l
1555 702 1653 733 avait

176 759 264 803 faite
275 758 317 792 de
334 758 398 792 dis
413 758 578 793 bomzz'ers
591 758 632 793 cle
645 757 736 806 pre',
756 758 863 792 sitzcds
880 756 903 791 ἁ
922 757 1136 792 Mem-beket
1160 778 1208 783 —
1226 757 1402 792 lVonrvrr.

858 928 928 951 ¹255.

166 999 307 1025 Universis
320 1004 479 1034 praesentes
492 999 598 1025 litteras
612 999 788 1034 inspecturis.
804 998 861 1034 Ego
872 998 905 1024 Ο.
918 998 953 1025 de
967 998 1121 1035 Traseqm'es
1135 1020 1141 1029 ,
1160 998 1289 1024 domiuus
1304 999 1337 1024 de
1355 998 1513 1024 Contrecuer
1527 1019 1536 1032 Ι,
1555 1004 1649 1024 notum

130 1045 201 1072 facio
211 1066 218 1078 ‚
234 1045 308 1081 quod
322 1045 408 1071 abbas
415 1050 443 1071 et
453 1050 605 1072 conventus
619 1044 749 1072 ecclesiae
762 1045 914 1071 Ninivensis
927 1045 1062 1072 deberent
1080 1044 1145 1071 mihi
1165 1050 1274 1071 centum
1289 1049 1317 1071 et
1331 1045 1471 1081 sexaginta
1485 1045 1569 1071 libras
1587 1045 1652 1071 ssan-

130 1092 238 1119 drensis
251 1097 376 1118 monetae
394 1097 505 1127 praeter
517 1092 611 1118 decem
624 1091 725 1118 solidos
739 1092 774 1118 de
790 1110 884 1118 ........
899 1091 993 1118 decem
1007 1092 1128 1118 bunariis
1142 1092 1229 1127 prati,
1245 1101 1342 1127 parum
1362 1091 1424 1127 plus
1439 1091 1482 1118 vel
1496 1092 1651 1126 miuus‚ja-

131 1140 221 1167 centis
236 1140 261 1166 in
274 1139 404 1175 parochia
419 1139 452 1165 de
467 1139 609 1166 Merbecca
623 1148 719 1166 versus
732 1140 836 1171 rivum,
854 1139 902 1174 qni
915 1139 1016 1165 dicitur
1024 1139 1141 1166 Tenera.
1156 1138 1261 1165 nietam
1277 1148 1408 1165 summam
1423 1139 1555 1174 pecuniae
1568 1143 1652 1165 totam

131 1192 159 1214 et
168 1186 329 1223 integralem
342 1186 408 1213 mihi
420 1186 486 1212 dicti
497 1186 582 1212 abbas
601 1191 629 1212 et
641 1191 794 1213 conventus
809 1185 929 1222 legitime
945 1185 1147 1221 persolverunt.
1165 1186 1195 1212 In
1209 1185 1290 1219 cujus
1307 1184 1452 1212 solutionis
1466 1186 1650 1212 testimonium

133 1239 294 1270 praesentes
309 1234 415 1260 litteras
429 1234 585 1260 memoratis
603 1233 696 1260 abbati
708 1239 736 1260 et
756 1233 904 1259 conventui
916 1234 1020 1260 contuli
1039 1233 1121 1269 sigilli
1140 1233 1191 1260 mei
1210 1233 1359 1259 munimine
1380 1233 1533 1260 roboratas.
1553 1233 1650 1259 Datum

130 1291 202 1309 anno
216 1281 322 1308 Domini
333 1280 509 1312 MCCXXXV,
523 1280 589 1307 seria
604 1281 700 1316 quinta
712 1286 773 1316 post
787 1279 885 1307 festum
899 1281 996 1307 beatae
1009 1281 1111 1307 Mariae
1122 1279 1309 1316 Magdalenae.

940 1346 1048 1378 Original
1059 1365 1066 1373 ,
1085 1346 1205 1377 fragment
1214 1345 1243 1369 de
1256 1353 1324 1369 sceau
1335 1353 1363 1369 en
1377 1345 1424 1370 cire
1436 1353 1519 1377 rouge.

798 1628 982 1662 CLXXIX.

136 1723 249 1758 Othon
263 1723 303 1756 de
324 1721 548 1769 Traseym'es,
569 1722 638 1754 sire
655 1719 696 1753 de
718 1718 942 1761 Contreczcer,
958 1719 1072 1754 donne
1087 1719 1111 1753 ἀ
1128 1720 1303 1766 l’ahhaye‚
1323 1731 1404 1753 sons
1417 1731 1471 1752 un
1488 1731 1567 1753 cens
1580 1732 1649 1753 αη-

331 1780 431 1822 nuel,
448 1779 512 1813 dix
525 1779 691 1828 Qonniers
704 1777 745 1812 de
753 1777 839 1824 pre',
855 1777 961 1812 silue}
973 1776 997 1811 ὰ
1013 1777 1206 1812 Meerbeke.
1217 1798 1265 1803 -
1275 1777 1453 1811 Woumu.

859 1944 932 1968 1255.

171 2018 228 2054 Ego
241 2017 308 2044 osto
321 2017 355 2043 de
372 2016 396 2041 Τ
395 2018 526 2052 mseynies
535 2037 542 2049 ‚
555 2016 683 2042 dominus
696 2015 731 2042 de
743 2018 901 2042 Contrecuer
913 2035 921 2048 ,
935 2019 1031 2040 notum
1045 2013 1114 2040 facio
1130 2014 1321 2049 praesentibus
1335 2019 1363 2039 et
1377 2013 1494 2044 suturis,
1510 2013 1585 2048 quod
1599 2022 1650 2048 ego

133 2065 237 2093 contuli
249 2065 277 2091 in
289 2068 451 2101 perpetuam
461 2069 490 2090 et
503 2063 618 2090 liberam
626 2063 826 2099 eleemosynam
842 2062 980 2089 §inivensi
994 2061 1124 2088 ecclesiae
1133 2061 1243 2088 circiter
1257 2061 1350 2088 decem
1367 2061 1481 2087 bonaria
1495 2061 1584 2096 prati,
1603 2069 1651 2096 pa-

134 2121 195 2140 rum
211 2111 274 2147 plus
287 2110 331 2137 vel
343 2111 434 2136 minus
444 2131 451 2143 ,
463 2110 582 2144 jacentis
596 2111 624 2136 in
638 2110 768 2146 parochia
782 2109 816 2136 de
829 2109 972 2136 merbecca
982 2129 989 2141 ‚
1005 2117 1102 2135 versus
1115 2109 1205 2135 rivum
1220 2108 1378 2143 quidicitur
1391 2108 1508 2140 Teuera,
1519 2112 1546 2134 et
1555 2107 1650 2134 eadem

132 2160 228 2186 decem
240 2158 354 2184 bonaria
368 2157 440 2192 prati
454 2157 553 2192 recipit
565 2157 639 2183 dicta
651 2157 788 2183 ecclesiaa
801 2165 843 2183 me
849 2157 916 2191 jure
929 2155 1114 2182 haereditario
1127 2154 1292 2191 possidenda
1303 2154 1337 2180 ad
1353 2159 1520 2190 perpetuum
1539 2163 1650 2180 censum

133 2207 228 2233 decem
242 2205 419 2232 denariorum
433 2204 631 2243 flandrensium
642 2225 649 2237 ‚
663 2204 779 2240 singulis
797 2204 875 2230 annis
891 2203 966 2239 apud
980 2203 1148 2230 Merbeccam
1163 2201 1198 2229 ad
1210 2202 1301 2229 natale
1315 2203 1342 2228 in
1356 2202 1401 2229 die
1413 2202 1499 2228 sancti
1518 2201 1651 2237 Stephani

133 2253 328 2280 solvendorum
338 2273 345 2284 ,
361 2261 445 2287 porro
456 2261 489 2278 ex
499 2251 540 2278 his
552 2251 646 2278 decem
662 2252 783 2278 bonai-iis
798 2251 887 2287 prati,
907 2242 971 2277 dina
984 2255 1064 2277 erant
1077 2255 1140 2277 ante
1153 2260 1169 2277 a
1186 2250 1245 2277 viro
1261 2249 1346 2276 nobili
1362 2250 1423 2285 piae
1437 2250 1583 2276 memoriae
1601 2249 1652 2276 ‹lo-

134 2301 208 2327 mino
223 2299 325 2326 Ostone
334 2320 342 2332 ‚
357 2299 432 2325 dicto
445 2298 599 2331 Avunculu,
608 2299 679 2334 patri
694 2307 754 2325 meo
765 2319 772 2331 ‚
788 2298 899 2325 circiter
912 2298 1035 2334 quinque
1047 2298 1160 2325 bonaria
1172 2301 1283 2333 praeter
1294 2296 1435 2323 dimidium
1449 2296 1595 2323 dietarium
1609 2301 1650 2322 te-

134 2347 224 2374 nenda
237 2345 420 2373 haereditarie
439 2346 474 2372 ad
486 2355 608 2372 annuum
621 2355 733 2372 censum
748 2345 852 2372 scilicet
864 2355 916 2372 xxv
929 2345 1080 2372 solidorum
1091 2345 1299 2372 Flandrensium
1310 2344 1344 2371 de
1356 2344 1481 2380 quolibet
1494 2344 1610 2370 bouario
1623 2345 1649 2370 in

135 2395 206 2422 sesto
219 2394 292 2421 beati
306 2393 422 2429 Remigii
434 2393 629 2420 solvendorum
639 2413 646 2425 ‚
663 2397 691 2419 et
702 2392 776 2419 hunc
787 2401 899 2419 censum
910 2392 1012 2420 debent
1025 2393 1063 2419 illi
1073 2393 1121 2428 qni
1134 2391 1274 2428 praedicta
1286 2391 1409 2427 quinque
1418 2391 1531 2417 bonaria
1541 2396 1652 2426 praeter

137 2441 277 2468 dimidium
286 2441 432 2467 dietarium
442 2439 593 2476 possident,
603 2440 659 2466 sive
670 2439 802 2476 plusinde
811 2440 911 2466 sitsive
921 2440 1020 2466 minus.
1037 2439 1233 2475 Unusquisque
1247 2437 1396 2465 secundum
1408 2438 1562 2473 portionem
1573 2447 1649 2464 suam

164 2530 170 2546 Ι
187 2532 215 2551 Oe
225 2530 322 2559 dipldme
335 2530 388 2550 n'est
399 2537 438 2557 pas
448 2529 560 2557 reproduit
571 2529 624 2550 dans
635 2529 655 2550 le
666 2529 781 2549 cartulaire
791 2528 818 2549 dc
829 2529 927 2549 massines,
