2137 3131
506 417 575 452 682
849 415 1023 451 CORPUS
1049 412 1379 450 CHRONICORUM
1407 411 1672 447 FLANDRIAE.

508 538 587 559 cum
603 538 643 559 eo
653 524 814 557 Coloniae
830 523 978 556 natalem
991 521 1129 555 Domini
1145 521 1337 562 celebrans„
1355 519 1579 553 Heribertum
1593 518 1912 564 archiepiscopumq
1931 518 2015 552 olim

508 598 525 618 a
539 597 574 618 se
589 583 752 628 injuriose
767 588 954 615 tractatum
968 608 976 623 7
995 580 1119 614 humili
1138 579 1372 613 satisfactione
1387 578 1518 624 placat,
1535 577 1596 624 qui
1612 588 1722 623 prope
1736 575 1828 610 diem
1841 603 1849 619 ᾖ
1866 583 1906 610 ut
1918 587 2015 621 prae-

508 643 659 684 dixerat„
683 641 833 674 moriens
857 639 993 687 magnis
1012 638 1127 684 coepit
1150 638 1279 671 clarere
1299 636 1509 677 virtutibus,
1531 635 1587 669 cui
1609 635 1819 682 Peregrinus
1836 634 1872 667 in
1894 634 2016 668 cathe-

506 701 566 734 ‹lra
592 699 829 733 substituitur.
860 696 1045 731 Dux-andus
1067 697 1107 730 fit
1128 696 1313 741 episcopus
1337 694 1603 737 Leodiensium⁷
1630 693 1691 740 qui
1718 693 1817 739 quasi
1841 692 1960 726 fabula
1979 692 2016 726 in

507 759 641 792 theatro
662 756 784 791 mundi
805 757 883 790 fuit.
902 756 988 790 Nam
1007 765 1093 789 cum·
1108 761 1196 788 esset
1215 767 1255 787 ex
1271 754 1471 787 humillimo
1488 759 1523 786 et
1541 752 1766 799 pauperrimo
1785 751 1916 785 servilis
1929 762 2016 785 con—

505 816 646 849 ditionis
668 828 816 862 genere7
841 815 1015 860 probitate
1038 814 1169 847 meruit
1191 820 1231 846 ut
1252 824 1372 846 servus
1394 811 1547 845 dominis
1570 811 1826 845 dominaretur.
1846 810 2017 844 Henricus

506 876 714 920 imperator7
737 873 1037 907 consentientibus
1057 871 1276 917 principibus
1289 897 1297 913 a
1321 869 1522 904 Conradum
1545 870 1659 903 virum
1679 869 1840 917 egregiae
1864 867 2018 902 liberali-

505 934 582 967 tatis
602 933 849 978 imperatorem
868 931 1056 979 designans
1070 931 1231 964 moritur.
1256 929 1362 975 Cujus
1380 929 1486 963 vitam
1505 928 1644 974 scripsit
1661 927 1864 962 Adelbodus
1880 927 2017 973 episco-

505 1004 582 1037 pus.
599 991 794 1034 Jobannes7
816 990 1018 1023 Portucnsis
1034 989 1237 1035 episcopus7
1256 988 1432 1021 Romanae
1447 987 1610 1021 ecclesiae
1625 986 1800 1032 praesidet
1818 986 1883 1032 xxij
1899 985 2012 1020 annis.

504 1049 610 1095 Cujus
627 1050 728 1095 plane
747 1056 905 1094 tempore
921 1055 956 1081 et
975 1048 1144 1081 Henricus
1162 1047 1334 1095 gloriosus
1352 1046 1447 1090 obit7
1464 1052 1499 1079 et
1516 1044 1699 1080 Conradus
1717 1045 1940 1079 sublimatur.

554 1111 656 1142 Anno
676 1107 819 1141 MXXV.
848 1106 1030 1141 Conradus
1051 1107 1171 1152 itaque
1184 1133 1192 1149 7
1215 1105 1362 1151 repulsis
1381 1104 1603 1146 adversariis.
1624 1104 1660 1137 in
1677 1104 1826 1149 imperio
1847 1103 2018 1138 sublima-

506 1174 579 1209 tur7
598 1167 773 1212 imperans
787 1165 938 1200 sedecim
954 1166 1054 1199 annis
1073 1172 1107 1199 et
1126 1164 1288 1198 dimidio.
1308 1164 1461 1197 Johanni
1481 1175 1592 1209 papae
1611 1175 1796 1209 apparens,
1818 1162 2019 1209 Stephanus

507 1238 612 1271 papa.
630 1226 737 1258 frater
751 1236 852 1267 suus7
873 1224 961 1257 dixit
984 1236 1019 1257 se
1039 1223 1269 1257 infernalibus
1288 1223 1410 1268 poenis
1429 1234 1499 1255 non
1520 1234 1620 1267 posse
1639 1221 1778 1255 liberari
1792 1248 1801 1264 .,
1822 1221 1888 1255 nisi
1907 1221 2018 1255 inter-

506 1284 694 1317 cessionem
716 1282 887 1316 Odilionis
903 1283 1037 1315 abbatis
1054 1288 1247 1315 mereretur
1259 1309 1267 1321 5
1285 1293 1350 1326 pro
1365 1293 1438 1327 quo
1452 1281 1508 1313 itte
1522 1280 1658 1314 tamdiu
1673 1280 1785 1313 oravit
1797 1307 1806 1322 a
1823 1279 1936 1314 donec
1955 1291 2018 1326 per

505 1342 749 1376 revelationem
764 1353 845 1374 cum
859 1340 1059 1374 absolutum
1075 1340 1230 1387 agnovit.
1249 1338 1430 1373 Conradus
1445 1339 1634 1372 Henricum
1651 1339 1760 1372 filium
1777 1351 1883 1372 suum
1898 1338 2017 1373 adhuc

506 1412 655 1446 puerum
673 1399 780 1445 Aquis
793 1398 959 1432 sublimat
973 1399 1009 1432 in
1024 1410 1173 1445 regnum
1188 1412 1195 1439 ς
1214 1399 1286 1443 ipse
1301 1404 1419 1431 autem
1434 1398 1468 1430 in
1486 1397 1618 1431 Pascha
1633 1398 1764 1431 Romae
1778 1398 1813 1430 in
1830 1398 2017 1444 imperato-

507 1472 578 1492 rem
589 1463 824 1491 consecratur.
841 1457 878 1490 In
891 1457 1115 1504 Lotharingia
1128 1455 1336 1498 Richardus7
1349 1455 1579 1489 virdunensis
1591 1455 1712 1498 abbas7
1725 1455 1840 1489 clarus
1850 1455 2012 1490 habetur.

556 1520 655 1551 Anno
675 1515 820 1549 MXXVI
833 1542 841 1558 a
866 1522 944 1561 post
962 1516 1175 1557 liebertum.
1204 1515 1417 1548 Francorum
1440 1527 1558 1562 regem
1572 1541 1580 1557 Ἰ
1602 1514 1789 1556 ΗΘΜ-ἰουεἾ
1812 1514 1904 1548 filius
1921 1515 2014 1560 ejus,

506 1582 628 1623 regnat
646 1574 745 1608 annis
768 1586 844 1607 xxx.
873 1573 1054 1607 Conradus
1067 1600 1075 1615 7
1097 1572 1226 1606 Sclavis
1248 1579 1282 1606 et
1301 1572 1448 1619 Ungaris
1467 1572 1684 1620 subjtlgatiS‚
1711 1584 1855 1618 prorsus
1875 1572 2018 1606 utilitati

507 1634 729 1668 ecclesiarum
740 1631 902 1665 intendit.
922 1631 1081 1677 Episcopi
1096 1630 1192 1677 apud
1208 1630 1388 1664 Triburias
1401 1630 1535 1664 collecti
1546 1629 1779 1664 decreverunt
1792 1631 2017 1677 utjejunium

507 1692 609 1738 primi
630 1691 757 1724 mensis
780 1691 814 1722 in
836 1690 948 1735 capite
966 1690 1109 1735 jejunii.
1133 1688 1277 1735 quando
1297 1689 1430 1722 cineres
1455 1689 1710 1735 imponuntur,
1735 1702 1816 1724 cum
1836 1691 1907 1725 sola
1925 1691 2018 1725 iltius

505 1751 572 1784 diei
589 1750 690 1783 missa
706 1755 881 1796 ageretur.
900 1748 1038 1789 Quibus
1049 1748 1238 1791 Gerardus.
1251 1747 1507 1782 Cameracensis
1521 1748 1720 1794 episeopus,
1737 1749 1911 1793 resistens7
1927 1750 2018 1789 obti-

508 1809 586 1842 nuit
602 1808 688 1841 utin
704 1807 863 1853 sequenti
877 1834 885 1850 7
904 1806 939 1840 id
959 1813 1009 1840 cst
1028 1807 1141 1852 prima
1159 1806 1384 1840 hebdomada
1399 1834 1407 1850 a
1423 1806 1715 1855 quadragesimae
1728 1808 1904 1854 majorum
1919 1820 2017 1843 more

506 1867 566 1901 ubi
583 1867 657 1912 ejus
671 1867 824 1900 officium
840 1872 891 1899 est
909 1873 1085 1913 ageretur.
1108 1866 1283 1899 Robertus
1300 1865 1500 1900 Fiscardus¹
1517 1879 1599 1900 cum
1614 1867 1790 1902 Richardo
1805 1880 1824 1902 a
1838 1867 2017 1902 Norman-
2045 1900 2056 1910 ,

508 1926 561 1959 nia
581 1925 756 1973 digressus
776 1925 810 1958 in
834 1925 993 1970 Apuliam
1018 1925 1130 1968 venit7
1152 1931 1186 1958 et
1206 1925 1298 1958 Italis
1324 1925 1415 1958 inter
1436 1937 1471 1958 se
1488 1924 1776 1960 dissentientibus
1798 1927 1898 1973 quasi
1916 1927 2017 1960 auxi-

507 1985 591 2018 lium
608 1984 745 2017 ·laturus
764 1983 969 2028 adjunctus,
991 1983 1057 2016 sibi
1077 1983 1193 2016 locum
1213 1983 1400 2029 occupavit
1417 1995 1668 2030 successusque
1686 1984 1849 2032 urgendo
1867 1997 1950 2019 suos
1966 1985 2016 2019 ibi

506 2043 690 2076 roboratus
709 2048 744 2074 et
762 2048 884 2075 contra
904 2041 1063 2075 inimicos
1084 2048 1118 2074 et
1136 2054 1242 2087 super
1260 2042 1390 2075 amicos
1412 2042 1572 2076 invaluit.
1592 2042 1747 2086 Quidam
1769 2042 2016 2089 episcoporum

506 2102 573 2134 hoc
587 2101 650 2134 sibi
670 2100 705 2132 in
720 2100 844 2133 litteris
860 2099 1006 2133 coelitus
1024 2099 1180 2133 delatum
1199 2098 1375 2133 affirmans
1388 2127 1396 2143 7
1419 2100 1575 2134 obtinuit
1588 2101 1678 2134 utin
1695 2101 1840 2135 consilio
1852 2102 1875 2135 F
1879 2102 2016 2136 ranciae

507 2160 592 2193 haec
607 2158 746 2192 decreta
761 2164 1011 2200 statuerentur.
1028 2170 1124 2191 arma
1140 2170 1211 2191 non
1226 2158 1371 2192 ferenda
1383 2186 1391 2202 7
1413 2165 1512 2205 rapta
1525 2171 1598 2193 non
1613 2159 1803 2206 repetenda
1816 2187 1825 2204 ‚
1846 2160 2015 2194 ultionem

507 2230 576 2251 non
592 2217 666 2250 fieri
680 2243 688 2259 ‚
710 2228 931 2262 percussores
946 2216 1123 2249 immunes
1139 2215 1269 2250 dimitti
1280 2243 1288 2259 a
1309 2217 1343 2250 in
1359 2224 1453 2250 sexta
1468 2217 1554 2251 feria
1568 2218 1665 2252 omni
1679 2225 1839 2264 tempore
1851 2218 2018 2265 jejunan-

506 2275 591 2310 dum
612 2276 646 2308 in
667 2287 756 2321 pane
775 2281 810 2308 et
827 2287 932 2321 aqua,
954 2274 1040 2308 haec
1061 2275 1287 2309 observantes
1305 2276 1402 2309 omni
1421 2282 1565 2322 peccato
1588 2277 1716 2311 liberos
1738 2289 1828 2320 esse,
1854 2289 1926 2311 non
1949 2278 2017 2312 ob-

506 2341 679 2368 servantes
694 2333 946 2367 christianitate
962 2333 1163 2379 privandos.
1186 2334 1325 2375 Quibus
1344 2347 1434 2368 nova
1449 2335 1568 2369 mirari
1585 2347 1625 2369 ac
1643 2335 1778 2370 laudari
1792 2335 1951 2370 studium
1964 2343 2017 2370 est

507 2393 658 2438 imperiti
680 2393 771 2426 hanc
790 2391 1040 2426 mandatorum
1059 2394 1251 2427 novitatem
1266 2394 1523 2440 approbabant.
1548 2394 1743 2439 Gerardus,
1759 2394 2016 2430 Cameracensis

547 2522 554 2538 ¹
576 2521 750 2548 Guiscardus.
