2118 3184
434 413 696 448 CllRONlCON
728 414 940 449 BALDUNI
969 415 1268 450 MNOYlENSIS.
1531 418 1598 450 1529

95 521 216 568 fugato
237 521 380 568 Aegidio
406 522 582 555 'freverim
606 523 748 567 capiunt
776 529 806 555 et
833 522 1010 556 Coloniam
1033 523 1198 557 civitates.
1224 523 1378 557 Haeresis
1405 523 1598 569 Aceplialo-

95 591 174 612 rum
197 586 315 613 exorta
337 587 398 613 est.
429 580 468 613 Hi
494 581 703 627 impugnant
725 582 789 613 tria
806 581 955 626 capitula
978 581 1102 626 synodi
1125 581 1434 625 Chalcedonensis·7
1457 581 1544 615 duas
1563 583 1597 615 in

95 636 233 671 Christo
253 645 393 671 naturas
408 645 586 685 negantes.
606 638 770 684 Acephali
786 640 858 672 sine
878 640 990 685 capite
1009 639 1111 673 dieti:
1134 641 1213 686 quis
1232 647 1355 674 auctor
1373 653 1496 674 eorum
1518 653 1599 674 nes-

95 696 199 729 citur.
230 696 268 729 ln
295 697 408 730 Africa
433 708 490 729 rex
520 696 772 730 Wandalorum
800 697 1014 740 Houoricus7
1049 698 1140 731 lilius
1167 699 1362 732 (ienserici.
1392 699 1599 732 christianos

97 766 208 800 usque
221 753 544 799 adiiiimdcccclxxxj
562 766 625 800 pro
641 754 709 788 fide
723 754 766 788 ad
784 762 932 788 mortem
947 756 1170 789 excruciaxit.
1190 756 1270 798 llicff
1289 757 1487 790 convocatis
1500 757 1599 803 quasi

97 811 142 846 ad
165 811 340 858 synodum
367 812 530 857 ccccxliiij
554 813 726 859 episcopis
749 820 781 846 et
801 814 1058 857 ecclesiasticis,
1083 815 1242 848 ecclesias
1265 828 1386 848 eorum
1408 815 1529 849 clausit
1549 816 1599 849 vel

98 870 233 904 Arianis
255 869 421 911 tradidit;
448 869 638 904 duodecim
665 883 747 904 xero
771 871 924 917 episcopi
948 872 1105 906 abscissis
1129 873 1256 920 linguis
1283 873 1489 919 loquuntur.
1521 874 1601 907 Post

98 927 359 976 Agelmundum
373 955 381 970 ‚
403 929 551 976 imperat
571 929 812 977 Longobardis
829 930 1001 973 Lamisso²
1023 930 1071 964 sic
1086 930 1201 964 dictus
1215 930 1343 977 quoda
1365 931 1474 974 lama,
1496 930 1532 964 id
1551 937 1601 965 est

97 987 282 1035 voragine.
306 988 371 1021 fuit
394 994 582 1021 extractus.
604 988 691 1022 Nam
713 995 824 1022 mater
843 989 917 1034 ejus
937 996 1069 1034 septem
1091 1001 1161 1023 uno
1180 995 1281 1035 partu
1303 990 1423 1033 enixa„
1443 1002 1523 1023 cum
1544 1002 1602 1023 eos

97 1045 134 1078 in
153 1045 321 1091 piscinam
342 1046 542 1091 projecisset
564 1053 598 1080 et
617 1059 675 1080 rex
695 1046 937 1094 Agelmundns
956 1048 1021 1080 iter
1040 1048 1169 1081 faciens
1187 1060 1246 1081 eos
1268 1048 1365 1082 hasta
1386 1049 1598 1082 revolveret:

98 1104 127 1137 is
145 1103 281 1137 hastam
301 1104 376 1150 ejus
395 1103 541 1138 firmiter
561 1105 692 1147 tenuit7
720 1111 754 1138 et
775 1105 819 1138 ab
841 1117 882 1139 eo
905 1106 1058 1139 nutritus
1082 1118 1122 1139 eo
1143 1107 1279 1139 virtutis
1299 1107 1482 1152 processit7
1507 1114 1542 1140 nt
1566 1107 1602 1140 in

99 1174 208 1209 regno
226 1163 258 1195 ei
275 1163 479 1196 successerit
496 1169 531 1196 et
550 1175 671 1197 necem
690 1163 764 1208 ejus
783 1164 818 1196 in
838 1163 1006 1211 Bulgaros
1026 1164 1119 1198 ultus
1137 1165 1191 1197 sit.

147 1220 237 1253 Felix
260 1232 349 1266 papa
371 1219 495 1254 sedens
519 1221 620 1254 annis
642 1221 674 1266 vj
696 1221 878 1254 Acarcium
892 1247 900 1263 a
925 1222 1129 1267 episcopum
1155 1221 1599 1268 Constantinopolitanum7

99 1278 315 1312 haereticum
338 1277 533 1311 damnavit.
560 1278 649 1312 Nota
669 1277 767 1324 qnod
786 1278 849 1311 iste
874 1279 964 1311 felix
987 1285 1021 1312 et
1044 1279 1198 1312 Gelasius
1224 1286 1258 1312 et
1276 1280 1444 1327 Agapitus
1462 1294 1551 1326 papa
1569 1289 1601 1315 et

98 1336 155 1370 alii
173 1337 399 1382 quamplures
417 1336 597 1382 apostolici
618 1336 677 1370 filii
696 1337 841 1370 fuerunt
858 1336 1080 1370 sacerdotum
1100 1337 1132 1380 ¹,
1152 1337 1247 1371 unde
1267 1345 1361 1384 patet
1379 1339 1468 1373 filios
1488 1352 1602 1373 sacer-

98 1393 223 1429 dotum
237 1394 298 1440 qui
317 1393 415 1441 digni
431 1401 530 1437 sunt7
552 1394 653 1428 licere
668 1395 880 1440 promoveri.
899 1394 1005 1435 Quod
1020 1402 1137 1429 autem
1153 1395 1314 1430 Urbanus
1333 1397 1508 1431 secundus
1526 1403 1573 1431 a'i't
1591 1411 1597 1430 ;

103 1467 121 1484 «
147 1453 437 1499 Presbyterorum
456 1453 546 1486 filios
564 1466 583 1487 a
602 1453 706 1487 sacris
724 1452 908 1487 ordinibus
924 1466 1144 1487 removemus
1157 1481 1165 1497 .,
1188 1470 1204 1486 »
1228 1461 1262 1488 et
1280 1454 1367 1489 illud
1389 1469 1396 1488 :
1419 1470 1436 1486 «
1456 1455 1602 1489 Adulte-

99 1523 221 1546 rorum
241 1511 300 1545 filii
317 1511 532 1545 abominatio
551 1517 635 1545 sunt
653 1511 821 1554 Domino,
841 1527 859 1543 »
882 1511 1150 1559 intelligendum
1170 1519 1222 1546 est
1242 1512 1286 1546 de
1308 1513 1373 1546 illis
1398 1514 1459 1559 qui
1485 1520 1602 1559 pater-

98 1582 163 1604 nae
181 1570 433 1603 incontinentia
453 1569 645 1603 imitatores
664 1575 768 1611 sunt3
789 1581 915 1615 nempe
934 1569 1131 1604 secundum
1151 1570 1379 1618 Gregorium,
1400 1583 1601 1616 perversum

100 1635 152 1662 est
166 1634 206 1661 ut
219 1627 350 1662 frustra
363 1626 601 1674 quorumdam
617 1627 856 1673 voluptatibus
870 1627 949 1673 quis
963 1628 1134 1673 privetur,
1156 1641 1261 1675 quem
1281 1641 1343 1662 sua
1357 1629 1411 1662 cul
1416 1641 1459 1675 pa
1474 1629 1518 1662 ab
1532 1629 1604 1662 offi-

101 1687 183 1730 ciis,
203 1698 276 1733 quo
299 1686 461 1735 fungitur
479 1685 613 1734 gradu,
639 1698 710 1720 non
729 1685 859 1731 dejicit.
890 1686 931 1720 Et
949 1686 1144 1720 secundum
1165 1687 1419 1733 Hieronymum
1433 1714 1441 1730 a
1473 1702 1490 1717 <t
1512 1688 1604 1721 nasci

101 1744 145 1779 de
164 1743 336 1779 adulterio
355 1757 426 1779 non
445 1745 519 1791 ejus
538 1745 640 1790 culpa
659 1751 710 1778 est
723 1745 785 1791 qui
805 1745 980 1788 nascitur7
1003 1744 1063 1779 sed
1082 1745 1173 1779 illius
1189 1746 1250 1792 qui
1270 1753 1426 1794 generat.
1449 1762 1466 1777 n

149 1802 317 1846 Hildrico,
336 1804 548 1837 Francorum
562 1803 635 1850 regi
648 1830 657 1845 7
677 1802 835 1836 succedit
849 1803 1034 1838 Lodwicus
1047 1831 1055 1847 ‚
1074 1804 1167 1838 filius
1180 1805 1268 1850 ejus,
1290 1805 1390 1838 annis
1403 1817 1481 1838 xxx.
1504 1805 1603 1839 Hunc

101 1860 301 1905 clothildis,
320 1874 408 1896 uxor
424 1874 486 1896 sua
500 1861 692 1905 catholica7
712 1862 850 1908 saepius
865 1874 884 1895 a
902 1863 1096 1910 gentilitate
1110 1875 1255 1897 avocare
1269 1870 1430 1897 conatur.
1452 1863 1521 1905 Qui
1541 1864 1605 1897 ali—

101 1919 244 1966 quando
262 1931 344 1954 cum
363 1920 562 1954 Alemannis
574 1920 666 1953 bello
680 1931 887 1967 congressus
899 1947 908 1963 a
925 1932 989 1966 pro
1004 1921 1159 1966 periculo
1173 1921 1378 1955 imminente
1393 1928 1473 1955 voto
1494 1923 1604 1956 susci-

102 1976 220 2023 piendi
235 1977 481 2012 christianismi
497 1990 532 2012 se
545 1978 701 2025 obligare
715 1978 854 2026 cogitur
866 2005 874 2021 7
891 1978 1010 2024 sicque
1027 1985 1210 2025 perempto
1230 1979 1504 2013 Alemannorum
1524 1992 1604 2028 rege

102 2042 138 2070 et
160 2035 361 2069 Alemannia
384 2036 450 2069 sub
476 2036 608 2069 tributo
634 2035 797 2078 redacta7
824 2036 993 2070 instinctu
1021 2043 1055 2070 et
1077 2036 1188 2070 ductu
1215 2036 1377 2080 Vedasti,
1405 2050 1423 2070 a
1446 2038 1604 2086 Remigio

103 2094 263 2128 Remensi
285 2106 366 2127 cum
385 2094 457 2128 fere
476 2101 548 2128 tota
566 2094 674 2128 Gallia
694 2095 902 2140 baptizatur.
930 2095 974 2128 At
991 2094 1079 2129 dum
1098 2096 1334 2141 baptizaretur
1346 2123 1354 2138 ‚
1375 2096 1564 2130 intercluso
1586 2110 1604 2130 a

103 2152 207 2186 turba
233 2152 392 2186 ministro
418 2152 637 2195 chrismatis,
666 2152 831 2186 columba
856 2153 1002 2187 coelitus
1032 2153 1229 2188 chrismatis
1251 2154 1367 2188 attulit
1393 2154 1602 2200 ampullam⁷

104 2223 194 2257 quae
212 2211 247 2244 in
265 2210 478 2244 hodiernum
497 2210 590 2244 diem
609 2210 655 2244 ad
673 2212 886 2244 Francorum
910 2223 1033 2259 regum
1057 2212 1298 2246 inunctionem
1320 2213 1436 2247 Remis
1457 2226 1607 2247 reserva-

103 2275 216 2303 vatur.
240 2268 378 2303 Clarent
394 2269 431 2302 in
449 2268 566 2302 Galliis
586 2269 782 2314 Principius
803 2269 911 2303 frater
929 2270 1099 2318 Remigii,
1125 2271 1310 2317 episcopus
1328 2270 1583 2306 Suessioneusis
1595 2299 1604 2315 7

104 2333 139 2361 et
150 2326 335 2370 Vcdastus,
353 2339 372 2360 a
386 2327 545 2374 Remigio
561 2327 744 2372 episcopus
759 2327 994 2361 Atrebatensis
1008 2327 1209 2372 ordinatus³
1227 2329 1262 2362 in
1279 2329 1393 2363 Africa
1407 2330 1609 2378 Fulgentius

105 2385 276 2431 Rupensis
288 2411 297 2427 ,
317 2385 378 2431 qui
393 2385 481 2419 obiit
498 2383 653 2418 kalendis
670 2384 825 2418 „Ianuarii
838 2411 847 2428 ,
863 2391 898 2418 et
915 2385 951 2418 in
965 2385 1062 2420 Italia
1077 2386 1271 2420 Germanus
1285 2414 1293 2429 ,
1315 2386 1501 2433 Capuanus
1520 2389 1608 2435 epis-

142 2513 148 2531 ¹
169 2514 202 2540 At
218 2515 266 2550 qui
281 2515 336 2540 nati
349 2520 428 2541 erant
441 2515 601 2551 priusquam
613 2520 705 2551 patres
718 2515 751 2542 ad
767 2516 950 2543 sacerdotium
961 2518 1104 2553 assumpti.
