2137 3131
420 372 487 406 176
761 366 935 403 COltPUS
963 365 1293 400 CHROMCORUM
1324 367 1587 401 FLANDRIAE.

418 483 497 515 fecit
518 494 576 514 eos
595 477 736 518 rcwrtii
759 482 794 508 ct
812 487 896 508 sano
917 480 1019 507 utens
1041 474 1204 517 consili07
1228 475 1293 508 iter
1311 487 1433 508 eorum
1455 474 1658 520 impedivit.
1681 482 1714 508 ct
1734 476 1777 509 ad
1797 477 1939 522 propria

418 547 497 573 sunt
521 536 658 572 reversi.

468 600 566 631 Anno
586 592 765 640 praedicto
778 618 786 634 v
808 591 894 624 feria
912 596 1006 623 sexta
1025 595 1106 621 ante
1121 588 1250 622 festum
1266 590 1418 623 Simonis
1437 596 1471 623 et
1489 589 1614 633 Judae„
1634 590 1701 623 fuit
1721 596 1845 623 ventus
1864 597 1935 623 tam

420 667 566 701 magnus
590 659 623 684 et
651 658 721 684 tam
751 650 957 691 vehemens7
986 646 1084 694 quod
1108 648 1143 680 in
1169 647 1329 682 Tornaco
1353 649 1421 682 fuit
1440 649 1476 682 in
1503 649 1586 682 locis
1613 649 1809 682 innumeris
1837 649 1938 682 ruina

417 711 680 752 aedificiorum7
705 709 856 742 maxime
881 707 925 741 de
951 706 1192 752 cooperturis,
1221 705 1265 739 de
1288 707 1396 754 signis
1421 706 1611 741 domorum
1631 735 1638 750 r
1672 706 1770 753 quod
1794 714 1938 753 propter

417 773 578 805 timorem
599 768 799 816 tegularum
819 767 937 800 nullus
956 778 1019 811 per
1039 765 1133 799 vt'cos
1153 765 1202 797 irc
1221 777 1327 798 ausus
1346 771 1431 798 erat.

465 830 504 862 ln
524 828 582 861 illo
602 839 695 861 auno
715 826 780 860 fuit
797 832 937 858 tantum
957 822 1062 871 gelu¹
1079 823 1177 869 quod
1192 824 1297 856 etiam
1316 823 1351 856 in
1371 824 1458 857 mari
1477 830 1603 857 nautae
1623 825 1883 867 moriebantun,
1906 831 1940 857 et

413 888 518 921 etiam
537 887 603 920 fuit
625 892 701 931 post
721 884 803 931 gelu
822 883 974 915 maxima
992 894 1166 927 aquarum
1187 881 1417 916 abundantia.

459 947 560 979 Anno
578 944 636 977 illo
655 942 723 976 fuit
739 941 876 986 eclipsis
890 940 972 973 solis
985 939 1111 973 ultima
1125 938 1182 973 die
1201 940 1358 974 Januarii
1371 967 1379 983 7
1398 947 1432 974 et
1451 940 1577 974 eodem
1596 953 1690 974 anno
1709 941 1777 974 fuit
1795 941 1936 975 karistia

413 1004 508 1039 bladi
527 1010 562 1036 et
584 1002 667 1036 vini.

461 1065 562 1097 Anno
582 1060 732 1095 MCCCX
746 1088 754 1094 .
773 1060 867 1106 cepit
885 1059 1034 1093 ballivus
1051 1058 1340 1092 viromandensis
1358 1071 1471 1092 unum
1487 1059 1669 1092 hominem
1687 1059 1875 1092 bannitum
1893 1058 1938 1092 dc

410 1134 520 1170 regno
540 1120 722 1167 injustitia
737 1119 950 1153 Tornacensi
965 1145 972 1161 7
994 1125 1029 1152 et
1043 1118 1111 1151 fuit
1123 1118 1188 1151 sibi
1206 1124 1370 1151 mortuus
1388 1117 1603 1152 deliberatus
1619 1118 1710 1151 ultra
1729 1117 1878 1151 fluvium
1892 1116 1936 1151 de

411 1182 512 1223 Κίρ-ς,
538 1187 573 1213 et
594 1179 720 1213 levavit
742 1178 860 1211 furcas
878 1183 912 1210 ct
939 1177 988 1210 ibi
1010 1189 1093 1210 eum
1120 1176 1289 1222 suspendi
1313 1177 1415 1210 fecit.
1446 1183 1480 1210 et
1501 1183 1621 1223 postea
1646 1177 1797 1210 restituit
1824 1188 1935 1210 unum

411 1240 595 1274 hominem
614 1238 733 1270 vivum
752 1243 788 1269 et
807 1235 976 1268 resaisivit
994 1247 1059 1280 pro
1078 1234 1157 1267 villa
1177 1235 1396 1280 praepositos
1415 1242 1449 1268 et
1463 1235 1614 1280 juratos.

461 1299 562 1332 Anno
590 1295 776 1338 MCCCM,
802 1294 875 1328 duo
902 1294 1065 1327 homines
1092 1294 1241 1327 invicem
1270 1294 1442 1337 rixantes7
1472 1307 1563 1327 unus
1590 1293 1719 1328 occidit
1745 1295 1873 1334 alium,
1903 1301 1937 1328 ct

412 1357 547 1391 occisor
566 1355 659 1403 fugit
676 1354 710 1387 in
730 1353 864 1399 templo
886 1352 930 1385 de
951 1352 1044 1386 Orka
1070 1359 1104 1385 et
1127 1351 1174 1385 ibi
1201 1352 1268 1385 fuit
1286 1351 1347 1385 diu
1365 1379 1372 1395 a
1395 1358 1430 1385 et
1450 1353 1638 1398 praepositi
1657 1359 1691 1385 et
1706 1353 1814 1397 jurati
1834 1354 1937 1387 facie—

410 1417 497 1450 bant
511 1427 592 1449 eum
608 1412 787 1447 custodire
801 1419 835 1445 et
849 1419 1029 1451 coercereq
1047 1410 1145 1458 quod
1160 1411 1278 1444 nullus
1291 1410 1392 1444 daret
1405 1411 1471 1444 sibi
1486 1412 1607 1445 bibere
1622 1418 1683 1444 aut
1699 1411 1913 1446 manducare
1923 1440 1931 1446 .

410 1475 528 1509 invitis
554 1473 688 1507 decano
712 1479 746 1505 et
772 1471 948 1517 capitulo,
972 1477 1007 1504 et
1029 1483 1094 1516 pro
1119 1470 1177 1503 tali
1202 1470 1386 1504 coercione
1409 1470 1561 1503 faminae
1581 1470 1711 1504 ductus
1734 1477 1769 1504 et
1791 1477 1934 1504 coactus

410 1534 515 1568 exivit
533 1533 577 1566 de
603 1544 664 1566 sua
683 1532 864 1565 voluntate
877 1557 884 1571 —,
905 1536 1102 1576 captusque
1119 1530 1185 1563 fuit
1205 1542 1223 1563 a
1243 1528 1452 1563 custodibus
1468 1536 1564 1562 extra
1583 1530 1727 1563 atrium.
1748 1536 1781 1562 et
1805 1529 1935 1563 ductus

409 1594 445 1627 in
471 1593 663 1639 prisionem
690 1591 802 1624 villae.
828 1590 942 1635 Super
961 1589 1029 1622 hoc
1055 1589 1210 1623 decanus
1236 1595 1271 1621 et
1295 1588 1491 1634 capitulum
1515 1595 1639 1622 contra
1661 1589 1880 1634 praepositos
1901 1595 1934 1622 et

405 1652 542 1697 juratos
570 1655 758 1683 moverunt
784 1648 1028 1694 questionem,
1063 1647 1213 1680 finaliter
1241 1647 1314 1692 ipse
1341 1646 1408 1679 fuit
1436 1647 1639 1689 restitutus.v
1675 1653 1709 1679 et
1733 1647 1769 1679 in
1801 1647 1934 1693 templo

410 1711 448 1744 B.
480 1709 630 1757 Remigii
655 1709 690 1741 in
715 1714 818 1741 nocte
845 1707 998 1753 positus7
1031 1713 1065 1739 et
1091 1706 1138 1739 ibi
1162 1706 1230 1739 fuit
1252 1717 1366 1751 usque
1388 1704 1433 1738 ad
1455 1705 1657 1738 vicesimam
1681 1712 1813 1739 sextam
1838 1705 1933 1739 diem

409 1768 592 1805 Octobrisq
618 1767 752 1801 habens
776 1765 872 1800 unde
894 1765 1022 1799 vivere.
1051 1763 1210 1798 Tandem
1234 1776 1270 1797 se
1294 1763 1510 1809 desperavit.
1537 1770 1572 1796 et
1595 1763 1648 1797 sui
1668 1764 1777 1809 ipsius
1799 1764 1934 1798 occisor

408 1828 495 1861 fuit.
534 1839 598 1873 pro
628 1839 697 1873 qua
732 1838 835 1859 causa
866 1824 1015 1858 ballivus
1048 1823 1192 1869 capituli
1224 1829 1320 1856 extra
1352 1822 1534 1856 ecclesiam
1567 1834 1702 1868 ponens
1731 1829 1766 1855 et
1797 1821 1932 1856 ducens

408 1892 504 1919 extra
517 1885 693 1931 justitiam
714 1884 973 1917 Tornacensem
985 1909 993 1925 a
1014 1882 1097 1916 fecit
1115 1881 1158 1915 de
1177 1894 1218 1915 eo
1233 1881 1406 1927 justitiam
1431 1887 1463 1914 et
1484 1893 1547 1926 per
1565 1893 1675 1927 equos
1694 1880 1786 1914 trahi
1805 1887 1840 1914 et
1853 1894 1932 1915 sus-

408 1943 515 1989 pendi
534 1943 571 1976 in
590 1949 692 1976 nocte
716 1941 869 1975 Simonis
891 1948 926 1974 et
944 1940 1069 1974 Judae.

456 2004 558 2035 Anno
574 2001 699 2035 eodem
710 2028 718 2041 ἢ
736 2001 805 2034 fuit
824 2000 1015 2034 concilium
1034 1999 1130 2046 apud
1144 1999 1291 2033 Vianam
1304 1999 1330 2032 ².

458 2062 558 2094 Anno
578 2060 763 2095 MCCCXII
782 2087 791 2103 7
813 2060 879 2093 fuit
905 2059 1044 2105 eclipsis
1067 2059 1170 2092 lunae
1194 2058 1331 2092 decima
1353 2071 1445 2092 nona
1465 2058 1522 2092 die
1547 2058 1643 2092 Junii
1662 2058 1697 2090 in
1717 2069 1877 2103 vespere5
1899 2064 1932 2091 et

406 2126 485 2165 post
504 2120 571 2153 fuit
590 2120 726 2165 eclipsis
748 2119 829 2153 solis
851 2119 976 2165 quinta
995 2117 1052 2152 die
1070 2118 1152 2152 Julii
1166 2145 1173 2157 .,
1196 2118 1285 2151 hora
1303 2118 1418 2151 tertia.

457 2178 556 2212 Anno
583 2177 809 2220 MCCCXIIL
838 2177 1002 2211 vicesima
1025 2176 1139 2222 prima
1165 2175 1222 2209 die
1253 2176 1390 2219 Martii7
1420 2177 1515 2210 venit
1541 2176 1708 2210 dominus
1736 2175 1860 2208 Petrus
1887 2174 1931 2208 de

406 2236 567 2270 Gallardo
586 2264 593 2276 Ἴ
627 2244 798 2283 tanquam
827 2235 1035 2270 castellanus
1066 2236 1102 2268 in
1135 2235 1358 2276 Tornacumff
1390 2235 1466 2269 loco
1494 2235 1585 2283 regis
1612 2240 1692 2280 post
1714 2234 1931 2280 emptionem

405 2294 533 2327 factam
555 2294 599 2328 de
616 2295 827 2329 Mauritania
846 2301 881 2328 et
898 2293 942 2328 de
961 2294 1171 2328 castellania.

456 2353 556 2385 Anno
574 2353 787 2389 MCCCXIV.
809 2352 946 2386 decima
965 2365 1058 2387 nona
1077 2351 1134 2386 die
1155 2352 1282 2398 Aprilis
1300 2379 1307 2385 .
1331 2352 1367 2385 in
1386 2352 1472 2385 feria
1490 2358 1584 2385 sexta
1603 2352 1671 2385 fuit
1689 2351 1780 2385 facta
1793 2350 1929 2396 justitia

445 2481 451 2497 ¹
475 2480 503 2506 C·
520 2481 547 2506 h-
561 2481 623 2517 qeli-
1229 2483 1242 2500 2
1262 2483 1344 2518 Apud
1356 2483 1491 2509 Viennam
1503 2482 1530 2507 iu
1546 2480 1722 2515 Delphinatu.
