2118 3184
571 406 625 441 CH
632 406 797 441 ROMCA
826 405 1149 441 TORNACENSIS.
1550 410 1620 446 565

98 513 201 558 jussit
219 526 342 548 eorum
360 515 465 548 urbes
481 521 516 548 et
534 514 664 561 oppida
683 514 830 548 destrui.
856 515 936 555 Quo
957 522 1074 561 postea
1093 528 1112 549 a
1133 515 1298 549 Romanis
1320 516 1522 550 interfecto.
1545 529 1613 550 sus-

102 573 195 618 cepit
215 573 402 619 imperinm
418 573 629 616 Octavianus
651 576 845 621 Augustus.
867 587 1044 620 pronepos
1061 574 1136 620 ejus
1148 602 1156 614 ,
1177 575 1244 608 sub
1257 587 1330 621 quo
1345 575 1445 609 Jesus
1458 574 1616 609 Christus

103 630 270 664 nascitur.
293 631 355 665 lllo
369 631 474 665 etiam
493 631 538 664 de
557 630 674 665 medio
693 632 802 666 facto.
824 645 973 680 regnum
991 632 1140 679 adeptus
1159 640 1209 667 est
1230 634 1411 677 Tiberius,
1434 634 1616 682 privignus

102 688 195 733 ejus.
217 689 284 723 sub
299 701 372 735 quo
393 701 513 735 passus
531 695 582 723 est
603 690 792 733 Dominus7
814 692 914 736 cujus
935 692 1056 725 mortis
1074 691 1172 739 signa
1193 704 1254 738 per
1271 699 1385 725 totum
1401 692 1523 726 orbem
1546 693 1615 726 visa

102 753 196 781 sunt.
221 747 308 781 Nan}
330 748 514 793 Dionysius
540 749 747 796 Areopagita
767 750 801 782 in
822 751 981 797 Aegypto
1002 757 1087 784 tunc
1108 751 1261 796 positusq
1290 763 1436 785 cernens
1460 751 1505 785 ab
1527 751 1614 785 hora

101 811 196 839 sexta
209 804 302 839 diem
319 805 354 838 in
370 812 507 839 noctem
525 807 765 841 tenebrescere
780 819 892 853 usque
907 808 942 841 in
958 808 1081 842 horam
1097 819 1225 842 nonam
1239 836 1246 850 7
1265 808 1352 842 dixit
1366 816 1505 843 noctem
1522 809 1615 843 illam

101 863 298 911 significare
315 864 425 897 Deum
442 877 563 898 verum
579 877 660 899 cum
676 866 752 899 luce
770 878 849 899 vera
868 866 937 900 cito
952 873 1154 900 venturum.
1168 867 1298 900 Verum
1316 873 1356 901 ut
1373 867 1513 915 longam
1532 880 1614 901 nar-

101 922 272 956 rationem
300 923 513 969 compendio
537 924 836 970 comprehendam
850 951 858 965 2
882 937 974 958 anno
997 925 1123 971 quinto
1143 925 1395 971 redemptionis
1414 925 1611 968 humanae7

100 981 248 1026 apostoli
261 987 295 1014 et
312 993 435 1015 eorum
451 981 614 1028 discipuli
625 1010 633 1025 7
649 982 711 1028 qui
726 989 825 1016 erant
840 982 1035 1028 plusquam
1050 983 1253 1031 quingenti2
1271 984 1398 1029 passim
1414 996 1476 1029 per
1491 985 1613 1017 orbem

100 1038 262 1085 dispersi7
279 1040 553 1075 innumerabiles
569 1041 657 1074 filios
671 1053 734 1086 per
745 1041 922 1075 lavacrum
933 1042 1204 1089 regenerationis
1219 1043 1290 1075 Deo
1304 1042 1556 1088 acquisierunt.v
1581 1049 1614 1075 et

101 1097 166 1143 ipsi
186 1098 416 1133 nihilominus
430 1099 532 1142 31105,
552 1099 596 1133 de
615 1112 768 1146 quorum
790 1111 937 1133 numero
953 1100 1074 1133 beatus
1094 1100 1232 1142 Piatus7
1250 1113 1378 1148 genere
1397 1101 1613 1135 Beneventa—

103 1168 182 1198 nus,
198 1158 341 1191 exstitit.
359 1159 420 1204 qui
438 1165 606 1204 tanquam
621 1171 640 1192 a
656 1158 727 1192 Deo
743 1158 869 1191 missus
881 1184 889 1200 a
907 1157 951 1191 ad
967 1170 1030 1191 nos
1044 1158 1133 1191 bene
1148 1159 1254 1201 venit„
1272 1172 1362 1205 aqua
1380 1160 1614 1193 renovationis

100 1215 269 1261 patriotas
281 1222 418 1249 nostros
432 1216 561 1259 abluit7
577 1216 775 1262 urbemque
794 1228 918 1263 regum
936 1216 1113 1249 vocabulis
1127 1216 1343 1264 insignitam,
1362 1218 1522 1263 quamvis
1536 1230 1612 1251 eam

101 1272 225 1308 Caesar
245 1274 358 1307 alieno
375 1273 513 1307 dudum
539 1274 710 1321 sanguine
730 1273 894 1319 polluerit
911 1300 919 1316 Ἰ
942 1274 1015 1319 ipse
1034 1280 1151 1307 tamen
1173 1280 1306 1320 martyr
1325 1275 1440 1320 primo
1459 1282 1614 1321 postmo-

99 1331 187 1366 dum
210 1331 400 1366 decoravit.
431 1333 585 1366 Fuerunt
607 1339 725 1366 autem
753 1338 787 1365 et
808 1331 864 1365 alii
888 1331 1147 1377 praedicatores
1166 1333 1275 1366 sancti
1301 1332 1496 1367 admodum
1524 1335 1609 1367 viri.

98 1389 260 1424 videlicet
277 1390 519 1433 Eleutherius²
542 1389 752 1431 Medardusff
777 1389 977 1433 Amandus,
1002 1390 1153 1437 illigans,
1176 1391 1238 1436 qui
1258 1391 1351 1424 velut
1371 1398 1525 1437 quatuor
1549 1405 1612 1438 pa·

100 1448 205 1483 radisi
231 1448 378 1483 flumina
404 1455 546 1497 gentem
572 1449 725 1496 regionis
747 1454 886 1482 nostrae
906 1447 1051 1482 diversis
1075 1448 1188 1483 modis
1209 1450 1424 1497 rigaverunt.
1449 1450 1612 1491 Quorum

100 1506 423 1554 praedicationibus
451 1507 594 1541 ecclesia
623 1506 684 1540 Dei
712 1506 748 1539 in
774 1507 814 1539 iis
845 1506 1005 1552 partibus
1031 1507 1213 1550 roborata,
1245 1520 1357 1554 usque
1382 1507 1426 1541 ad
1454 1515 1612 1554 tempora

98 1565 385 1600 Normannorum
406 1565 539 1599 floruit.
566 1565 636 1607 Qui
657 1564 701 1599 de
728 1565 914 1613 Norwegia
936 1566 1134 1609 venientes.j
1157 1572 1345 1612 postquam
1369 1579 1458 1613 pene
1486 1575 1613 1602 cuncta

98 1624 193 1658 ferro
213 1623 428 1671 flammaque
449 1631 659 1667 vastassent,
686 1624 832 1672 ingressi
851 1624 1070 1668 Nenstriam‚
1087 1637 1196 1671 quam
1210 1633 1423 1659 vocaverunt
1442 1626 1613 1660 Norman—

98 1682 194 1716 niam
206 1710 215 1726 ,
237 1683 272 1716 111
286 1689 424 1716 tantum
447 1695 522 1717 eam
543 1682 756 1729 possidendo
771 1683 1017 1728 profecerunt,
1038 1690 1078 1717 nt
1097 1684 1145 1717 ibi
1164 1696 1246 1717 cum
1261 1684 1421 1730 principe
1443 1698 1507 1719 suo
1522 1686 1612 1731 bap-

98 1742 302 1776 tizarentur.
333 1741 403 1783 Qui
430 1741 568 1788 pridem
595 1741 729 1776 viderat
752 1754 788 1775 se
815 1754 876 1787 per
899 1754 1061 1787 soporem
1089 1742 1125 1776 111
1147 1742 1282 1776 fontem
1308 1743 1609 1789 pulcherrimum7

99 1799 287 1834 balneandi
309 1801 441 1849 gratia,
467 1800 706 1842 descendisse,
729 1812 769 1834 ac
795 1799 950 1846 denique
974 1806 1013 1834 ut
1040 1800 1076 1833 in
1102 1799 1244 1834 dnobus
1272 1802 1405 1849 regnis,
1431 1802 1466 1837 id
1497 1809 1549 1837 cst
1576 1804 1611 1836 in

99 1858 215 1894 Sicilia
228 1866 263 1893 et
280 1859 316 1892 in
336 1859 459 1906 Anglia
471 1885 479 1901 ,
502 1865 666 1905 potenter
680 1864 870 1906 regnarent
881 1885 889 1901 a
907 1857 1004 1904 quod
1020 1870 1132 1904 usque
1151 1871 1247 1893 nunc
1267 1859 1432 1894 faciunt¹.
1457 1860 1609 1902 Quidam

97 1918 184 1952 falso
207 1924 335 1963 putant
358 1917 610 1951 monasterium
639 1916 674 1950 S.
708 1916 848 1950 Martini
879 1916 924 1950 ab
955 1916 995 1950 iis
1021 1917 1231 1950 subversum
1256 1918 1375 1951 fuisse.
1409 1919 1492 1952 Post
1519 1919 1611 1953 hanc

99 1983 218 2011 autem
240 1976 505 2010 tribulationem
529 1983 648 2010 secuta
670 1982 722 2009 est
742 1982 775 2009 et
796 1975 862 2009 alia
881 1975 916 2008 in
939 1975 1143 2021 episcopatu
1172 1976 1384 2010 Tornacensi
1413 1990 1453 2011 ac
1480 1978 1611 2011 Novio-

98 2035 209 2069 mensi
220 2061 228 2077 a
247 2046 309 2080 per
325 2040 394 2068 tres
412 2046 513 2068 senos
528 2046 664 2068 menses
677 2034 898 2080 praesulante
913 2033 1057 2067 Fulcero
1071 2033 1205 2067 crudeli
1219 2041 1371 2080 tyranno
1384 2062 1392 2078 a
1410 2036 1471 2081 qui
1487 2049 1610 2069 omnes

99 2093 256 2127 abbatias
274 2105 362 2139 quas
375 2092 556 2127 destruere
572 2093 689 2139 potuit
700 2120 708 2136 Ἰ
725 2092 898 2126 destruxit
917 2098 1022 2138 atque
1036 2093 1253 2138 exspoliavit,
1273 2094 1364 2127 inter
1379 2106 1467 2140 quas
1482 2101 1516 2128 et
1534 2107 1611 2128 nos-

98 2158 203 2194 tram„
220 2151 311 2185 sicut
319 2150 485 2184 dominus
498 2151 606 2184 abbas
615 2151 775 2184 Galterus
790 2151 906 2184 vivens
916 2150 1123 2194 testabatur⁷
1135 2151 1276 2196 penitus
1289 2151 1487 2194 destruenS.v
1501 2159 1610 2187 terras

97 2210 172 2256 ejus
189 2221 229 2243 30
244 2208 387 2256 praedia
404 2215 439 2242 et
457 2215 592 2242 caetera
609 2220 771 2255 quaeque
792 2209 924 2242 clericis
943 2215 1049 2254 atque
1069 2208 1237 2242 militibus
1255 2209 1366 2253 dedit⁷
1384 2211 1610 2256 permittente

97 2276 216 2303 tamen
227 2268 298 2302 Deo
313 2268 376 2314 qui
390 2279 461 2301 non
478 2267 589 2301 multo
600 2274 679 2313 post
698 2267 967 2301 retributionem
982 2267 1086 2300 talem
1101 2267 1131 2301 ei
1146 2268 1310 2302 retribuit
1321 2295 1329 2311 ,Α
1348 2275 1387 2302 ut
1405 2282 1425 2303 a
1440 2269 1610 2315 pediculis

95 2326 288 2362 suffocatus
306 2326 452 2372 pessima
473 2332 587 2360 morte
605 2326 776 2359 interiret.
798 2325 905 2371 Cujus
923 2326 1105 2359 interitum
1123 2326 1306 2361 audientes
1321 2328 1385 2361 viri
1407 2328 1585 2376 religionis
1598 2357 1606 2362 .

97 2397 188 2432 quos
212 2396 334 2418 exosos
363 2396 502 2430 semper
534 2384 727 2427 habuerat,
753 2383 899 2430 quidam
934 2396 1057 2418 eorum
1085 2396 1149 2430 pro
1185 2385 1259 2431 ejus
1287 2385 1506 2421 absolutione
1539 2400 1610 2422 non

136 2513 145 2530 ¹
166 2512 202 2539 Ex
217 2523 272 2549 quo
286 2512 383 2546 conjici
398 2516 486 2547 potest
498 2511 569 2538 hanc
580 2517 684 2547 partem
699 2511 799 2538 codicis
812 2511 895 2538 fnisse
909 2512 1036 2547 scriptam
1051 2518 1087 2538 11*-
1102 2512 1204 2539 seculo.
