2118 3184
796 435 1080 471 APPENDICES.
1626 440 1694 473 9-'09

845 554 1022 596 (ΞΟ-[ΗΠ.

180 645 339 679 Vidimus
357 646 398 679 de
416 646 450 678 la
468 645 557 678 balle
575 646 624 680 du
639 659 732 693 pape
757 646 789 681 U
790 647 895 680 rhum
916 646 938 680 I
947 646 991 688 V,
1015 646 1133 680 domze'
1142 659 1218 693 par
1239 648 1285 683 les
1302 650 1405 684 ahhe's
1423 650 1639 697 d’Asshfflwm
1658 658 1688 684 et

542 704 583 737 de
605 703 829 738 Grammont.
847 724 894 729 —
911 706 1062 738 Anxur-rs
1083 718 1241 740 mvsasss.

897 873 968 896 1982.

213 954 351 980 Universis
364 963 493 989 praesens
506 955 637 990 scripturn
652 955 751 981 visuris
763 975 770 981 .
787 954 935 985 Henricus,
958 955 1130 980 miseratione
1145 956 1237 982 divina
1254 956 1460 993 llaffliginiensis
1481 958 1564 984 abbas
1578 979 1584 987 ,
1603 964 1629 984 et
1643 968 1687 984 ea-

173 1001 235 1027 dem
247 1001 420 1027 miseratione
438 1001 522 1027 abbas
534 1000 563 1028 S.
582 1001 693 1027 Adriani
706 1001 740 1027 de
755 1000 972 1032 Geraldimonte‚
997 1001 1100 1027 ordinis
1123 1003 1208 1029 sancti
1223 1003 1361 1030 Benedicti
1372 1025 1378 1036 ,
1394 1004 1593 1031 Cameracensis
1613 1005 1687 1032 dioe-

174 1049 258 1079 cesis,
281 1048 396 1074 satutem
415 1053 443 1074 et
465 1057 578 1074 noscere
599 1049 752 1075 veritatem.
770 1048 880 1075 Noverit
899 1053 989 1074 vestra
1007 1049 1170 1075 universitas
1193 1059 1242 1076 nos
1263 1051 1389 1083 audisse,
1416 1052 1514 1078 vidisse
1539 1057 1565 1078 et
1588 1052 1685 1088 legisse

174 1095 348 1131 privilegium
363 1095 479 1126 Urbani,
501 1104 587 1130 papae
601 1096 708 1131 quarti,
730 1095 866 1121 indultum
883 1095 972 1121 ordini
988 1095 1263 1129 Praemonstratensi,
1286 1098 1359 1133 quod
1372 1099 1530 1125 continebat
1550 1100 1584 1125 dc
1603 1100 1686 1125 verbo

175 1142 209 1169 ad
221 1142 335 1169 verbum
349 1151 398 1178 per
408 1143 532 1169 ordinem
542 1152 612 1178 quae
624 1148 780 1178 sequuntur
789 1163 796 1174 ‚
811 1152 865 1169 non
878 1143 1060 1175 cancekaetum,
1076 1153 1128 1169 non
1142 1153 1232 1170 rasum
1241 1165 1248 1177 ‚
1261 1154 1315 1171 non
1329 1145 1462 1171 obolitum
1473 1167 1479 1177 ‚
1493 1155 1542 1173 nec
1554 1147 1580 1172 in
1595 1146 1686 1182 aliqua

175 1191 216 1216 sui
232 1195 310 1225 parte
327 1189 469 1216 vitiatum¹
476 1209 546 1215 ......
567 1189 654 1225 Igitur
671 1194 702 1215 ut
717 1190 818 1216 veritas
833 1194 924 1225 pateat
937 1190 1086 1221 universis,
1102 1190 1134 1216 ad
1151 1200 1245 1226 preces
1257 1191 1362 1218 abbatis
1376 1197 1403 1218 et
1415 1198 1566 1219 conventus
1581 1202 1688 1219 monas-

177 1237 238 1263 terii
250 1237 402 1263 Ninivensis
413 1242 507 1263 nostra
519 1237 607 1272 sigilla
620 1237 812 1273 praesentibus
824 1242 888 1264 sunt
898 1246 1027 1273 appensa.
1043 1237 1120 1264 Anno
1135 1238 1241 1265 Domini
1252 1238 1443 1266 MCCLXXXII
1454 1261 1461 1271 ‚
1481 1249 1572 1267 mense
1587 1240 1683 1275 Aprili.

1201 1304 1332 1329 cartulaire
1343 1305 1371 1329 de
1382 1305 1490 1330 Malines.

867 1550 1011 1585 CCLIX.

179 1645 225 1679 Le
242 1644 400 1692 clzapitre
415 1644 457 1678 de
475 1642 625 1678 Nz'zrelles
640 1649 673 1677 et
690 1643 718 1676 le
740 1642 925 1689 chapelaz'n
946 1642 1089 1677 Nz'caz'se
1107 1641 1228 1677 ce'dent
1251 1642 1274 1677 ἀ
1298 1644 1456 1691 l'ahhaye
1478 1658 1560 1680 onze
1569 1649 1682 1692 jour-

226 1715 329 1737 nauoe
346 1702 387 1736 de
405 1708 496 1736 terre
515 1699 538 1734 ἁ
553 1699 720 1735 Arkenne
727 1727 738 1743 ,
752 1712 850 1747 pour
863 1713 916 1734 un
937 1712 1017 1735 cens
1032 1701 1169 1735 manuel
1183 1701 1224 1735 de
1241 1704 1344 1736 treize
1360 1701 1512 1737 rasz'e'res
1527 1710 1560 1737 et
1575 1705 1685 1739 demz'e

226 1761 267 1795 de
284 1760 345 1796 hle'.
364 1781 410 1786 —
427 1760 625 1794 ernzsmr.

896 1909 967 1932 1282.

216 1991 370 2028 Capitulum
384 1991 514 2018 ecclesiae
527 1991 686 2018 Nivellensis
699 1996 726 2018 et
738 1991 879 2017 Nichasius
892 2011 898 2023 ‚
917 1990 1062 2025 presbyter
1072 2011 1079 2022 ‚
1098 1995 1250 2025 perpetuus
1263 1989 1420 2025 capellanus
1435 1991 1528 2018 altaris
1543 1992 1572 2018 B.
1589 1991 1685 2019 Cathe-

179 2041 254 2066 rinae
265 2039 293 2065 in
307 2038 419 2065 ecclesia
430 2038 459 2065 S.
471 2038 597 2065 Andreae
610 2038 770 2065 Nivellensis
781 2059 788 2071 ‚
803 2038 883 2072 cujus
896 2037 989 2063 altaris
1002 2037 1105 2064 dictum
1118 2037 1268 2072 capitulum
1280 2043 1414 2073 patronus
1428 2039 1518 2065 existit
1530 2059 1537 2071 ‚
1551 2041 1685 2066 universis

179 2091 336 2123 praesentes
347 2086 452 2112 litteras
465 2086 579 2119 visuris,
591 2086 706 2113 salutem
720 2091 748 2112 et
759 2088 924 2122 cognoscere
938 2085 1090 2111 veritatem.
1105 2085 1236 2111 Noverint
1246 2086 1380 2118 universi,
1395 2086 1468 2121 quod
1482 2095 1531 2112 nos
1541 2107 1548 2119 ‚
1561 2087 1684 2113 conside-

178 2138 237 2160 rata
249 2132 369 2160 evidenti
380 2132 498 2159 utilitate
510 2133 575 2160 dicti
586 2133 680 2159 altaris
690 2155 697 2165 ‚
712 2132 968 2167 undecimjornaria
981 2137 1070 2158 terrae
1083 2131 1125 2158 vel
1133 2132 1252 2165 circiter,
1266 2133 1317 2158 sita
1328 2133 1355 2158 in
1366 2133 1505 2159 territorio
1514 2133 1683 2167 d’Ark-emae,

177 2180 328 2216 spectantia
341 2179 374 2206 ad
387 2179 489 2206 dictum
502 2180 588 2207 altare
598 2200 605 2212 ‚
620 2180 803 2207 haereditarie
819 2178 984 2206 contulimus
1002 2179 1166 2205 monasterio
1181 2179 1316 2205 Ninivensi
1327 2200 1334 2212 ‚
1350 2179 1626 2206 Praemonstratensis
1639 2189 1684 2206 or—

176 2227 262 2260 dinis,
277 2226 477 2254 Cameracensis
489 2227 633 2260 dioecesis,
650 2228 767 2254 tenenda
780 2228 807 2254 in
822 2231 988 2263 perpetuum
1002 2235 1052 2262 pro
1066 2226 1195 2253 tredecim
1208 2227 1310 2253 rasiriis
1325 2226 1397 2253 bladi
1408 2236 1468 2253 cum
1482 2227 1604 2261 dimidia,
1621 2228 1684 2254 red-

176 2274 272 2301 dendis
283 2273 424 2309 capellano
436 2273 500 2300 dicti
514 2274 608 2300 altaris
620 2274 734 2311 singulis
747 2274 824 2300 annis
835 2275 861 2300 in
874 2277 1038 2309 perpetuum
1047 2294 1054 2306 ,
1067 2274 1094 2299 in
1107 2272 1176 2300 sesto
1191 2273 1262 2299 beati
1276 2273 1411 2300 Andreae.
1422 2274 1501 2309 Quod
1514 2275 1649 2301 universis
1656 2280 1683 2301 et

176 2320 330 2358 specialiter
341 2321 504 2347 monasterio
515 2321 656 2356 praedicto
664 2321 716 2348 sub
724 2321 819 2357 sigillis
828 2320 927 2347 nostris
935 2320 1156 2356 significavimus.
1170 2319 1270 2346 Datum
1283 2329 1354 2346 anno
1362 2320 1469 2346 Domini
1480 2320 1681 2354 MCCLXXXII,

176 2377 268 2396 mense
278 2368 411 2404 Augusto.

1087 2404 1210 2436 Originah
1223 2412 1309 2429 sceaux
1320 2412 1350 2428 en
1363 2404 1411 2428 cire
1425 2409 1501 2435 verte⁷
1515 2405 1573 2430 celui
1583 2406 1614 2429 dn
1627 2406 1683 2430 cha-

1117 2447 1178 2478 pitre
1189 2451 1224 2471 est
1237 2446 1364 2471 sortement
1377 2446 1544 2479 endommage.

894 2510 966 2521 11

202 2557 209 2571 ι
229 2551 285 2578 Voy.
295 2550 346 2578 plus
357 2549 408 2570 haut
421 2554 475 2571 cette
487 2550 547 2572 huuc
557 2550 587 2571 du
598 2557 653 2579 pape
664 2551 753 2573 Urbain.
