2118 3184
753 385 1041 422 APPENDICES.
1590 390 1659 425 763

139 499 257 527 cumque
269 491 385 527 negotiis
406 491 570 528 sapientium
583 491 722 518 declinare
739 492 852 519 consilia
862 514 868 525 ,
890 498 917 520 et
935 503 950 520 a
967 494 1062 520 semita
1076 493 1253 529 prudentium
1271 493 1368 529 pedem
1383 499 1508 521 avertere
1521 495 1659 530 periculo-

138 538 216 571 sius;
241 543 330 564 tamen
352 538 427 565 salva
446 539 616 575 singulorum
639 540 808 566 reverentia.
831 541 857 566 in
883 540 971 567 bonae
992 542 1138 567 memoriae
1161 541 1262 567 domini
1283 542 1430 574 Bernardi‚
1452 542 1659 569 Clarevallensis

138 585 259 617 abbatis,
275 590 352 611 actus
367 586 409 612 vel
421 587 630 621 compositiones
643 592 870 621 praesumptuose
884 588 1042 618 incurrere,
1060 588 1210 614 secundum
1224 589 1327 625 ingenii
1339 590 1411 615 notri
1427 590 1583 616 facultatem
1598 599 1656 617 esse

137 631 320 659 decernimus.
336 632 452 659 Proinde
469 633 693 668 compositionem
712 633 784 658 illam
800 634 834 659 de
852 634 1009 669 Lydelierca
1029 635 1100 661 inter
1113 635 1239 661 abbatem
1258 636 1428 662 Mnivensem
1446 637 1614 669 Get-ardum,
1629 642 1658 664 et

137 678 263 706 abbatem
276 679 426 706 Jettensem
439 679 578 706 Galternm
589 701 596 712 ,
611 689 624 706 a
639 680 749 706 domino
760 681 909 714 Bernardo,
925 682 1023 708 abbate
1032 682 1230 709 Clarcvallense
1242 704 1248 709 .
1263 683 1377 709 consilio
1392 684 1582 719 religiosarum
1597 694 1656 720 per·

136 734 265 752 sonarum
279 726 431 752 ordinatam
445 747 452 754 ,
468 727 632 753 auctoritate
652 727 816 754 venerabilis
833 729 919 764 patris
933 729 1070 755 samsonis
1081 751 1087 761 ,
1105 730 1244 756 Remcnsis
1258 730 1454 766 archiepiscopi
1466 752 1473 758 .
1489 732 1655 767 apostolicae

134 773 208 799 sedis
218 773 312 809 legati.
329 773 458 800 ecclesiae
469 783 580 810 quoqne
592 780 702 801 nostrae
711 776 825 801 consilio
839 781 925 802 ratam
939 776 998 803 sore
1013 777 1198 803 concedimus.
1214 777 1355 804 Consensit
1369 779 1440 805 enim
1453 779 1537 805 abhas
1552 780 1655 806 Jenen-

136 821 172 847 sis
184 821 323 856 suscipere
339 821 365 847 in
380 826 485 856 partem
499 831 575 847 suam
590 821 675 848 altare
689 827 717 848 et
731 822 871 849 ecclesiam
885 823 920 849 ‹le
931 823 1003 850 Leuce
1015 833 1077 850 cnm
1088 819 1214 850 omnibus
1226 825 1435 860 appertinentiis
1443 826 1514 858 suis,
1530 826 1656 853 videlicet

137 867 164 895 in
177 869 276 902 terris,
291 868 418 901 decimis,
435 879 531 901 censu,
551 869 681 895 aediliciis
692 891 698 901 ,
714 871 854 906 mancipiis
870 871 1013 906 utriusque
1027 881 1122 904 sexus,
1138 872 1179 898 vel
1195 872 1217 898 si
1235 881 1289 907 qua
1307 877 1370 898 sunt
1384 873 1435 898 alia
1446 894 1452 899 .
1471 878 1498 899 ct
1515 874 1586 899 sicut
1602 874 1655 900 slu-

135 914 196 941 vins
214 915 320 941 Tenera
333 915 430 942 dividit
443 915 598 951 parochiam
614 916 648 942 de
666 917 738 942 Lme
751 922 778 942 et
797 926 855 943 eam
873 917 907 943 dc
922 917 1079 953 Lydckerca
1091 939 1099 949 ,
1113 924 1222 954 praeter
1237 919 1368 945 decimam
1384 928 1465 945 unam
1482 920 1509 946 in
1527 920 1656 955 parochia

133 961 168 988 de
183 961 418 997 Erenbaldengein
436 963 617 998 pertinentem
632 962 666 989 ad
679 963 820 989 ecclesiam
838 963 872 990 de
890 964 979 998 Lewe,
998 974 1079 1000 quam
1095 965 1179 991 abbas
1193 965 1323 991 Jetlcnsis
1338 965 1501 1000 possidebit,
1519 976 1579 992 cum
1592 976 1653 994 cae-

134 1009 201 1036 teris
210 1009 294 1036 rebus
305 1010 427 1044 ejusdem
440 1010 570 1036 ecclesiae
580 1031 586 1042 ,
600 1010 699 1037 abbate
713 1011 855 1037 Ninivense
867 1012 957 1037 omnia
968 1011 1074 1047 reliqua
1083 1012 1116 1038 ad
1128 1013 1268 1039 ecclesiam
1279 1012 1313 1038 de
1324 1012 1472 1039 Lidckcrca
1486 1015 1651 1049 pertinentia

133 1057 286 1083 obtinente.
302 1058 337 1084 Et
351 1063 442 1084 autem
457 1057 509 1083 hoc
523 1063 612 1084 ratum
627 1067 699 1084 nunc
715 1063 742 1084 et
757 1059 885 1094 deinceps
901 1065 1074 1094 permaneat,
1094 1065 1171 1086 carta
1185 1065 1212 1086 et
1231 1059 1319 1095 sigillo
1333 1065 1427 1086 nostro
1442 1062 1650 1093 confirmamus,

134 1104 198 1131 data
211 1105 452 1131 conservatoribus
471 1105 661 1131 bencdictione
681 1111 707 1131 et
722 1115 799 1141 pace.
819 1107 932 1141 Signum
953 1106 1054 1132 domini
1067 1106 1243 1138 Theudorici,
1260 1108 1409 1142 praepositi
1427 1113 1453 1134 ct
1467 1108 1651 1135 archidiaconi

133 1152 292 1178 eorumdem
307 1152 450 1187 altarium3
467 1152 496 1179 S.
511 1152 660 1185 Johannis,
677 1152 705 1179 S.
721 1153 826 1178 Radulli
837 1175 843 1185 ,
863 1153 1116 1179 archidiaconorum
1130 1165 1136 1188 ;
1153 1154 1181 1180 S.
1199 1154 1336 1189 lingonis,
1353 1153 1467 1189 decani3
1483 1155 1511 1181 S.
1530 1155 1632 1182 Galteri
1643 1177 1649 1188 ⁷

135 1199 248 1226 Arnoldi
260 1221 267 1232 ,
290 1200 462 1227 secerdotum
475 1210 481 1234 3
505 1199 533 1226 S.
554 1199 672 1226 Anselmi
682 1221 689 1226 .
712 1200 786 1226 Adae
796 1221 802 1232 ,
826 1200 1055 1227 subdiaconorum
1071 1211 1077 1235 ς
1101 1201 1129 1227 S.
1153 1202 1261 1227 Parvini
1274 1222 1280 1231 ,
1303 1201 1409 1227 abbatis
1431 1202 1648 1237 S.-Sepnlchri;

134 1246 163 1274 S.
178 1246 344 1279 Gisseberti,
360 1246 458 1273 montis
472 1246 500 1272 S.
516 1246 656 1281 Martinis3
673 1247 700 1273 S.
719 1246 793 1272 Adae
805 1267 812 1279 ,
833 1247 867 1272 de
879 1247 996 1273 Castello
1014 1247 1131 1274 abbatis.
1146 1248 1246 1274 Datum
1261 1248 1413 1279 Cameraci,
1432 1258 1503 1274 anno
1517 1250 1650 1276 incarnati

135 1293 219 1320 Verbi
227 1293 345 1326 MCLIX,
357 1293 532 1329 episcopatus
539 1293 625 1319 nostri
634 1293 734 1319 xxtll.
744 1293 801 1330 Ego
811 1293 974 1320 Eustachius
985 1293 1163 1320 cancellarius
1172 1295 1268 1330 scripsi
1277 1316 1284 1328 ‚
1297 1295 1445 1330 subscripsi
1457 1301 1482 1321 ct
1492 1297 1649 1332 recognovi.

951 1359 1060 1391 Original
1072 1366 1118 1383 aux
1128 1360 1233 1384 archives
1241 1361 1269 1384 de
1280 1361 1302 1384 la
1314 1360 1413 1385 Flandre
1425 1361 1550 1385 orientale.

842 1593 933 1627 XVI.

133 1682 233 1727 Ada,
264 1684 402 1719 ahhesse
425 1684 467 1718 de
490 1683 659 1728 Nz'velles,
688 1685 803 1719 donne
828 1683 852 1718 ct
877 1684 1034 1732 l’ahbaye
1058 1696 1128 1718 une
1147 1687 1268 1731 partie
1289 1686 1330 1720 cle
1355 1692 1463 1729 terre,
1494 1686 1600 1720 sz'cue'e
1623 1686 1645 1721 ἀ

296 1742 476 1778 Meerbeke
484 1770 495 1786 ,
509 1749 729 1791 moyemzant
745 1756 818 1778 une
834 1743 1024 1778 redevanee
1041 1743 1217 1777 anmcelle.
1233 1764 1280 1769 ——
1297 1744 1481 1778 Mentimur.

855 1902 926 1926 1161.

169 1973 200 1999 ln
221 1973 330 2000 nomine
350 1978 460 2000 sanctae
471 1978 499 2000 et
513 1973 669 2000 individuae
682 1974 833 2000 Trinitatis.
851 1974 908 2000 Ada
918 1995 925 2006 ,
945 1973 1104 2000 Nivellcnsis
1118 1973 1269 2006 abbatissa,
1284 1973 1439 2000 Everardus
1453 1974 1626 2009 praepositus
1636 1996 1643 2007 ,

131 2021 287 2047 Everardus
300 2021 420 2047 decanus
431 2042 438 2054 ,
453 2026 584 2057 totusque
598 2021 720 2056 ejusdem
734 2021 864 2048 ecclesiae
874 2026 1025 2047 conventus
1035 2021 1161 2047 omnibus
1176 2020 1275 2047 Christi
1286 2021 1413 2047 fidelibus
1427 2026 1481 2047 tam
1496 2022 1647 2056 praesenti-

129 2068 183 2094 bus
203 2077 284 2103 quam
299 2068 399 2094 suturis
413 2069 439 2094 in
453 2073 629 2103 perpetuum.
648 2069 727 2104 Quod
748 2069 807 2104 piae
825 2068 980 2095 devotionis
993 2068 1091 2093 all‘cctu
1106 2068 1308 2094 rationabiliter
1321 2073 1348 2094 et
1370 2068 1507 2094 communi
1523 2068 1644 2094 fidelium

131 2120 288 2142 nostrorum
301 2115 414 2141 consilio
425 2115 495 2141 bene
508 2125 522 2141 a
537 2116 614 2141 nobis
627 2121 716 2142 actum
729 2121 780 2148 est,
792 2125 826 2142 ne
837 2115 982 2141 oblivionis
995 2115 1037 2141 vel
1049 2115 1231 2151 negligentiae
1243 2115 1285 2141 vel
1298 2115 1449 2141 discordiae
1463 2124 1543 2141 causa
1555 2115 1646 2142 delea-

130 2168 188 2195 tur,
203 2162 364 2188 immutetur
373 2161 415 2188 vel
430 2162 501 2188 sorte
514 2162 674 2197 dissipetur,
690 2163 836 2188 memoriae
851 2168 903 2188 tam
916 2162 1100 2197 praesentium
1109 2171 1191 2196 quam
1201 2161 1359 2187 futurorum
1368 2161 1565 2188 mandavimus.
1579 2162 1645 2189 Her-

130 2209 268 2241 brandus,
281 2208 395 2235 Gerardi
407 2209 493 2244 Longi
505 2209 589 2241 filius,
599 2209 632 2235 de
641 2209 782 2236 Merbecca
793 2230 799 2242 ,
815 2215 915 2236 terram
926 2218 1007 2244 quam
1018 2209 1044 2234 in
1059 2209 1152 2234 cadem
1165 2208 1225 2234 villa
1236 2209 1301 2243 jure
1311 2209 1494 2236 haereditario
1504 2211 1530 2236 in
1540 2209 1645 2236 henefi-

127 2257 200 2283 cium
209 2256 243 2283 de
251 2261 344 2282 nostra
353 2265 433 2282 manu
445 2256 600 2291 possidebat
613 2266 674 2282 curu
685 2257 894 2292 appertinentiis
904 2257 970 2285 suiS,
981 2255 1105 2281 videlicet
1116 2256 1211 2291 pratis,
1223 2255 1316 2291 sylvis⁷
1329 2256 1436 2291 pascuis
1445 2262 1472 2282 et
1483 2257 1641 2293 paludibus,

130 2309 281 2340 spontanea
292 2303 435 2330 voluntate
449 2314 480 2330 ex
495 2304 602 2339 integro
615 2304 693 2330 nobis
707 2304 868 2339 resignavit,
881 2303 1128 2336 ordine—iudiciario
1141 2302 1336 2329 exfestucatam
1348 2307 1375 2328 et
1385 2303 1566 2338 abjudicatam
1579 2305 1643 2331 sibi.

129 2351 183 2378 Nos
197 2356 287 2377 autem
301 2351 409 2386 pietatis
422 2351 521 2377 intuitu
534 2351 738 2377 considerantes
748 2360 810 2377 cum
819 2351 934 2378 caeteris
946 2350 1147 2377 misericordiae
1159 2351 1290 2386 operibus
1302 2350 1501 2386 eleemosynam
1514 2352 1647 2379 sufficien-

127 2404 182 2426 tem
195 2407 253 2425 esse
265 2399 400 2424 victimam
415 2398 449 2424 ad
463 2398 675 2434 promerendum
690 2404 863 2434 peccatorum
877 2398 1062 2424 remissionem
1072 2419 1078 2430 ,
1094 2397 1244 2433 praefatam
1260 2402 1360 2424 terram
1374 2407 1435 2424 cum
1453 2399 1579 2425 omnibus
1593 2409 1642 2435 ap-

130 2446 304 2482 pertinentiis
311 2447 378 2478 suis,
390 2446 522 2481 petitione
529 2446 650 2480 ejusdem
662 2446 814 2472 Herbrandi
821 2466 828 2478 ,
839 2446 918 2480 cnjus
926 2445 1027 2478 suerat,
1037 2445 1107 2471 sicut
1115 2445 1274 2480 possederat
1282 2445 1394 2481 publico
1403 2455 1514 2473 assensu
1524 2446 1641 2473 fratrum

129 2497 156 2519 et
168 2502 295 2520 sororum
305 2494 391 2520 nostri
402 2498 556 2521 conventus
566 2493 695 2520 ecclesiae
705 2494 844 2521 ninivensi
853 2514 860 2527 ,
875 2503 922 2520 ore
935 2498 961 2520 et
975 2502 1056 2519 manu
1067 2493 1249 2520 concessimus
1263 2498 1290 2520 et
1300 2493 1476 2528 tradidimus,
1488 2493 1640 2521 habendam
