2137 3131
468 378 537 413 550
810 374 984 409 CORPUS
1011 372 1343 408 CHRONICORUM
1371 372 1635 406 FLANDRIAE.

469 486 669 532 plitudinis.
693 483 866 516 distinctis
886 482 921 514 in
940 493 978 514 ea
994 481 1205 526 parictibusff
1227 480 1440 521 oratorium„
1464 480 1711 522 refectorium,
1735 479 1983 514 dormitorium

469 543 685 589 composuit„
708 547 741 573 ct
757 540 787 573 lx
806 540 878 573 fere
893 539 1057 572 mulieres
1071 550 1255 572 conversas
1268 538 1399 572 ibidem
1417 538 1624 577 intromisitq
1642 549 1871 584 sororemque
1884 550 1983 572 suam

470 600 769 635 sanctimonialem
790 598 932 631 nomine
948 597 1201 644 Eremburgcm
1219 597 1266 630 eis
1286 597 1500 642 praeposuit.
1524 597 1619 630 Inter
1637 603 1789 630 caeteras
1807 608 1889 629 vcro
1909 608 1984 630 mu-

470 661 567 693 lieres
586 659 691 691 etiam
711 655 970 699 Mainsendem7
993 655 1174 701 quondam
1195 655 1371 701 Radulphi
1392 655 1600 703 conjugem2
1624 655 1671 689 ibi
1687 666 1828 688 manere
1849 666 1986 700 praece-

470 719 538 763 pit.
560 723 592 750 et
613 717 648 749 in
668 716 733 749 alia
751 714 909 760 ejusdem
929 720 1027 760 parte
1050 715 1147 747 urbis
1166 713 1313 747 totidem
1333 726 1516 747 conversas
1536 715 1602 747 sul)
1626 714 1690 747 alia
1713 713 1879 760 magistra
1898 725 1985 747 con-

467 776 592 809 stituit.
617 774 747 807 Eodem
762 772 772 793 ¹
788 785 882 807 anno
896 773 1100 806 victualium
1121 773 1268 818 penuria
1283 779 1317 805 et
1336 772 1438 806 famis
1457 772 1620 805 atrocitas
1639 778 1749 805 totam
1768 772 1985 818 provinciam

468 835 695 867 vehementer
704 832 837 875 afflixit,
849 839 881 865 ct
892 832 1013 871 abbas„
1026 831 1241 877 pauperibus
1251 830 1339 864 adse
1354 831 1653 879 confugientibus7
1671 829 1847 877 quidquid
1857 830 1988 864 habere

471 899 607 939 poterat
617 919 625 934 7
644 890 917 924 misericorditer
930 891 1086 924 tribuere
1101 890 1215 935 coepit
1225 916 1233 932 ᾖ
1251 890 1298 923 ita
1312 896 1353 923 ut
1370 901 1434 923 nec
1449 889 1485 922 in
1499 889 1627 922 horreo
1639 901 1704 922 nec
1722 889 1758 922 in
1773 888 1912 922 cellario
1929 888 1987 922 ali-

470 951 555 997 quid
572 950 790 984 remanserit.
810 949 836 982 T
840 961 973 995 umque
988 948 1134 982 demum
1150 948 1354 981 necessitate
1369 947 1572 993 compulsus
1584 974 1592 990 7
1611 948 1778 981 fratribus
1792 959 1855 992 per
1871 953 1987 980 totum

470 1022 603 1043 annum
628 1010 664 1042 iu
690 1009 843 1043 claustro
864 1008 1006 1042 reclusis
1028 1008 1178 1055 jugique
1205 1007 1341 1040 silentio
1360 1006 1524 1040 domitis.
1554 1012 1588 1039 et
1607 1019 1698 1052 quae
1722 1006 1806 1039 foris
1832 1006 1988 1053 ageban-

470 1076 528 1102 tur
542 1068 796 1109 nescientibus.¹
816 1079 889 1101 rem
904 1068 995 1101 sicut
1010 1073 1084 1100 erat
1100 1067 1134 1099 in
1153 1065 1307 1112 capitulo
1321 1066 1459 1111 aperuit
1471 1092 1479 1108 „
1497 1078 1662 1113 magnam
1679 1065 1810 1098 scilicet
1825 1064 1988 1098 multitu-

471 1128 590 1161 dinem
610 1127 768 1160 virorum
788 1138 827 1160 ac
847 1126 1035 1159 mulierum
1058 1137 1094 1159 se
1113 1125 1325 1170 suscepisse.
1352 1131 1387 1158 et
1404 1123 1501 1157 unde
1524 1123 1576 1157 vel
1598 1136 1669 1156 una
1693 1122 1750 1156 die
1775 1123 1932 1156 viverent
1952 1135 1988 1156 se

471 1199 543 1219 non
562 1186 705 1220 habere.
723 1184 966 1231 Obstupefacti
986 1196 1108 1217 omnes
1123 1183 1285 1217 admirati
1304 1189 1387 1217 sunt.
1405 1189 1539 1216 tantam
1555 1194 1629 1216 rem
1648 1194 1730 1215 eum
1751 1182 1825 1215 sine
1843 1181 1990 1227 alicujus

473 1245 617 1279 consilio
632 1245 753 1278 fecisse
763 1271 772 1287 w,
790 1250 1076 1291 rogaveruntque
1090 1255 1171 1276 eum
1186 1249 1226 1276 ut
1240 1243 1453 1276 exteriorum
1473 1254 1594 1275 curam
1609 1241 1711 1275 alicui
1731 1241 1806 1274 viro
1822 1240 1989 1286 prudenti

473 1304 710 1337 committeret
722 1330 730 1343 „
748 1303 822 1348 ipse
836 1314 919 1335 vero
933 1301 1114 1335 doctrinae
1134 1307 1168 1334 et
1189 1301 1289 1334 saluti
1304 1300 1503 1334 animarum
1524 1300 1697 1333 insisteret
1709 1327 1717 1342 2
1740 1311 1804 1333 nec
1823 1299 1989 1345 deinceps

478 1363 631 1408 aliquem
651 1362 784 1407 absque
803 1361 953 1394 fratrum
973 1360 1117 1393 consilio
1140 1359 1352 1404 susciperet7
1374 1365 1408 1392 et
1426 1370 1515 1404 quos
1538 1359 1770 1404 suscipiebat„
1798 1370 1869 1392 non
1890 1369 1989 1391 more

475 1421 704 1466 antiquorum
723 1419 841 1466 gravia
860 1425 894 1452 et
914 1418 1150 1464 importabilia
1169 1429 1274 1451 onera
1299 1416 1514 1462 imponendo
1535 1417 1719 1462 probaretff
1742 1416 1803 1450 sed
1822 1417 1990 1451 institutis

475 1487 509 1513 et
539 1479 659 1527 regula
684 1478 920 1512 Cluniacensis
946 1477 1106 1511 coenobii
1137 1482 1323 1510 contentus
1352 1482 1451 1509 esset.
1479 1475 1677 1521 Acquiescit
1702 1475 1816 1521 :abbas
1845 1475 1990 1509 consilio

475 1539 624 1572 fratrum
641 1564 648 1578 ‚
681 1538 871 1583 statimque
898 1536 1087 1569 Henricum
1115 1534 1283 1568 ordinans
1312 1534 1551 1568 cellerarium.
1580 1532 1768 1579 Radulpho
1800 1533 1991 1567 committit

475 1597 773 1643 praeposituram„
799 1595 1006 1639 sociumque
1037 1593 1068 1626 ei
1094 1592 1204 1626 donat
1225 1592 1444 1634 W'alterum7
1470 1591 1582 1624 filium
1607 1591 1773 1633 Huberfi,
1797 1591 1909 1638 iisque
1930 1591 1992 1625 tri-

476 1656 542 1689 bus
559 1655 668 1689 totius
687 1654 850 1688 ecclesiae
868 1652 1104 1699 provisionem
1126 1653 1160 1684 in
1180 1651 1412 1684 exterioribus
1432 1650 1685 1684 commendans
1697 1678 1705 1683 .
1731 1657 1771 1684 ut
1789 1650 1864 1684 sine
1881 1650 1991 1684 licen-

474 1714 520 1747 tia
548 1714 700 1747 claustro
721 1712 996 1760 egrederenturqv
1019 1711 1198 1756 permisit7
1223 1710 1388 1752 caeteris,
1411 1716 1450 1743 ut
1472 1721 1591 1743 secum
1614 1709 1775 1757 religioni
1799 1716 1833 1742 et
1854 1709 1991 1743 silentio

475 1774 663 1814 instarent5
685 1771 824 1805 indixit.
841 1770 894 1804 Illi
908 1770 951 1803 de
968 1770 1122 1815 capitulo
1142 1769 1270 1816 egressi
1285 1768 1475 1814 coquinam
1489 1768 1688 1811 introeunt,
1710 1768 1808 1815 quod
1823 1768 1992 1802 fratribus

475 1830 676 1877 praeparari
697 1835 814 1876 posset
834 1835 1030 1875 quaerunt7
1057 1827 1118 1861 sed
1145 1827 1232 1860 nihil
1252 1827 1447 1860 inveniunt.
1476 1825 1732 1873 Ingrediuntur
1753 1826 1882 1860 deinde
1906 1839 1991 1873 por-

476 1896 548 1923 tam
570 1889 687 1925 urbisq
712 1895 747 1921 et
765 1888 900 1921 civibus
920 1887 985 1920 sibi
1005 1886 1273 1920 occurrentibus
1300 1897 1339 1918 ac
1358 1884 1464 1918 veluti
1483 1883 1527 1918 de
1546 1885 1650 1933 longa
1665 1886 1814 1919 carceris
1832 1884 1992 1919 custodia

476 1948 604 1993 ereptis
618 1974 626 1989 ‚
644 1945 826 1993 quomodo
846 1957 881 1979 se
895 1945 1068 1979 haberent
1084 1943 1347 1990 inquirentibus
1360 1970 1369 1985 .‚
1387 1943 1435 1976 illi
1456 1943 1545 1976 laeto
1564 1943 1662 1976 vultu
1684 1943 1803 1977 omnia
1824 1955 1992 1989 prospera

475 2018 548 2040 esse
569 2004 805 2051 respondent³
834 2003 895 2037 sed
917 2009 996 2050 post
1021 2002 1204 2049 paululum
1229 2002 1278 2035 eis
1308 2001 1549 2035 necessitatem
1573 2001 1724 2035 fratrum
1751 2002 1989 2036 innotescunt.

479 2065 644 2098 Protinus
662 2065 753 2097 cives
767 2063 917 2097 invicem
938 2063 1197 2108 colloquentes5
1219 2068 1253 2094 et
1272 2061 1339 2094 alio
1358 2061 1598 2103 frumentum7
1619 2061 1686 2094 alio
1706 2060 1898 2108 siliginem„
1925 2061 1993 2095 alio

478 2124 575 2157 fabas
588 2150 596 2163 ἢ
613 2123 680 2156 alio
700 2122 776 2168 pisa
794 2121 917 2164 dante2
936 2133 995 2154 eos
1014 2120 1253 2154 confortantes
1265 2146 1273 2161 a
1296 2119 1424 2152 hilares
1443 2125 1478 2151 et
1497 2118 1604 2152 laetos
1620 2117 1665 2152 ad
1688 2120 1813 2152 fratres
1831 2119 1990 2153 mittunt.

477 2182 655 2222 Quantam
673 2180 686 2201 2
704 2186 822 2213 autem
847 2179 1003 2225 inopiam
1029 2179 1128 2225 panis
1147 2190 1281 2224 pauper
1306 2183 1500 2211 conventus
1518 2177 1577 2210 illo
1595 2189 1689 2212 anno
1708 2177 1846 2224 integro
1869 2183 1994 2223 pertu-

478 2241 571 2274 lerit.
596 2240 652 2273 vix
672 2238 767 2272 credi
794 2244 921 2284 potest.
947 2237 1027 2272 Sola
1049 2249 1158 2271 avena
1179 2237 1227 2270 eis
1253 2236 1452 2269 molebatur
1475 2235 1519 2269 de
1545 2235 1750 2269 molendino
1777 2236 1901 2279 relata,
1928 2247 1993 2269 nec

478 2299 595 2332 cribro
608 2325 616 2341 7
634 2310 698 2331 nec
713 2297 851 2331 tamisio
866 2297 1087 2345 purgabatur
1099 2296 1229 2337 farina,
1250 2295 1311 2329 sed
1325 2295 1442 2328 statim
1459 2306 1551 2340 aqua
1565 2293 1676 2328 calida
1691 2294 1875 2340 superfusa
1893 2294 1992 2340 panis

482 2356 606 2390 exinde
630 2356 748 2389 fiebat.
772 2355 937 2389 Monachi
955 2367 1058 2398 vero„
1082 2355 1174 2388 fame
1192 2354 1429 2396 tabescentes,
1451 2359 1547 2386 tanta
1566 2352 1730 2386 aviditate
1750 2364 1875 2399 panem
1893 2352 1992 2386 illum

517 2486 524 2504 ¹
548 2486 663 2519 Herim.‚
676 2486 744 2521 §69‚
759 2495 821 2521 pag.
835 2485 900 2512 910.
1223 2484 1235 2501 2
1256 2484 1372 2515 lierim.‚
1385 2484 1396 2518 ς)
1407 2483 1443 2509 70
1453 2502 1461 2515 ,
1474 2492 1537 2518 pag.
1552 2482 1617 2509 911.
