<?xml version="1.0" encoding="UTF-8"?>
<!DOCTYPE html PUBLIC "-//W3C//DTD XHTML 1.0 Transitional//EN"
    "http://www.w3.org/TR/xhtml1/DTD/xhtml1-transitional.dtd">
<html xmlns="http://www.w3.org/1999/xhtml" xml:lang="en" lang="en">
 <head>
  <title>
</title>
<meta http-equiv="Content-Type" content="text/html;charset=utf-8" />
  <meta name='ocr-system' content='tesseract 3.04.00' />
  <meta name='ocr-capabilities' content='ocr_page ocr_carea ocr_par ocr_line ocrx_word'/>
</head>
<body>
  <div class='ocr_page' id='page_1' title='image "./corpuschronicoru02smetuoft_0873.png"; bbox 0 0 2118 3184; ppageno 0'>
   <div class='ocr_carea' id='block_1_1' title="bbox 722 391 1622 427">
    <p class='ocr_par' dir='ltr' id='par_1_1' title="bbox 722 391 1622 427">
     <span class='ocr_line' id='line_1_1' title="bbox 722 391 1622 427; baseline -0.002 0"><span class='ocrx_word' id='word_1_1' title='bbox 722 391 1008 427; x_wconf 82' lang='lat' dir='ltr'><strong>APPENDICES.</strong></span> <span class='ocrx_word' id='word_1_2' title='bbox 1556 392 1622 426; x_wconf 67' lang='lat'>841</span> 
     </span>
    </p>
   </div>
   <div class='ocr_carea' id='block_1_2' title="bbox 804 521 937 556">
    <p class='ocr_par' dir='ltr' id='par_1_2' title="bbox 804 521 937 556">
     <span class='ocr_line' id='line_1_2' title="bbox 804 521 937 556; baseline -0.008 0"><span class='ocrx_word' id='word_1_3' title='bbox 804 521 937 556; x_wconf 83' lang='lat' dir='ltr'>CXXV.</span> 
     </span>
    </p>
   </div>
   <div class='ocr_carea' id='block_1_3' title="bbox 155 620 1587 717">
    <p class='ocr_par' dir='ltr' id='par_1_3' title="bbox 155 620 1587 717">
     <span class='ocr_line' id='line_1_3' title="bbox 155 620 1587 670; baseline -0.001 -11"><span class='ocrx_word' id='word_1_4' title='bbox 155 624 219 659; x_wconf 73' lang='lat' dir='ltr'>Les</span> <span class='ocrx_word' id='word_1_5' title='bbox 232 625 334 658; x_wconf 73' lang='lat' dir='ltr'>abbe&#39;s</span> <span class='ocrx_word' id='word_1_6' title='bbox 349 624 390 658; x_wconf 73' lang='lat' dir='ltr'>de</span> <span class='ocrx_word' id='word_1_7' title='bbox 416 623 589 657; x_wconf 60' lang='lat' dir='ltr'>Ver-mans</span> <span class='ocrx_word' id='word_1_8' title='bbox 602 628 635 656; x_wconf 80' lang='lat' dir='ltr'>et</span> <span class='ocrx_word' id='word_1_9' title='bbox 650 622 691 656; x_wconf 82' lang='lat' dir='ltr'>de</span> <span class='ocrx_word' id='word_1_10' title='bbox 707 620 844 656; x_wconf 77' lang='lat' dir='ltr'>Ninove</span> <span class='ocrx_word' id='word_1_11' title='bbox 858 624 1094 658; x_wconf 63' lang='lat' dir='ltr'>ronow-allent</span> <span class='ocrx_word' id='word_1_12' title='bbox 1105 626 1152 659; x_wconf 75' lang='lat' dir='ltr'>les</span> <span class='ocrx_word' id='word_1_13' title='bbox 1165 626 1251 659; x_wconf 75' lang='lat' dir='ltr'>le&#39;ens</span> <span class='ocrx_word' id='word_1_14' title='bbox 1264 625 1305 659; x_wconf 85' lang='lat' dir='ltr'>de</span> <span class='ocrx_word' id='word_1_15' title='bbox 1320 624 1513 669; x_wconf 67' lang='lat' dir='ltr'>fraternz&#39;te&#39;</span> <span class='ocrx_word' id='word_1_16' title='bbox 1522 627 1587 670; x_wconf 74' lang='lat' dir='ltr'>qui</span> 
     </span>
     <span class='ocr_line' id='line_1_4' title="bbox 497 679 1237 717; baseline 0.004 -3"><span class='ocrx_word' id='word_1_17' title='bbox 497 683 659 714; x_wconf 72' lang='lat' dir='ltr'>unisse‘nt</span> <span class='ocrx_word' id='word_1_18' title='bbox 674 679 720 714; x_wconf 79' lang='lat' dir='ltr'>les</span> <span class='ocrx_word' id='word_1_19' title='bbox 737 679 832 713; x_wconf 72' lang='lat' dir='ltr'>deux·</span> <span class='ocrx_word' id='word_1_20' title='bbox 848 687 1022 715; x_wconf 69' lang='lat' dir='ltr'>con-venes.</span> <span class='ocrx_word' id='word_1_21' title='bbox 1039 702 1086 708; x_wconf 92' lang='lat'>—</span> <span class='ocrx_word' id='word_1_22' title='bbox 1107 683 1237 717; x_wconf 71' lang='lat' dir='ltr'>Divmzs.</span> 
     </span>
    </p>
   </div>
   <div class='ocr_carea' id='block_1_4' title="bbox 828 850 900 873">
    <p class='ocr_par' dir='ltr' id='par_1_4' title="bbox 828 850 900 873">
     <span class='ocr_line' id='line_1_5' title="bbox 828 850 900 873; baseline -0.014 0"><span class='ocrx_word' id='word_1_23' title='bbox 828 850 900 873; x_wconf 69' lang='lat'>1220.</span> 
     </span>
    </p>
   </div>
   <div class='ocr_carea' id='block_1_5' title="bbox 107 920 1627 1513">
    <p class='ocr_par' dir='ltr' id='par_1_5' title="bbox 107 920 1627 1513">
     <span class='ocr_line' id='line_1_6' title="bbox 147 920 1626 959; baseline 0 -11"><span class='ocrx_word' id='word_1_24' title='bbox 147 921 179 948; x_wconf 89' lang='lat' dir='ltr'>In</span> <span class='ocrx_word' id='word_1_25' title='bbox 193 922 300 948; x_wconf 87' lang='lat' dir='ltr'>nomine</span> <span class='ocrx_word' id='word_1_26' title='bbox 315 921 402 948; x_wconf 81' lang='lat' dir='ltr'>Patris</span> <span class='ocrx_word' id='word_1_27' title='bbox 415 926 442 948; x_wconf 86' lang='lat' dir='ltr'>et</span> <span class='ocrx_word' id='word_1_28' title='bbox 460 921 518 948; x_wconf 89' lang='lat' dir='ltr'>Filii</span> <span class='ocrx_word' id='word_1_29' title='bbox 535 926 562 947; x_wconf 88' lang='lat' dir='ltr'>et</span> <span class='ocrx_word' id='word_1_30' title='bbox 575 920 694 956; x_wconf 83' lang='lat' dir='ltr'>Spiritus</span> <span class='ocrx_word' id='word_1_31' title='bbox 710 920 813 947; x_wconf 81' lang='lat' dir='ltr'>Sancti.</span> <span class='ocrx_word' id='word_1_32' title='bbox 830 921 886 957; x_wconf 82' lang='lat' dir='ltr'>Ego</span> <span class='ocrx_word' id='word_1_33' title='bbox 902 921 977 948; x_wconf 90' lang='lat' dir='ltr'>Paris</span> <span class='ocrx_word' id='word_1_34' title='bbox 992 922 1026 948; x_wconf 87' lang='lat' dir='ltr'>de</span> <span class='ocrx_word' id='word_1_35' title='bbox 1045 921 1171 949; x_wconf 79' lang='lat' dir='ltr'>Vermam</span> <span class='ocrx_word' id='word_1_36' title='bbox 1183 927 1211 949; x_wconf 90' lang='lat' dir='ltr'>et</span> <span class='ocrx_word' id='word_1_37' title='bbox 1225 922 1387 959; x_wconf 83' lang='lat' dir='ltr'>Radulphus</span> <span class='ocrx_word' id='word_1_38' title='bbox 1402 922 1436 949; x_wconf 87' lang='lat' dir='ltr'>de</span> <span class='ocrx_word' id='word_1_39' title='bbox 1451 922 1544 949; x_wconf 83' lang='lat' dir='ltr'>Ninive</span> <span class='ocrx_word' id='word_1_40' title='bbox 1556 943 1562 955; x_wconf 76' lang='grc'><em>,</em></span> <span class='ocrx_word' id='word_1_41' title='bbox 1577 922 1626 948; x_wconf 89' lang='lat' dir='ltr'>Dei</span> 
     </span>
     <span class='ocr_line' id='line_1_7' title="bbox 107 968 1624 1005; baseline 0.001 -11"><span class='ocrx_word' id='word_1_42' title='bbox 107 969 196 1004; x_wconf 78' lang='lat' dir='ltr'>gratia</span> <span class='ocrx_word' id='word_1_43' title='bbox 207 968 273 994; x_wconf 89' lang='lat' dir='ltr'>dicti</span> <span class='ocrx_word' id='word_1_44' title='bbox 287 968 413 999; x_wconf 78' lang='lat' dir='ltr'>abbates,</span> <span class='ocrx_word' id='word_1_45' title='bbox 429 973 483 994; x_wconf 86' lang='lat' dir='ltr'>tam</span> <span class='ocrx_word' id='word_1_46' title='bbox 497 968 687 1003; x_wconf 83' lang='lat' dir='ltr'>praesentibus</span> <span class='ocrx_word' id='word_1_47' title='bbox 701 977 782 1003; x_wconf 82' lang='lat' dir='ltr'>quam</span> <span class='ocrx_word' id='word_1_48' title='bbox 801 968 902 995; x_wconf 85' lang='lat' dir='ltr'>suturis</span> <span class='ocrx_word' id='word_1_49' title='bbox 916 969 942 994; x_wconf 94' lang='lat' dir='ltr'>in</span> <span class='ocrx_word' id='word_1_50' title='bbox 960 974 1135 1004; x_wconf 87' lang='lat' dir='ltr'>perpetuum.</span> <span class='ocrx_word' id='word_1_51' title='bbox 1150 969 1249 996; x_wconf 81' lang='lat' dir='ltr'>Notum</span> <span class='ocrx_word' id='word_1_52' title='bbox 1263 971 1299 996; x_wconf 84' lang='lat' dir='ltr'>sit</span> <span class='ocrx_word' id='word_1_53' title='bbox 1319 970 1446 996; x_wconf 86' lang='lat' dir='ltr'>omnibus</span> <span class='ocrx_word' id='word_1_54' title='bbox 1467 969 1519 996; x_wconf 90' lang='lat' dir='ltr'>hoc</span> <span class='ocrx_word' id='word_1_55' title='bbox 1537 970 1624 1005; x_wconf 86' lang='lat' dir='ltr'>scrip-</span> 
     </span>
     <span class='ocr_line' id='line_1_8' title="bbox 108 1015 1625 1052; baseline 0 -10"><span class='ocrx_word' id='word_1_56' title='bbox 108 1021 166 1043; x_wconf 87' lang='lat' dir='ltr'>tum</span> <span class='ocrx_word' id='word_1_57' title='bbox 178 1016 342 1051; x_wconf 87' lang='lat' dir='ltr'>inspecturis</span> <span class='ocrx_word' id='word_1_58' title='bbox 352 1037 359 1049; x_wconf 89' lang='lat'>,</span> <span class='ocrx_word' id='word_1_59' title='bbox 375 1015 450 1051; x_wconf 89' lang='lat' dir='ltr'>quod</span> <span class='ocrx_word' id='word_1_60' title='bbox 461 1021 575 1051; x_wconf 89' lang='lat' dir='ltr'>propter</span> <span class='ocrx_word' id='word_1_61' title='bbox 589 1015 733 1042; x_wconf 82' lang='lat' dir='ltr'>fovendam</span> <span class='ocrx_word' id='word_1_62' title='bbox 747 1021 774 1042; x_wconf 92' lang='lat' dir='ltr'>et</span> <span class='ocrx_word' id='word_1_63' title='bbox 783 1017 957 1043; x_wconf 81' lang='lat' dir='ltr'>nutriendam</span> <span class='ocrx_word' id='word_1_64' title='bbox 970 1017 1134 1043; x_wconf 78' lang='lat' dir='ltr'>affectuosae</span> <span class='ocrx_word' id='word_1_65' title='bbox 1149 1017 1339 1043; x_wconf 85' lang='lat' dir='ltr'>familiaritatis</span> <span class='ocrx_word' id='word_1_66' title='bbox 1350 1018 1493 1044; x_wconf 84' lang='lat' dir='ltr'>amicitiam</span> <span class='ocrx_word' id='word_1_67' title='bbox 1504 1038 1511 1050; x_wconf 78' lang='lat'>‚</span> <span class='ocrx_word' id='word_1_68' title='bbox 1526 1026 1597 1052; x_wconf 85' lang='lat' dir='ltr'>quae</span> <span class='ocrx_word' id='word_1_69' title='bbox 1610 1026 1625 1042; x_wconf 92' lang='lat' dir='ltr'>a</span> 
     </span>
     <span class='ocr_line' id='line_1_9' title="bbox 107 1062 1627 1100; baseline 0.001 -12"><span class='ocrx_word' id='word_1_70' title='bbox 107 1062 205 1089; x_wconf 82' lang='lat' dir='ltr'>diebus</span> <span class='ocrx_word' id='word_1_71' title='bbox 217 1063 338 1098; x_wconf 85' lang='lat' dir='ltr'>antiquis</span> <span class='ocrx_word' id='word_1_72' title='bbox 349 1064 422 1089; x_wconf 84' lang='lat' dir='ltr'>iuter</span> <span class='ocrx_word' id='word_1_73' title='bbox 435 1062 563 1089; x_wconf 83' lang='lat' dir='ltr'>ecclesias</span> <span class='ocrx_word' id='word_1_74' title='bbox 576 1067 684 1089; x_wconf 80' lang='lat' dir='ltr'>nostras</span> <span class='ocrx_word' id='word_1_75' title='bbox 696 1067 723 1089; x_wconf 86' lang='lat' dir='ltr'>et</span> <span class='ocrx_word' id='word_1_76' title='bbox 738 1062 962 1098; x_wconf 83' lang='lat' dir='ltr'>praedecessores</span> <span class='ocrx_word' id='word_1_77' title='bbox 972 1068 1082 1089; x_wconf 87' lang='lat' dir='ltr'>nostros</span> <span class='ocrx_word' id='word_1_78' title='bbox 1094 1064 1253 1090; x_wconf 88' lang='lat' dir='ltr'>inconcussa</span> <span class='ocrx_word' id='word_1_79' title='bbox 1266 1073 1373 1100; x_wconf 84' lang='lat' dir='ltr'>semper</span> <span class='ocrx_word' id='word_1_80' title='bbox 1383 1065 1485 1100; x_wconf 72' lang='lat' dir='ltr'>viguit,</span> <span class='ocrx_word' id='word_1_81' title='bbox 1499 1064 1533 1090; x_wconf 83' lang='lat' dir='ltr'>ad</span> <span class='ocrx_word' id='word_1_82' title='bbox 1547 1065 1627 1090; x_wconf 90' lang='lat' dir='ltr'>robo-</span> 
     </span>
     <span class='ocr_line' id='line_1_10' title="bbox 108 1109 1627 1146; baseline 0.001 -10"><span class='ocrx_word' id='word_1_83' title='bbox 108 1109 219 1136; x_wconf 84' lang='lat' dir='ltr'>randam</span> <span class='ocrx_word' id='word_1_84' title='bbox 241 1119 353 1146; x_wconf 86' lang='lat' dir='ltr'>quoque</span> <span class='ocrx_word' id='word_1_85' title='bbox 372 1115 399 1136; x_wconf 89' lang='lat' dir='ltr'>et</span> <span class='ocrx_word' id='word_1_86' title='bbox 417 1110 598 1146; x_wconf 83' lang='lat' dir='ltr'>ampliandam</span> <span class='ocrx_word' id='word_1_87' title='bbox 617 1115 728 1136; x_wconf 87' lang='lat' dir='ltr'>mutuae</span> <span class='ocrx_word' id='word_1_88' title='bbox 748 1111 869 1137; x_wconf 85' lang='lat' dir='ltr'>caritatis</span> <span class='ocrx_word' id='word_1_89' title='bbox 886 1111 1067 1142; x_wconf 70' lang='lat' dir='ltr'>affluentiam,</span> <span class='ocrx_word' id='word_1_90' title='bbox 1092 1111 1126 1137; x_wconf 92' lang='lat' dir='ltr'>de</span> <span class='ocrx_word' id='word_1_91' title='bbox 1143 1112 1278 1138; x_wconf 90' lang='lat' dir='ltr'>communi</span> <span class='ocrx_word' id='word_1_92' title='bbox 1297 1121 1447 1142; x_wconf 77' lang='lat' dir='ltr'>consensu,</span> <span class='ocrx_word' id='word_1_93' title='bbox 1467 1112 1627 1146; x_wconf 86' lang='lat' dir='ltr'>hujusmodi</span> 
     </span>
     <span class='ocr_line' id='line_1_11' title="bbox 107 1156 1625 1193; baseline 0.001 -11"><span class='ocrx_word' id='word_1_94' title='bbox 107 1157 220 1184; x_wconf 77' lang='lat' dir='ltr'>fecimus</span> <span class='ocrx_word' id='word_1_95' title='bbox 234 1157 371 1183; x_wconf 85' lang='lat' dir='ltr'>societatis</span> <span class='ocrx_word' id='word_1_96' title='bbox 382 1156 661 1183; x_wconf 77' lang='lat' dir='ltr'>confoederationem.</span> <span class='ocrx_word' id='word_1_97' title='bbox 675 1157 788 1192; x_wconf 81' lang='lat' dir='ltr'>Quoties</span> <span class='ocrx_word' id='word_1_98' title='bbox 802 1157 928 1183; x_wconf 86' lang='lat' dir='ltr'>videlicet</span> <span class='ocrx_word' id='word_1_99' title='bbox 942 1157 1041 1193; x_wconf 87' lang='lat' dir='ltr'>aliquis</span> <span class='ocrx_word' id='word_1_100' title='bbox 1056 1157 1167 1184; x_wconf 85' lang='lat' dir='ltr'>fratrem</span> <span class='ocrx_word' id='word_1_101' title='bbox 1181 1159 1208 1184; x_wconf 92' lang='lat' dir='ltr'>in</span> <span class='ocrx_word' id='word_1_102' title='bbox 1224 1158 1355 1185; x_wconf 86' lang='lat' dir='ltr'>utralibet</span> <span class='ocrx_word' id='word_1_103' title='bbox 1373 1158 1486 1185; x_wconf 80' lang='lat' dir='ltr'>ecclesia</span> <span class='ocrx_word' id='word_1_104' title='bbox 1506 1159 1606 1185; x_wconf 88' lang='lat' dir='ltr'>obierit</span> <span class='ocrx_word' id='word_1_105' title='bbox 1619 1180 1625 1191; x_wconf 84' lang='lat'>‚</span> 
     </span>
     <span class='ocr_line' id='line_1_12' title="bbox 107 1204 1626 1241; baseline 0 -10"><span class='ocrx_word' id='word_1_106' title='bbox 107 1209 135 1231; x_wconf 85' lang='lat' dir='ltr'>et</span> <span class='ocrx_word' id='word_1_107' title='bbox 146 1204 225 1231; x_wconf 87' lang='lat' dir='ltr'>alteri</span> <span class='ocrx_word' id='word_1_108' title='bbox 238 1205 393 1231; x_wconf 86' lang='lat' dir='ltr'>nuntiatum</span> <span class='ocrx_word' id='word_1_109' title='bbox 404 1204 498 1237; x_wconf 85' lang='lat' dir='ltr'>suerit,</span> <span class='ocrx_word' id='word_1_110' title='bbox 513 1205 603 1230; x_wconf 83' lang='lat' dir='ltr'>statim</span> <span class='ocrx_word' id='word_1_111' title='bbox 615 1213 665 1239; x_wconf 89' lang='lat' dir='ltr'>pro</span> <span class='ocrx_word' id='word_1_112' title='bbox 675 1213 708 1230; x_wconf 90' lang='lat' dir='ltr'>eo</span> <span class='ocrx_word' id='word_1_113' title='bbox 717 1204 869 1240; x_wconf 87' lang='lat' dir='ltr'>plenarium</span> <span class='ocrx_word' id='word_1_114' title='bbox 883 1205 930 1231; x_wconf 83' lang='lat' dir='ltr'>fiet</span> <span class='ocrx_word' id='word_1_115' title='bbox 941 1205 1066 1231; x_wconf 87' lang='lat' dir='ltr'>officium.</span> <span class='ocrx_word' id='word_1_116' title='bbox 1081 1206 1107 1231; x_wconf 87' lang='lat' dir='ltr'>in</span> <span class='ocrx_word' id='word_1_117' title='bbox 1118 1205 1217 1241; x_wconf 73' lang='lat' dir='ltr'>vigiliis</span> <span class='ocrx_word' id='word_1_118' title='bbox 1227 1226 1234 1238; x_wconf 90' lang='lat'>,</span> <span class='ocrx_word' id='word_1_119' title='bbox 1250 1206 1329 1232; x_wconf 87' lang='lat' dir='ltr'>missa</span> <span class='ocrx_word' id='word_1_120' title='bbox 1343 1211 1370 1232; x_wconf 92' lang='lat' dir='ltr'>et</span> <span class='ocrx_word' id='word_1_121' title='bbox 1381 1215 1478 1241; x_wconf 77' lang='lat' dir='ltr'>magna</span> <span class='ocrx_word' id='word_1_122' title='bbox 1491 1215 1626 1232; x_wconf 73' lang='lat' dir='ltr'>commen-</span> 
     </span>
     <span class='ocr_line' id='line_1_13' title="bbox 108 1245 1625 1288; baseline 0.001 -10"><span class='ocrx_word' id='word_1_123' title='bbox 108 1252 218 1278; x_wconf 84' lang='lat' dir='ltr'>datione</span> <span class='ocrx_word' id='word_1_124' title='bbox 226 1256 253 1278; x_wconf 90' lang='lat' dir='ltr'>et</span> <span class='ocrx_word' id='word_1_125' title='bbox 263 1252 344 1277; x_wconf 90' lang='lat' dir='ltr'>etiam</span> <span class='ocrx_word' id='word_1_126' title='bbox 354 1251 490 1286; x_wconf 88' lang='lat' dir='ltr'>corporali</span> <span class='ocrx_word' id='word_1_127' title='bbox 500 1251 653 1286; x_wconf 71' lang='lat' dir='ltr'>disciplina,</span> <span class='ocrx_word' id='word_1_128' title='bbox 668 1260 728 1277; x_wconf 89' lang='lat' dir='ltr'>cum</span> <span class='ocrx_word' id='word_1_129' title='bbox 743 1251 900 1286; x_wconf 85' lang='lat' dir='ltr'>praebenda</span> <span class='ocrx_word' id='word_1_130' title='bbox 910 1252 990 1277; x_wconf 85' lang='lat' dir='ltr'>unius</span> <span class='ocrx_word' id='word_1_131' title='bbox 1001 1252 1067 1285; x_wconf 76' lang='lat' dir='ltr'>diei,</span> <span class='ocrx_word' id='word_1_132' title='bbox 1079 1245 1149 1278; x_wconf 69' lang='lat' dir='ltr'>sicut</span> <span class='ocrx_word' id='word_1_133' title='bbox 1160 1262 1211 1288; x_wconf 88' lang='lat' dir='ltr'>pro</span> <span class='ocrx_word' id='word_1_134' title='bbox 1221 1252 1306 1279; x_wconf 81' lang='lat' dir='ltr'>fratre</span> <span class='ocrx_word' id='word_1_135' title='bbox 1315 1253 1444 1279; x_wconf 85' lang='lat' dir='ltr'>ecclesiae</span> <span class='ocrx_word' id='word_1_136' title='bbox 1455 1253 1625 1288; x_wconf 85' lang='lat' dir='ltr'>pauperibus</span> 
     </span>
     <span class='ocr_line' id='line_1_14' title="bbox 107 1297 1625 1336; baseline 0.002 -13"><span class='ocrx_word' id='word_1_137' title='bbox 107 1297 255 1334; x_wconf 79' lang='lat' dir='ltr'>eroganda.</span> <span class='ocrx_word' id='word_1_138' title='bbox 266 1297 383 1333; x_wconf 83' lang='lat' dir='ltr'>Insuper</span> <span class='ocrx_word' id='word_1_139' title='bbox 393 1297 509 1332; x_wconf 84' lang='lat' dir='ltr'>quilibet</span> <span class='ocrx_word' id='word_1_140' title='bbox 520 1297 647 1324; x_wconf 84' lang='lat' dir='ltr'>sacerdos</span> <span class='ocrx_word' id='word_1_141' title='bbox 658 1297 803 1332; x_wconf 86' lang='lat' dir='ltr'>specialem</span> <span class='ocrx_word' id='word_1_142' title='bbox 815 1303 843 1324; x_wconf 87' lang='lat' dir='ltr'>et</span> <span class='ocrx_word' id='word_1_143' title='bbox 855 1299 961 1324; x_wconf 80' lang='lat' dir='ltr'>missam</span> <span class='ocrx_word' id='word_1_144' title='bbox 972 1308 1023 1333; x_wconf 90' lang='lat' dir='ltr'>pro</span> <span class='ocrx_word' id='word_1_145' title='bbox 1033 1298 1180 1331; x_wconf 74' lang='lat' dir='ltr'>defunctis,</span> <span class='ocrx_word' id='word_1_146' title='bbox 1195 1300 1279 1335; x_wconf 90' lang='lat' dir='ltr'>etqui</span> <span class='ocrx_word' id='word_1_147' title='bbox 1291 1299 1418 1326; x_wconf 89' lang='lat' dir='ltr'>sacerdos</span> <span class='ocrx_word' id='word_1_148' title='bbox 1426 1309 1480 1326; x_wconf 93' lang='lat' dir='ltr'>non</span> <span class='ocrx_word' id='word_1_149' title='bbox 1492 1305 1533 1326; x_wconf 88' lang='lat' dir='ltr'>est</span> <span class='ocrx_word' id='word_1_150' title='bbox 1546 1300 1625 1336; x_wconf 84' lang='lat' dir='ltr'>quin-</span> 
     </span>
     <span class='ocr_line' id='line_1_15' title="bbox 108 1344 1623 1382; baseline 0.001 -11"><span class='ocrx_word' id='word_1_151' title='bbox 108 1345 292 1382; x_wconf 80' lang='lat' dir='ltr'>quagesimam</span> <span class='ocrx_word' id='word_1_152' title='bbox 303 1344 480 1380; x_wconf 67' lang='lat' dir='ltr'>psalmorum,</span> <span class='ocrx_word' id='word_1_153' title='bbox 494 1349 522 1370; x_wconf 87' lang='lat' dir='ltr'>et</span> <span class='ocrx_word' id='word_1_154' title='bbox 534 1353 684 1371; x_wconf 87' lang='lat' dir='ltr'>conversus</span> <span class='ocrx_word' id='word_1_155' title='bbox 697 1344 813 1380; x_wconf 84' lang='lat' dir='ltr'>quilibet</span> <span class='ocrx_word' id='word_1_156' title='bbox 826 1350 935 1371; x_wconf 90' lang='lat' dir='ltr'>centum</span> <span class='ocrx_word' id='word_1_157' title='bbox 949 1345 1033 1371; x_wconf 82' lang='lat' dir='ltr'>Pater</span> <span class='ocrx_word' id='word_1_158' title='bbox 1047 1345 1140 1371; x_wconf 76' lang='lat' dir='ltr'>Noster</span> <span class='ocrx_word' id='word_1_159' title='bbox 1153 1346 1301 1381; x_wconf 87' lang='lat' dir='ltr'>persolvet.</span> <span class='ocrx_word' id='word_1_160' title='bbox 1312 1346 1349 1373; x_wconf 93' lang='lat' dir='ltr'>Ut</span> <span class='ocrx_word' id='word_1_161' title='bbox 1357 1352 1447 1373; x_wconf 88' lang='lat' dir='ltr'>autem</span> <span class='ocrx_word' id='word_1_162' title='bbox 1459 1346 1524 1373; x_wconf 87' lang='lat' dir='ltr'>haec</span> <span class='ocrx_word' id='word_1_163' title='bbox 1538 1347 1623 1373; x_wconf 87' lang='lat' dir='ltr'>devo-</span> 
     </span>
     <span class='ocr_line' id='line_1_16' title="bbox 108 1391 1622 1429; baseline 0.002 -11"><span class='ocrx_word' id='word_1_164' title='bbox 108 1397 152 1418; x_wconf 88' lang='lat' dir='ltr'>tae</span> <span class='ocrx_word' id='word_1_165' title='bbox 165 1392 303 1428; x_wconf 85' lang='lat' dir='ltr'>pensionis</span> <span class='ocrx_word' id='word_1_166' title='bbox 317 1393 388 1418; x_wconf 90' lang='lat' dir='ltr'>inter</span> <span class='ocrx_word' id='word_1_167' title='bbox 401 1401 450 1418; x_wconf 89' lang='lat' dir='ltr'>nos</span> <span class='ocrx_word' id='word_1_168' title='bbox 461 1391 592 1427; x_wconf 77' lang='lat' dir='ltr'>obligatio</span> <span class='ocrx_word' id='word_1_169' title='bbox 603 1391 766 1418; x_wconf 86' lang='lat' dir='ltr'>inviolabilis</span> <span class='ocrx_word' id='word_1_170' title='bbox 778 1392 804 1418; x_wconf 92' lang='lat' dir='ltr'>in</span> <span class='ocrx_word' id='word_1_171' title='bbox 820 1397 961 1418; x_wconf 88' lang='lat' dir='ltr'>aeternum</span> <span class='ocrx_word' id='word_1_172' title='bbox 976 1392 1155 1425; x_wconf 76' lang='lat' dir='ltr'>observetur,</span> <span class='ocrx_word' id='word_1_173' title='bbox 1169 1398 1197 1419; x_wconf 90' lang='lat' dir='ltr'>et</span> <span class='ocrx_word' id='word_1_174' title='bbox 1210 1394 1237 1419; x_wconf 86' lang='lat' dir='ltr'>in</span> <span class='ocrx_word' id='word_1_175' title='bbox 1250 1394 1396 1429; x_wconf 88' lang='lat' dir='ltr'>utriusque</span> <span class='ocrx_word' id='word_1_176' title='bbox 1407 1394 1518 1429; x_wconf 86' lang='lat' dir='ltr'>capituli</span> <span class='ocrx_word' id='word_1_177' title='bbox 1529 1394 1622 1420; x_wconf 84' lang='lat' dir='ltr'>kalen-</span> 
     </span>
     <span class='ocr_line' id='line_1_17' title="bbox 107 1438 1619 1477; baseline 0.002 -13"><span class='ocrx_word' id='word_1_178' title='bbox 107 1439 186 1465; x_wconf 85' lang='lat' dir='ltr'>dario</span> <span class='ocrx_word' id='word_1_179' title='bbox 206 1443 367 1471; x_wconf 80' lang='lat' dir='ltr'>annotetur,</span> <span class='ocrx_word' id='word_1_180' title='bbox 389 1438 493 1474; x_wconf 90' lang='lat' dir='ltr'>placuit</span> <span class='ocrx_word' id='word_1_181' title='bbox 514 1438 566 1464; x_wconf 89' lang='lat' dir='ltr'>hoc</span> <span class='ocrx_word' id='word_1_182' title='bbox 582 1439 714 1474; x_wconf 85' lang='lat' dir='ltr'>scriptum</span> <span class='ocrx_word' id='word_1_183' title='bbox 734 1439 990 1475; x_wconf 79' lang='lat' dir='ltr'>cyrograpbisatum</span> <span class='ocrx_word' id='word_1_184' title='bbox 1008 1440 1110 1466; x_wconf 88' lang='lat' dir='ltr'>mutuis</span> <span class='ocrx_word' id='word_1_185' title='bbox 1127 1439 1221 1477; x_wconf 82' lang='lat' dir='ltr'>sigillis</span> <span class='ocrx_word' id='word_1_186' title='bbox 1240 1440 1374 1467; x_wconf 86' lang='lat' dir='ltr'>roborare</span> <span class='ocrx_word' id='word_1_187' title='bbox 1394 1445 1423 1467; x_wconf 90' lang='lat' dir='ltr'>et</span> <span class='ocrx_word' id='word_1_188' title='bbox 1442 1442 1619 1468; x_wconf 86' lang='lat' dir='ltr'>auctorisare.</span> 
     </span>
     <span class='ocr_line' id='line_1_18' title="bbox 109 1483 1511 1513; baseline 0 -1"><span class='ocrx_word' id='word_1_189' title='bbox 109 1486 205 1512; x_wconf 80' lang='lat' dir='ltr'>Actum</span> <span class='ocrx_word' id='word_1_190' title='bbox 218 1495 290 1512; x_wconf 89' lang='lat' dir='ltr'>anno</span> <span class='ocrx_word' id='word_1_191' title='bbox 300 1485 450 1513; x_wconf 87' lang='lat' dir='ltr'>dominicae</span> <span class='ocrx_word' id='word_1_192' title='bbox 464 1486 663 1512; x_wconf 84' lang='lat' dir='ltr'>Incarnationis</span> <span class='ocrx_word' id='word_1_193' title='bbox 674 1485 801 1513; x_wconf 79' lang='lat' dir='ltr'><strong>MCCXX.</strong></span> <span class='ocrx_word' id='word_1_194' title='bbox 1509 1483 1511 1486; x_wconf 71' lang='grc'><strong>’</strong></span> 
     </span>
    </p>
   </div>
   <div class='ocr_carea' id='block_1_6' title="bbox 1201 1543 1488 1568">
    <p class='ocr_par' dir='ltr' id='par_1_6' title="bbox 1201 1543 1488 1568">
     <span class='ocr_line' id='line_1_19' title="bbox 1201 1543 1488 1568; baseline 0.003 -1"><span class='ocrx_word' id='word_1_195' title='bbox 1201 1543 1332 1568; x_wconf 78' lang='lat' dir='ltr'>cartulaire</span> <span class='ocrx_word' id='word_1_196' title='bbox 1343 1544 1371 1568; x_wconf 86' lang='lat' dir='ltr'>de</span> <span class='ocrx_word' id='word_1_197' title='bbox 1382 1544 1488 1568; x_wconf 74' lang='lat' dir='ltr'>Malines.</span> 
     </span>
    </p>
   </div>
   <div class='ocr_carea' id='block_1_7' title="bbox 825 1628 898 1639">
    <p class='ocr_par' dir='ltr' id='par_1_7' title="bbox 825 1628 898 1639">
     <span class='ocr_line' id='line_1_20' title="bbox 825 1628 898 1639; textangle 90"><span class='ocrx_word' id='word_1_198' title='bbox 825 1628 898 1639; x_wconf 73' lang='lat' dir='ltr'>l</span> 
     </span>
    </p>
   </div>
   <div class='ocr_carea' id='block_1_8' title="bbox 793 1787 943 1822">
    <p class='ocr_par' dir='ltr' id='par_1_8' title="bbox 793 1787 943 1822">
     <span class='ocr_line' id='line_1_21' title="bbox 793 1787 943 1822; baseline -0.007 0"><span class='ocrx_word' id='word_1_199' title='bbox 793 1787 943 1822; x_wconf 86' lang='lat' dir='ltr'>CXXVI.</span> 
     </span>
    </p>
   </div>
   <div class='ocr_carea' id='block_1_9' title="bbox 112 1881 1615 1931">
    <p class='ocr_par' dir='ltr' id='par_1_9' title="bbox 112 1881 1615 1931">
     <span class='ocr_line' id='line_1_22' title="bbox 112 1881 1615 1931; baseline 0.004 -16"><span class='ocrx_word' id='word_1_200' title='bbox 112 1881 272 1924; x_wconf 78' lang='lat' dir='ltr'>Gautier,</span> <span class='ocrx_word' id='word_1_201' title='bbox 292 1882 405 1929; x_wconf 80' lang='lat' dir='ltr'>doyen</span> <span class='ocrx_word' id='word_1_202' title='bbox 421 1882 462 1916; x_wconf 78' lang='lat' dir='ltr'>de</span> <span class='ocrx_word' id='word_1_203' title='bbox 474 1881 578 1917; x_wconf 82' lang='lat' dir='ltr'>Halle</span> <span class='ocrx_word' id='word_1_204' title='bbox 586 1910 596 1926; x_wconf 88' lang='lat'><em>,</em></span> <span class='ocrx_word' id='word_1_205' title='bbox 615 1883 750 1918; x_wconf 80' lang='lat' dir='ltr'>de&#39;clare</span> <span class='ocrx_word' id='word_1_206' title='bbox 762 1897 828 1930; x_wconf 82' lang='lat' dir='ltr'>que</span> <span class='ocrx_word' id='word_1_207' title='bbox 845 1884 978 1928; x_wconf 79' lang='lat' dir='ltr'>Solzz&#39;er,</span> <span class='ocrx_word' id='word_1_208' title='bbox 993 1884 1113 1931; x_wconf 65' lang='lat' dir='ltr'>pretre</span> <span class='ocrx_word' id='word_1_209' title='bbox 1127 1891 1160 1919; x_wconf 82' lang='lat' dir='ltr'>et</span> <span class='ocrx_word' id='word_1_210' title='bbox 1179 1884 1349 1920; x_wconf 75' lang='lat' dir='ltr'>chanoz&#39;ne</span> <span class='ocrx_word' id='word_1_211' title='bbox 1366 1885 1407 1920; x_wconf 83' lang='lat' dir='ltr'>de</span> <span class='ocrx_word' id='word_1_212' title='bbox 1420 1885 1615 1929; x_wconf 70' lang='lat' dir='ltr'>Meerheke,</span> 
     </span>
    </p>
   </div>
   <div class='ocr_carea' id='block_1_10' title="bbox 155 1939 1618 2033">
    <p class='ocr_par' dir='ltr' id='par_1_10' title="bbox 155 1939 1618 2033">
     <span class='ocr_line' id='line_1_23' title="bbox 155 1939 1618 1992; baseline 0.004 -19"><span class='ocrx_word' id='word_1_213' title='bbox 155 1952 179 1973; x_wconf 82' lang='lat' dir='ltr'><strong><em>a</em></strong></span> <span class='ocrx_word' id='word_1_214' title='bbox 195 1939 313 1974; x_wconf 78' lang='lat' dir='ltr'>donne&#39;</span> <span class='ocrx_word' id='word_1_215' title='bbox 329 1939 353 1974; x_wconf 79' lang='grc' dir='ltr'><em>ἀ</em></span> <span class='ocrx_word' id='word_1_216' title='bbox 366 1940 522 1988; x_wconf 72' lang='lat' dir='ltr'>l’ahhaye</span> <span class='ocrx_word' id='word_1_217' title='bbox 540 1954 594 1976; x_wconf 74' lang='lat' dir='ltr'>‘zm</span> <span class='ocrx_word' id='word_1_218' title='bbox 606 1942 862 1977; x_wconf 78' lang='lat' dir='ltr'>demi-honnier</span> <span class='ocrx_word' id='word_1_219' title='bbox 879 1944 921 1977; x_wconf 80' lang='lat' dir='ltr'>de</span> <span class='ocrx_word' id='word_1_220' title='bbox 933 1943 1020 1990; x_wconf 79' lang='lat' dir='ltr'>pre&#39;,</span> <span class='ocrx_word' id='word_1_221' title='bbox 1038 1943 1130 1978; x_wconf 71' lang='lat' dir='ltr'>situe&#39;</span> <span class='ocrx_word' id='word_1_222' title='bbox 1144 1956 1195 1978; x_wconf 81' lang='lat' dir='ltr'>au</span> <span class='ocrx_word' id='word_1_223' title='bbox 1212 1943 1364 1979; x_wconf 74' lang='lat' dir='ltr'>hameau</span> <span class='ocrx_word' id='word_1_224' title='bbox 1382 1945 1618 1992; x_wconf 70' lang='lat' dir='ltr'>cl’Inqlzelaut.</span> 
     </span>
     <span class='ocr_line' id='line_1_24' title="bbox 156 1998 398 2033; baseline 0.004 -1"><span class='ocrx_word' id='word_1_225' title='bbox 156 2018 205 2024; x_wconf 91' lang='lat'>-—</span> <span class='ocrx_word' id='word_1_226' title='bbox 222 1998 398 2033; x_wconf 62' lang='lat' dir='ltr'>woman-2.</span> 
     </span>
    </p>
   </div>
   <div class='ocr_carea' id='block_1_11' title="bbox 737 2157 992 2187">
    <p class='ocr_par' dir='ltr' id='par_1_11' title="bbox 737 2157 992 2187">
     <span class='ocr_line' id='line_1_25' title="bbox 737 2157 992 2187; baseline 0 -6"><span class='ocrx_word' id='word_1_227' title='bbox 737 2159 755 2181; x_wconf 81' lang='grc' dir='ltr'><strong>Α</strong></span> <span class='ocrx_word' id='word_1_228' title='bbox 765 2157 889 2181; x_wconf 73' lang='lat' dir='ltr'>Mem-beke</span> <span class='ocrx_word' id='word_1_229' title='bbox 897 2176 904 2187; x_wconf 76' lang='lat'>‚</span> <span class='ocrx_word' id='word_1_230' title='bbox 918 2158 992 2181; x_wconf 62' lang='lat' dir='ltr'>‘lc-²520.</span> 
     </span>
    </p>
   </div>
   <div class='ocr_carea' id='block_1_12' title="bbox 101 2226 1625 2549">
    <p class='ocr_par' dir='ltr' id='par_1_12' title="bbox 101 2226 1625 2549">
     <span class='ocr_line' id='line_1_26' title="bbox 146 2226 1620 2266; baseline 0.002 -14"><span class='ocrx_word' id='word_1_231' title='bbox 146 2226 203 2263; x_wconf 78' lang='lat' dir='ltr'>Ego</span> <span class='ocrx_word' id='word_1_232' title='bbox 216 2226 354 2253; x_wconf 81' lang='lat' dir='ltr'>Walterus</span> <span class='ocrx_word' id='word_1_233' title='bbox 363 2247 370 2259; x_wconf 82' lang='lat'><em>‚</em></span> <span class='ocrx_word' id='word_1_234' title='bbox 382 2227 472 2254; x_wconf 85' lang='lat' dir='ltr'>dictus</span> <span class='ocrx_word' id='word_1_235' title='bbox 482 2228 601 2254; x_wconf 83' lang='lat' dir='ltr'>decanus</span> <span class='ocrx_word' id='word_1_236' title='bbox 612 2228 646 2255; x_wconf 90' lang='lat' dir='ltr'>de</span> <span class='ocrx_word' id='word_1_237' title='bbox 657 2227 736 2255; x_wconf 81' lang='lat' dir='ltr'>Halle</span> <span class='ocrx_word' id='word_1_238' title='bbox 746 2249 753 2261; x_wconf 82' lang='lat'><strong>‚</strong></span> <span class='ocrx_word' id='word_1_239' title='bbox 769 2233 864 2255; x_wconf 89' lang='lat' dir='ltr'>notum</span> <span class='ocrx_word' id='word_1_240' title='bbox 879 2228 948 2255; x_wconf 86' lang='lat' dir='ltr'>facio</span> <span class='ocrx_word' id='word_1_241' title='bbox 960 2234 1014 2255; x_wconf 91' lang='lat' dir='ltr'>tam</span> <span class='ocrx_word' id='word_1_242' title='bbox 1028 2229 1220 2265; x_wconf 81' lang='lat' dir='ltr'>praesentibus</span> <span class='ocrx_word' id='word_1_243' title='bbox 1231 2238 1313 2264; x_wconf 89' lang='lat' dir='ltr'>quam</span> <span class='ocrx_word' id='word_1_244' title='bbox 1327 2228 1428 2255; x_wconf 85' lang='lat' dir='ltr'>suturis</span> <span class='ocrx_word' id='word_1_245' title='bbox 1439 2249 1446 2262; x_wconf 89' lang='lat'>,</span> <span class='ocrx_word' id='word_1_246' title='bbox 1454 2229 1530 2264; x_wconf 85' lang='lat' dir='ltr'>quod</span> <span class='ocrx_word' id='word_1_247' title='bbox 1543 2230 1620 2266; x_wconf 81' lang='lat' dir='ltr'>Sige-</span> 
     </span>
     <span class='ocr_line' id='line_1_27' title="bbox 106 2273 1621 2311; baseline 0.001 -12"><span class='ocrx_word' id='word_1_248' title='bbox 106 2282 154 2300; x_wconf 86' lang='lat' dir='ltr'>rus</span> <span class='ocrx_word' id='word_1_249' title='bbox 163 2294 170 2304; x_wconf 57' lang='grc'>,</span> <span class='ocrx_word' id='word_1_250' title='bbox 185 2273 312 2300; x_wconf 79' lang='lat' dir='ltr'>sacerdos</span> <span class='ocrx_word' id='word_1_251' title='bbox 323 2278 350 2300; x_wconf 87' lang='lat' dir='ltr'>et</span> <span class='ocrx_word' id='word_1_252' title='bbox 360 2274 506 2300; x_wconf 88' lang='lat' dir='ltr'>canonicus</span> <span class='ocrx_word' id='word_1_253' title='bbox 518 2274 552 2301; x_wconf 88' lang='lat' dir='ltr'>de</span> <span class='ocrx_word' id='word_1_254' title='bbox 562 2274 703 2301; x_wconf 85' lang='lat' dir='ltr'>Merbecca</span> <span class='ocrx_word' id='word_1_255' title='bbox 711 2296 718 2309; x_wconf 72' lang='grc'><strong>,</strong></span> <span class='ocrx_word' id='word_1_256' title='bbox 733 2275 873 2301; x_wconf 92' lang='lat' dir='ltr'>dimidium</span> <span class='ocrx_word' id='word_1_257' title='bbox 886 2275 1030 2302; x_wconf 90' lang='lat' dir='ltr'>bonarium</span> <span class='ocrx_word' id='word_1_258' title='bbox 1040 2276 1110 2311; x_wconf 84' lang='lat' dir='ltr'>prati</span> <span class='ocrx_word' id='word_1_259' title='bbox 1119 2275 1221 2302; x_wconf 86' lang='lat' dir='ltr'>liberae</span> <span class='ocrx_word' id='word_1_260' title='bbox 1228 2275 1405 2302; x_wconf 80' lang='lat' dir='ltr'>haereditatis</span> <span class='ocrx_word' id='word_1_261' title='bbox 1417 2285 1496 2308; x_wconf 69' lang='lat' dir='ltr'>suae,</span> <span class='ocrx_word' id='word_1_262' title='bbox 1504 2277 1621 2310; x_wconf 83' lang='lat' dir='ltr'>jacentis</span> 
     </span>
     <span class='ocr_line' id='line_1_28' title="bbox 104 2319 1622 2358; baseline 0.003 -13"><span class='ocrx_word' id='word_1_263' title='bbox 104 2321 132 2346; x_wconf 89' lang='lat' dir='ltr'>in</span> <span class='ocrx_word' id='word_1_264' title='bbox 148 2319 288 2356; x_wconf 75' lang='lat' dir='ltr'>Inyhelant</span> <span class='ocrx_word' id='word_1_265' title='bbox 298 2340 306 2354; x_wconf 88' lang='lat'><strong><em>,</em></strong></span> <span class='ocrx_word' id='word_1_266' title='bbox 324 2320 453 2347; x_wconf 86' lang='lat' dir='ltr'>ecclesiae</span> <span class='ocrx_word' id='word_1_267' title='bbox 467 2321 604 2348; x_wconf 87' lang='lat' dir='ltr'>Ninivensi</span> <span class='ocrx_word' id='word_1_268' title='bbox 617 2321 703 2348; x_wconf 87' lang='lat' dir='ltr'>libere</span> <span class='ocrx_word' id='word_1_269' title='bbox 714 2327 741 2348; x_wconf 89' lang='lat' dir='ltr'>et</span> <span class='ocrx_word' id='word_1_270' title='bbox 755 2322 880 2349; x_wconf 84' lang='lat' dir='ltr'>absolute</span> <span class='ocrx_word' id='word_1_271' title='bbox 891 2323 917 2349; x_wconf 90' lang='lat' dir='ltr'>in</span> <span class='ocrx_word' id='word_1_272' title='bbox 928 2328 1089 2358; x_wconf 84' lang='lat' dir='ltr'>perpetuam</span> <span class='ocrx_word' id='word_1_273' title='bbox 1101 2322 1218 2349; x_wconf 86' lang='lat' dir='ltr'>contulit</span> <span class='ocrx_word' id='word_1_274' title='bbox 1229 2322 1444 2358; x_wconf 77' lang='lat' dir='ltr'>eleemosynam3</span> <span class='ocrx_word' id='word_1_275' title='bbox 1458 2323 1528 2350; x_wconf 85' lang='lat' dir='ltr'>sacta</span> <span class='ocrx_word' id='word_1_276' title='bbox 1541 2324 1622 2350; x_wconf 81' lang='lat' dir='ltr'>dona-</span> 
     </span>
     <span class='ocr_line' id='line_1_29' title="bbox 101 2366 1622 2407; baseline 0.003 -15"><span class='ocrx_word' id='word_1_277' title='bbox 101 2367 186 2397; x_wconf 77' lang='lat' dir='ltr'>tione,</span> <span class='ocrx_word' id='word_1_278' title='bbox 202 2366 337 2402; x_wconf 88' lang='lat' dir='ltr'>quidquid</span> <span class='ocrx_word' id='word_1_279' title='bbox 346 2367 419 2400; x_wconf 86' lang='lat' dir='ltr'>juris</span> <span class='ocrx_word' id='word_1_280' title='bbox 432 2377 465 2394; x_wconf 90' lang='lat' dir='ltr'>eo</span> <span class='ocrx_word' id='word_1_281' title='bbox 477 2367 590 2400; x_wconf 76' lang='lat' dir='ltr'>habuit,</span> <span class='ocrx_word' id='word_1_282' title='bbox 603 2369 782 2396; x_wconf 81' lang='lat' dir='ltr'>effestucavit.</span> <span class='ocrx_word' id='word_1_283' title='bbox 799 2370 946 2397; x_wconf 83' lang='lat' dir='ltr'>Brantinus</span> <span class='ocrx_word' id='word_1_284' title='bbox 959 2371 1039 2396; x_wconf 88' lang='lat' dir='ltr'>etiam</span> <span class='ocrx_word' id='word_1_285' title='bbox 1048 2391 1054 2402; x_wconf 84' lang='lat'>,</span> <span class='ocrx_word' id='word_1_286' title='bbox 1070 2370 1156 2396; x_wconf 89' lang='lat' dir='ltr'>srater</span> <span class='ocrx_word' id='word_1_287' title='bbox 1167 2370 1240 2404; x_wconf 83' lang='lat' dir='ltr'>ejus,</span> <span class='ocrx_word' id='word_1_288' title='bbox 1254 2369 1319 2396; x_wconf 90' lang='lat' dir='ltr'>huic</span> <span class='ocrx_word' id='word_1_289' title='bbox 1331 2370 1403 2396; x_wconf 90' lang='lat' dir='ltr'>dono</span> <span class='ocrx_word' id='word_1_290' title='bbox 1416 2380 1525 2396; x_wconf 91' lang='lat' dir='ltr'>manum</span> <span class='ocrx_word' id='word_1_291' title='bbox 1536 2380 1622 2407; x_wconf 90' lang='lat' dir='ltr'>appo-</span> 
     </span>
     <span class='ocr_line' id='line_1_30' title="bbox 105 2413 1625 2453; baseline 0.003 -14"><span class='ocrx_word' id='word_1_292' title='bbox 105 2414 160 2440; x_wconf 80' lang='lat' dir='ltr'>suit</span> <span class='ocrx_word' id='word_1_293' title='bbox 179 2418 207 2440; x_wconf 91' lang='lat' dir='ltr'>et</span> <span class='ocrx_word' id='word_1_294' title='bbox 223 2413 294 2441; x_wconf 90' lang='lat' dir='ltr'>idem</span> <span class='ocrx_word' id='word_1_295' title='bbox 316 2414 440 2441; x_wconf 86' lang='lat' dir='ltr'>similiter</span> <span class='ocrx_word' id='word_1_296' title='bbox 457 2416 604 2451; x_wconf 78' lang='lat' dir='ltr'>guerpivit.</span> <span class='ocrx_word' id='word_1_297' title='bbox 626 2416 662 2443; x_wconf 79' lang='lat' dir='ltr'>Ut</span> <span class='ocrx_word' id='word_1_298' title='bbox 681 2422 771 2443; x_wconf 87' lang='lat' dir='ltr'>autem</span> <span class='ocrx_word' id='word_1_299' title='bbox 792 2417 845 2443; x_wconf 91' lang='lat' dir='ltr'>hoc</span> <span class='ocrx_word' id='word_1_300' title='bbox 863 2417 966 2444; x_wconf 89' lang='lat' dir='ltr'>donum</span> <span class='ocrx_word' id='word_1_301' title='bbox 985 2423 1011 2444; x_wconf 88' lang='lat' dir='ltr'>et</span> <span class='ocrx_word' id='word_1_302' title='bbox 1027 2417 1128 2444; x_wconf 87' lang='lat' dir='ltr'>factum</span> <span class='ocrx_word' id='word_1_303' title='bbox 1145 2422 1236 2443; x_wconf 84' lang='lat' dir='ltr'>ratum</span> <span class='ocrx_word' id='word_1_304' title='bbox 1258 2418 1285 2444; x_wconf 86' lang='lat' dir='ltr'>in</span> <span class='ocrx_word' id='word_1_305' title='bbox 1302 2427 1398 2444; x_wconf 87' lang='lat' dir='ltr'>aevum</span> <span class='ocrx_word' id='word_1_306' title='bbox 1419 2423 1578 2453; x_wconf 88' lang='lat' dir='ltr'>permaneat</span> <span class='ocrx_word' id='word_1_307' title='bbox 1597 2424 1625 2445; x_wconf 86' lang='lat' dir='ltr'>et</span> 
     </span>
     <span class='ocr_line' id='line_1_31' title="bbox 105 2462 1624 2501; baseline 0.002 -13"><span class='ocrx_word' id='word_1_308' title='bbox 105 2463 314 2493; x_wconf 78' lang='lat' dir='ltr'>inconcussum,</span> <span class='ocrx_word' id='word_1_309' title='bbox 330 2462 433 2498; x_wconf 84' lang='lat' dir='ltr'>scripto</span> <span class='ocrx_word' id='word_1_310' title='bbox 451 2468 594 2498; x_wconf 85' lang='lat' dir='ltr'>praesente</span> <span class='ocrx_word' id='word_1_311' title='bbox 611 2463 728 2500; x_wconf 83' lang='lat' dir='ltr'>sigillato</span> <span class='ocrx_word' id='word_1_312' title='bbox 742 2469 770 2491; x_wconf 86' lang='lat' dir='ltr'>et</span> <span class='ocrx_word' id='word_1_313' title='bbox 789 2474 884 2491; x_wconf 90' lang='lat' dir='ltr'>eorum</span> <span class='ocrx_word' id='word_1_314' title='bbox 906 2466 953 2501; x_wconf 90' lang='lat' dir='ltr'>qui</span> <span class='ocrx_word' id='word_1_315' title='bbox 969 2464 1156 2491; x_wconf 83' lang='lat' dir='ltr'>interfuerunt</span> <span class='ocrx_word' id='word_1_316' title='bbox 1168 2465 1324 2491; x_wconf 88' lang='lat' dir='ltr'>testimonio</span> <span class='ocrx_word' id='word_1_317' title='bbox 1341 2465 1434 2492; x_wconf 85' lang='lat' dir='ltr'>studui</span> <span class='ocrx_word' id='word_1_318' title='bbox 1448 2465 1624 2492; x_wconf 82' lang='lat' dir='ltr'>confirmare.</span> 
     </span>
     <span class='ocr_line' id='line_1_32' title="bbox 106 2508 1624 2549; baseline 0.003 -15"><span class='ocrx_word' id='word_1_319' title='bbox 106 2508 220 2544; x_wconf 80' lang='lat' dir='ltr'>Signum</span> <span class='ocrx_word' id='word_1_320' title='bbox 232 2509 352 2546; x_wconf 78' lang='lat' dir='ltr'>magistri</span> <span class='ocrx_word' id='word_1_321' title='bbox 360 2509 474 2536; x_wconf 88' lang='lat' dir='ltr'>Gerardi</span> <span class='ocrx_word' id='word_1_322' title='bbox 482 2515 510 2537; x_wconf 88' lang='lat' dir='ltr'>et</span> <span class='ocrx_word' id='word_1_323' title='bbox 520 2510 534 2537; x_wconf 85' lang='lat' dir='ltr'>J</span> <span class='ocrx_word' id='word_1_324' title='bbox 538 2510 664 2545; x_wconf 76' lang='lat' dir='ltr'>ohannis,</span> <span class='ocrx_word' id='word_1_325' title='bbox 675 2511 847 2539; x_wconf 84' lang='lat' dir='ltr'>sacerdotum</span> <span class='ocrx_word' id='word_1_326' title='bbox 856 2517 883 2539; x_wconf 91' lang='lat' dir='ltr'>et</span> <span class='ocrx_word' id='word_1_327' title='bbox 892 2513 1084 2539; x_wconf 86' lang='lat' dir='ltr'>canonicorum</span> <span class='ocrx_word' id='word_1_328' title='bbox 1092 2512 1126 2539; x_wconf 86' lang='lat' dir='ltr'>de</span> <span class='ocrx_word' id='word_1_329' title='bbox 1135 2512 1292 2547; x_wconf 74' lang='lat' dir='ltr'>Merbecca5</span> <span class='ocrx_word' id='word_1_330' title='bbox 1307 2512 1335 2539; x_wconf 90' lang='lat' dir='ltr'>S.</span> <span class='ocrx_word' id='word_1_331' title='bbox 1347 2512 1464 2549; x_wconf 78' lang='lat' dir='ltr'>Aegidii‚</span> <span class='ocrx_word' id='word_1_332' title='bbox 1475 2513 1624 2540; x_wconf 85' lang='lat' dir='ltr'>sacerdotis</span> 
     </span>
    </p>
   </div>
   <div class='ocr_carea' id='block_1_13' title="bbox 233 2556 1494 2594">
    <p class='ocr_par' dir='ltr' id='par_1_13' title="bbox 233 2556 1494 2594">
     <span class='ocr_line' id='line_1_33' title="bbox 233 2556 1494 2594; baseline 0.003 -4"><span class='ocrx_word' id='word_1_333' title='bbox 233 2556 320 2590; x_wconf 65' lang='lat' dir='ltr'>Tou.</span> <span class='ocrx_word' id='word_1_334' title='bbox 350 2557 395 2591; x_wconf 90' lang='lat' dir='ltr'>II.</span> <span class='ocrx_word' id='word_1_335' title='bbox 1426 2558 1494 2594; x_wconf 86' lang='lat'>106</span> 
     </span>
    </p>
   </div>
  </div>
 </body>
</html>
