2137 3131
404 368 474 404 956
1014 360 1304 396 APPENDICES.

407 478 512 504 suurme
530 476 554 500 ti
568 475 590 500 ci
604 471 809 508 apres-s‘ensuit
822 480 829 496 ;
843 469 895 495 .Ιοιι
909 469 978 505 [νὲνε
993 467 1136 500 Ειιειιιοσς,
1151 469 1248 494 moines
1263 467 1294 494 de
1312 468 1466 502 Cumberon,
1488 469 1551 505 sach
1565 471 1582 495 ὰ
1600 470 1688 495 saveir
1700 471 1717 496 ἀ
1731 474 1789 496 tou-5
1803 470 1832 495 ke
1845 471 1875 505 je
1890 470 1920 496 ai

410 523 503 549 vendut
515 523 531 547 ιὶ
545 520 647 547 l’nbheie
660 518 690 544 tle
706 517 815 543 ll'i'eneve
829 521 853 542 el
866 517 882 541 ἁ
896 525 940 541 son
955 519 1077 548 convene,
1090 525 1144 550 par
1157 515 1179 540 le
1192 515 1266 540 main
1282 515 1393 541 Lamsin
1407 515 1438 541 tle
1452 515 1564 550 Μαῖαν,
1582 520 1676 552 quatre
1695 526 1755 542 cens
1769 517 1873 552 verqltes
1889 516 1920 543 de

408 572 468 596 titire
479 574 501 595 el
514 569 549 594 sis
561 569 652 603 yisans
666 576 696 592 eu
712 565 733 591 Ic
742 563 908 601 par-roclwde
926 562 1087 598 Ydaelerylwm
1100 562 1196 588 devant
1205 563 1263 588 leur
1275 563 1377 589 moulin
1391 563 1422 588 de
1437 573 1503 597 nwe,
1515 573 1586 599 pom·
1597 574 1652 590 δοκε
1667 564 1745 590 Ii'vres
1755 569 1822 590 lreze
1834 564 1886 591 sols
1896 569 1921 590 et

410 621 500 653 quatre
513 615 614 641 deniers
628 614 658 639 de
672 613 693 639 le
706 612 823 638 mommio
835 611 866 637 de
881 610 1010 643 Flandre,
1025 610 1068 636 (les
1081 611 1164 646 qneils
1178 610 1318 646 ‹leniersje
1332 621 1372 636 me
1382 612 1452 646 tiens]
1464 612 1480 636 ά
1494 611 1552 636 bion
1566 613 1651 647 puz'z'et
1662 622 1694 638 en
1706 612 1782 638 boene
1795 613 1918 638 mounm'e

408 669 429 688 et
444 663 499 688 Ιιιέιι
513 663 598 686 conle'e
608 670 661 696 par
674 660 696 685 le
709 660 845 694 liesmoiny
858 658 888 683 (Ie
901 667 940 683 ces
956 657 1040 683 lettres
1053 656 1158 682 saiele‘es
1169 657 1200 683 cle
1214 667 1272 683 men
1286 657 1365 691 saiel,
1381 658 1429 693 qui
1438 657 1532 694 fuerent
1545 657 1657 684 donne'es
1673 669 1703 684 en
1719 658 1775 684 l'cm
1791 659 1821 684 de
1837 660 1918 694 yrtice

408 708 642 741 MCCLXXXI'I,
659 707 680 733 Ie
695 706 808 732 merkedi
819 706 912 731 derunt
927 705 949 730 le
964 705 1095 730 uatim'teil
1109 705 1182 730 saint
1199 704 1287 730 Jelum
1305 705 1436 740 Basilis-le.
1455 705 1488 731 Et
1503 715 1572 732 nous
1586 705 1666 737 Guis,
1686 715 1770 732 cuens
1785 706 1820 732 de
1837 706 1918 732 Flan-

407 758 470 782 ‹lres
484 761 510 782 et
524 754 639 780 marchis
653 754 686 779 dc
702 753 810 783 hamur,
825 752 925 778 devant
940 751 1078 781 nomimis,
1095 751 1119 777 le
1133 751 1256 787 vendage
1270 752 1337 777 einsi
1353 751 1397 777 k'il
1412 757 1453 778 est
1469 752 1531 784 sais,
1547 757 1574 779 et:
1589 758 1679 779 toutcs
1690 753 1730 779 les
1740 753 1837 779 choses
1851 753 1919 780 einsi

407 812 501 830 coumc
515 803 569 828 cles
583 807 645 827 sunt
656 801 736 827 desus
749 800 860 826 escrites
874 804 900 825 ct
913 799 1035 825 devisees
1045 819 1051 829 ,
1066 798 1144 824 loons
1155 819 1163 830 ⁷
1179 799 1279 835 greous
1290 819 1296 830 7
1309 808 1466 834 aprouvons
1483 805 1511 826 et
1524 800 1698 826 confremons
1709 821 1716 834 ‚
1731 806 1759 827 et
1772 800 1811 826 les
1827 800 1920 827 serons

409 851 479 876 tenir
494 850 591 875 l'crnws
604 857 699 874 counio
711 848 778 873 sires
789 847 822 872 de
833 846 857 872 le
868 846 948 875 tiere,
965 855 1013 881 par
1028 846 1051 871 le
1062 846 1206 882 tiesmoing
1219 846 1253 872 de
1264 855 1308 872 ces
1320 846 1415 872 lettres
1429 847 1541 873 saiele'ees
1551 847 1585 873 de
1601 853 1693 873 nostre
1704 848 1783 881 saiet,
1799 848 1878 874 saites
1893 853 1921 875 et

407 897 526 923 donne-es
540 906 572 922 en
592 895 642 922 l‘an
661 895 704 921 del
721 895 890 920 incarnation
906 893 1142 929 Nostre-Segneur
1157 893 1387 920 MCCLXXXVHI
1399 915 1405 925 ,
1424 894 1449 921 le
1465 895 1551 921 mardi
1569 895 1670 922 devant
1683 895 1708 922 le
1723 896 1919 922 annunciation

409 944 602 970 Nostre-Daine
612 964 619 976 ‚
633 952 667 969 ou
680 943 746 969 mois
760 942 794 968 de
809 941 911 968 March.

1349 989 1470 1021 Original,
1484 998 1554 1014 sceau
1565 998 1594 1014 en
1605 990 1653 1014 cire
1665 990 1740 1014 brune
1752 990 1921 1022 endommage.

1126 1062 1188 1073 t

1066 1259 1226 1294 CCLXVI
1233 1260 1242 1294 1
1250 1260 1276 1294 l.

414 1347 562 1381 Gaucier
582 1347 622 1381 cle
642 1347 778 1388 Pollar,
799 1349 868 1380 sire
885 1346 1068 1389 d’Oultre,
1088 1359 1269 1394 approzcve
1290 1360 1360 1381 une
1384 1353 1480 1381 vente
1498 1348 1540 1382 de
1559 1354 1669 1382 terres
1683 1348 1772 1393 saite
1789 1346 1813 1382 ἀ
1831 1348 1920 1383 l'ah-

459 1407 544 1452 haye
556 1419 630 1452 par
647 1405 789 1440 Ge‘rard
803 1405 843 1439 de
857 1404 1038 1450 Schulfhre
1047 1433 1056 1448 ,
1072 1412 1104 1440 et
1117 1406 1162 1440 les
1175 1406 1311 1440 cle'clare
1324 1406 1428 1440 libres
1441 1407 1482 1441 de
1495 1406 1705 1449 serm‘tzcdes,
1724 1413 1799 1441 tout
1809 1420 1854 1441 en
1868 1408 1920 1453 8’31

460 1464 639 1498 reservant
654 1464 688 1497 la
702 1463 805 1497 haute
818 1469 850 1497 et
862 1464 958 1498 basse
963 1466 1111 1510 justice.
1129 1464 1315 1500 —Ont'rna
1334 1464 1358 1498 ¹.

1128 1650 1200 1674 1988.

448 1731 504 1767 Ego
526 1731 664 1758 walterus
680 1733 715 1759 de
733 1732 850 1767 Pollaer,
874 1733 1000 1759 dominus
1022 1733 1056 1759 de
1079 1732 1174 1768 Οιιινι»,
1196 1734 1332 1759 universis
1353 1733 1404 1760 hoc
1424 1733 1559 1768 scriptum
1579 1733 1678 1759 visuris
1695 1733 1722 1758 in
1745 1736 1921 1768 perpetuum.

411 1779 507 1805 Notum
521 1777 599 1807 facio,
609 1779 682 1814 quod
691 1789 751 1805 cum
762 1780 814 1805 viri
825 1779 945 1816 religiosi
955 1780 1108 1811 Johannes,
1122 1780 1171 1806 Dei
1184 1780 1355 1814 providentia
1369 1780 1526 1806 monasterii
1541 1780 1692 1806 Ninivensis
1702 1779 1786 1806 abbas
1795 1800 1802 1811 ‚
1812 1784 1840 1806 et
1850 1780 1926 1814 ejus-

411 1826 469 1852 dem
485 1826 535 1851 loci
550 1831 700 1852 conventus
714 1827 842 1852 emissent
852 1827 927 1861 juste
940 1832 967 1853 et
982 1827 1101 1863 legitime
1114 1837 1179 1863 erga
1193 1827 1345 1853 Gerardum
1360 1828 1464 1853 dictum
1478 1826 1617 1863 Seliulfere
1630 1827 1664 1853 de
1678 1826 1775 1861 Oulre,
1789 1836 1839 1862 pro
1849 1832 1925 1853 certa

411 1882 514 1898 summa
530 1878 686 1899 numeratae
704 1874 835 1908 pecuniae
853 1874 940 1900 eidem
954 1874 1093 1900 exsolutae
1104 1895 1110 1906 ,
1126 1874 1182 1900 duo
1197 1874 1310 1900 bonaria
1328 1880 1355 1900 et
1373 1875 1468 1911 viginti
1485 1880 1589 1910 septem
1607 1874 1698 1910 virgas
1713 1873 1795 1909 paulo
1810 1873 1872 1909 plus
1886 1874 1928 1900 vel

412 1920 498 1945 minus
512 1924 600 1946 terrae
620 1920 730 1946 arabilis
748 1920 780 1946 ad
798 1930 951 1947 mensuram
965 1921 999 1947 de
1015 1921 1111 1956 Oulre,
1127 1923 1195 1948 sitae
1208 1923 1234 1948 in
1253 1922 1313 1948 loco
1329 1922 1376 1958 qui
1394 1922 1496 1948 dicitur
1511 1921 1651 1955 Itubrouc,
1670 1922 1738 1948 etin
1752 1921 1879 1948 districtu
1894 1931 1925 1948 ac

411 1966 528 1992 dominio
540 1976 599 1992 meo
606 1967 639 1993 de
654 1966 734 1993 Oulre
744 1988 752 2001 7
762 1973 861 1994 etcum
871 1969 904 1995 de
913 1974 1016 2004 septem
1026 1969 1159 2003 jornariis
1171 1969 1211 1996 ve]
1227 1970 1336 1996 circiter
1344 1970 1501 2005 praedictae
1514 1975 1605 1996 terrae
1618 1970 1741 2005 quintam
1751 1969 1863 2005 garbam
1877 1978 1927 1995 no-

413 2014 482 2039 miue
498 2023 594 2040 census
610 2015 783 2041 haereditarii
802 2016 956 2042 habuissem
970 2037 978 2049 7
997 2017 1086 2043 dictus
1104 2017 1243 2044 Gerardus
1262 2017 1335 2044 dedit
1350 2018 1415 2044 mihi
1431 2019 1458 2044 in
1477 2017 1666 2044 concambium
1687 2027 1737 2053 pro
1752 2017 1825 2043 dicta
1840 2017 1926 2053 garba

413 2070 494 2086 uuum
505 2061 657 2095 jornariuni
675 2067 702 2088 et
721 2063 864 2089 duodecim
879 2064 970 2099 virgas
984 2064 1026 2090 vel
1038 2065 1147 2091 circiter
1161 2070 1251 2091 terrae
1270 2065 1395 2096 arabilis,
1407 2065 1523 2099 jacentis
1533 2065 1612 2099 juxta
1626 2070 1734 2100 portam
1750 2074 1834 2091 meam
1853 2064 1926 2100 apud

415 2107 494 2134 Outre
504 2129 510 2141 ‚
522 2118 572 2143 pro
587 2118 640 2144 qua
654 2114 727 2135 terra
740 2111 830 2136 remisi
845 2110 944 2136 dictam
959 2111 1081 2146 garbam,
1097 2113 1242 2139 exoneravi
1254 2117 1281 2138 et
1296 2112 1409 2138 liberam
1425 2112 1569 2138 l'ecitotam
1584 2117 1685 2138 terram
1700 2111 1882 2147 praedictam,
1894 2111 1929 2137 de

413 2164 466 2189 qua
476 2155 546 2181 dicta
561 2157 645 2191 garba
659 2156 723 2182 mihi
735 2157 889 2183 debebatur
899 2179 905 2191 ‚
921 2168 1003 2193 quam
1022 2165 1123 2185 terram
1137 2161 1218 2186 etiam
1231 2160 1345 2186 liberam
1358 2160 1408 2186 l'eci
1420 2160 1454 2186 ab
1462 2160 1607 2194 omnijure
1620 2159 1694 2195 quud
1707 2160 1734 2185 in
1747 2169 1778 2185 ea
1791 2159 1926 2185 habebam

413 2202 454 2227 vel
465 2201 565 2228 habere
575 2203 720 2234 debebam,
735 2209 844 2239 praeter
856 2205 936 2230 altam
950 2211 977 2231 et
989 2206 1094 2232 bassam
1104 2207 1238 2241 justitiam
1252 2207 1316 2233 mihi
1327 2216 1358 2233 ac
1368 2207 1574 2233 successoribus
1585 2207 1652 2233 meis
1663 2211 1799 2232 retentam
1810 2211 1836 2232 et
1848 2215 1927 2242 prae-

414 2253 454 2273 ter
470 2248 538 2274 duos
555 2249 681 2276 denarios
698 2250 868 2277 flandrenses
883 2252 990 2278 nomine
1007 2254 1090 2279 annui
1108 2259 1135 2280 et
1149 2254 1326 2280 haereditarii
1340 2263 1438 2280 census
1450 2253 1484 2280 de
1497 2254 1577 2280 dictis
1590 2254 1700 2280 duobus
1714 2253 1835 2279 bonariis
1849 2258 1876 2279 et
1887 2254 1927 2280 vi-

413 2296 479 2329 ginti
493 2301 596 2331 septem
618 2297 701 2333 virgis
716 2297 759 2323 vel
779 2298 888 2324 circiter
905 2299 970 2325 mihi
988 2305 1015 2325 et
1031 2302 1236 2327 successoribus
1257 2302 1323 2328 meis
1336 2301 1445 2327 debitos
1455 2321 1463 2333 9
1479 2306 1507 2327 et
1521 2301 1662 2326 annuatim
1677 2301 1705 2326 in
1720 2300 1804 2326 natali
1819 2300 1927 2327 Domini

414 2342 605 2368 solvendorum
617 2363 624 2375 a
642 2349 751 2379 praeter
768 2354 837 2380 quos
851 2345 977 2372 denarios
993 2352 1020 2373 et
1031 2347 1166 2381 justitiam
1180 2349 1346 2384 praedictam
1357 2369 1364 2380 ,
1385 2353 1438 2374 tam
1454 2348 1488 2374 de
1500 2353 1605 2383 septem
1615 2347 1747 2382 jornariis
1758 2347 1801 2374 vel
1816 2347 1927 2374 circiter

415 2389 572 2423 praedictis,
589 2400 668 2425 quam
683 2392 761 2417 etiam
775 2392 809 2418 de
819 2392 944 2426 joruario
958 2394 1082 2427 residuo⁷
1099 2396 1173 2431 quod
1182 2397 1307 2422 similiter
1321 2396 1438 2422 liberum
1448 2396 1590 2422 exstiterat
1604 2400 1632 2431 et
1645 2395 1752 2427 existit,
1769 2394 1836 2421 nihil
1850 2394 1924 2421 aliud

444 2486 449 2501 ¹
465 2487 524 2507 Cette
534 2487 622 2509 division
635 2489 721 2510 u'ewstc
730 2492 790 2518 point
801 2490 853 2511 daus
864 2492 885 2511 le
896 2493 1010 2514 cartulaire
1021 2493 1047 2514 de
1059 2494 1149 2515 Malines
1159 2499 1181 2515 et
1190 2496 1260 2523 parait
1272 2497 1296 2516 ici
1308 2503 1365 2524 pour
1374 2496 1394 2516 la
1406 2495 1512 2524 premiere
1523 2495 1562 2516 sois
1571 2502 1598 2515 au
1609 2494 1649 2515 dos
1660 2494 1697 2515 des
1707 2493 1800 2515 chartes.
