2137 3131
410 338 481 372 87-'4
1016 325 1304 362 APPENDICES.

410 445 492 472 tatur.
509 448 535 468 ct
549 441 712 468 contulimus
727 439 807 465 etiam
823 436 978 473 praedictae
998 434 1128 461 ecclesiae
1142 432 1321 464 allodialiter,
1339 432 1425 459 libere
1435 452 1442 465 ‚
1459 432 1585 458 absolute
1602 437 1631 458 et
1643 432 1748 468 absque
1761 433 1834 459 omni
1847 442 1927 460 exac-

409 492 496 517 tione.
513 497 590 515 omne
605 488 650 520 jus
669 485 743 521 quod
756 485 782 510 in
798 489 877 520 prato
891 482 1037 509 habuimus
1053 479 1213 516 supradicto
1223 500 1230 511 ‚
1247 480 1285 505 ita
1298 479 1374 515 quod
1388 478 1455 505 nihil
1469 479 1580 505 omnino
1591 479 1664 513 juris
1677 478 1757 506 nobis
1772 481 1926 507 reservavi-

410 547 469 564 mus
482 538 507 562 in
518 535 622 565 eodem,
635 531 885 568 praeterjustitiam
897 529 1037 565 sanguinis
1046 549 1053 560 ‚
1069 528 1136 555 furti
1147 549 1153 560 ‚
1168 527 1285 553 incendii
1296 532 1323 553 et
1335 526 1463 553 similium
1472 547 1479 557 ,
1493 535 1564 561 quae
1576 526 1610 553 ad
1623 536 1779 562 supremam
1787 527 1924 562 justitiam

409 588 558 611 noscuntur
570 591 600 607 cx
613 579 811 607 consuetudine
828 578 976 613 pertinere.
999 575 1117 602 Proinde
1136 575 1157 601 si
1171 574 1322 610 quidquam
1343 574 1378 600 de
1393 573 1541 609 praedictis
1555 579 1677 610 quatuor
1693 573 1816 601 honariis
1833 575 1923 610 prati,

408 633 463 658 sive
476 630 536 656 inde
547 629 581 655 sit
595 627 656 663 plus
666 647 674 659 ‚
687 627 743 652 sive
759 625 847 651 minus
857 645 864 656 ,
881 624 916 650 ab
929 623 972 649 his
985 623 1034 658 qui
1047 622 1128 648 modo
1140 621 1208 648 illud
1222 621 1362 656 possident
1373 620 1407 646 ad
1419 620 1502 646 alium
1516 621 1672 656 quempiam
1683 621 1740 648 sive
1751 622 1858 648 ratione
1867 630 1926 648 suc-

408 677 552 707 cessionis,
572 675 628 700 sive
644 673 730 703 dono,
752 671 796 698 vel
808 671 963 706 emptione,
988 669 1030 696 vel
1046 669 1138 704 aliqua
1158 669 1265 695 ratione
1283 668 1350 700 atta,
1368 667 1512 694 transferri
1529 668 1694 704 contigerit,
1712 667 1756 695 vel
1775 668 1925 704 quidquam

409 724 481 751 atiud
495 722 617 759 quolibet
628 720 708 747 modo
719 719 854 756 agendum
864 739 871 750 ,
884 718 948 744 inde
958 717 1042 744 suerit
1051 717 1086 744 de
1098 716 1209 752 speciali
1222 716 1332 742 licentia
1346 720 1374 742 et
1387 724 1499 742 assensu
1511 715 1668 751 praedictae
1679 716 1832 743 Ninivensis
1842 716 1927 744 eccle-

408 775 462 799 siae
476 771 501 797 id
515 771 574 796 fieri
588 768 742 804 oportebit,
758 777 819 793 nam
833 772 860 793 et
872 775 952 792 omne
961 766 1008 800 jus
1020 764 1088 791 illud
1101 764 1204 791 habere
1218 763 1331 790 debebit
1340 764 1399 798 ipsa
1409 762 1524 789 ecclesia
1537 763 1612 798 quod
1624 763 1650 789 in
1665 762 1824 797 hujusmodi
1838 768 1925 790 trans-

408 818 554 846 lationibus
563 822 588 843 ct
598 817 674 842 sactis
684 819 845 842 consuetum
855 818 896 840 est
905 813 1038 839 hactenus
1046 812 1180 839 exhiberi.
1189 811 1226 838 Ut
1233 816 1324 837 autem
1335 810 1447 836 donatio
1455 809 1539 844 hujus
1548 809 1737 846 eleemosynae
1746 815 1926 846 praenotatae

408 865 543 893 Ninivensi
553 864 682 890 ecclesiae.
695 863 773 889 firma
787 866 814 888 et
825 866 884 887 rata
895 865 1069 896 permaneat,
1086 860 1219 895 scriptum
1233 867 1363 894 praeseus
1373 857 1470 894 sigillis
1482 858 1583 884 nostris
1592 857 1783 884 roboravimus
1795 862 1823 884 et
1836 857 1924 884 eidem

407 913 536 941 ccclesiae
550 916 710 947 perpetuam
725 909 912 937 waraudisiam
928 917 1013 944 super
1026 907 1120 934 eadem
1135 907 1307 942 eleemosyna
1321 905 1528 941 repromisimus
1546 915 1562 931 a
1578 905 1658 931 nobis
1678 909 1706 931 et
1718 904 1926 932 successoribus

409 961 507 987 uostris
521 959 622 986 suturis
638 957 808 993 temporibus
822 956 1013 983 exhibendam.
1030 955 1128 982 Actum
1141 954 1215 990 apud
1227 953 1428 981 Scendelbecca
1438 974 1445 986 ‚
1463 962 1536 979 anno
1555 953 1708 979 dominicae
1727 952 1927 979 luem-nationis

408 1007 572 1035 ,ilccxxxll
583 1028 590 1034 .
606 1015 697 1032 mense
707 1005 868 1032 Februario.

1322 1048 1430 1080 Original
1439 1067 1445 1077 ‚
1459 1055 1544 1072 seeaux
1556 1055 1585 1072 en
1601 1047 1649 1071 cire
1657 1047 1742 1072 brune.

1085 1332 1235 1367 CLXXI.

508 1436 591 1470 Alia·
605 1436 645 1470 cle
663 1436 819 1470 Boulaer
831 1447 1012 1482 approuve
1029 1440 1062 1468 et
1074 1433 1189 1480 ratifie
1201 1434 1236 1467 la
1253 1433 1372 1468 charte
1381 1433 1597 1481 pre'ce‘dente.
1615 1454 1663 1459 -—
1679 1434 1818 1468 Loersu.

1033 1624 1050 1645 Α
1069 1622 1182 1651 Bouhier,
1202 1622 1275 1646 1259..

446 1694 501 1730 Ego
513 1694 595 1720 Alicia
603 1714 610 1725 ,
625 1693 734 1719 domina
743 1693 777 1719 de
789 1693 904 1726 Bouhzr,
920 1698 1015 1719 notum
1026 1693 1096 1719 facio
1106 1692 1298 1728 praesentibus
1309 1697 1336 1718 et
1349 1692 1463 1725 suturis,
1479 1692 1554 1728 quod
1565 1701 1627 1718 cum
1637 1691 1764 1718 dominus
1774 1692 1924 1718 Gossuinus

410 1741 443 1767 de
461 1741 658 1767 Scendelbecca
670 1746 697 1767 et
710 1741 876 1776 praedilecta
890 1741 946 1766 filia
960 1749 1019 1766 mea
1033 1740 1091 1766 Ada
1103 1761 1110 1773 ,
1126 1749 1196 1766 uxor
1215 1740 1275 1774 ejus
1287 1761 1293 1772 ‚
1315 1739 1484 1766 contulerint.
1500 1739 1586 1766 libere
1599 1744 1627 1766 et
1643 1739 1769 1766 absolute
1786 1739 1925 1766 Ninivensi

410 1788 538 1814 ecclesiae
552 1788 578 1814 in
593 1793 753 1823 perpetuam
767 1788 965 1823 eleemosynam
976 1792 1096 1823 quatuor
1107 1787 1193 1813 libras
1207 1786 1370 1813 flandrensis
1382 1791 1508 1813 monetae
1522 1787 1661 1813 annuatim
1673 1807 1680 1819 ‚
1694 1795 1766 1822 quae
1779 1786 1925 1813 solvuntur

411 1840 437 1861 et
449 1840 582 1870 perpetuo
596 1834 662 1861 solvi
674 1835 776 1861 debent
787 1835 902 1871 singulis
915 1835 992 1861 annis
1005 1834 1039 1860 ad
1053 1834 1155 1860 Pascha
1166 1834 1200 1860 de
1213 1834 1323 1860 circiter
1337 1838 1457 1869 quatuor
1470 1833 1592 1859 bonariis
1604 1833 1690 1868 prati,
1705 1833 1762 1860 sive
1775 1833 1853 1869 plus,
1867 1834 1925 1860 sive

411 1883 499 1908 minus
512 1882 573 1908 iude
585 1883 634 1914 sit,
645 1882 761 1916 jacentis
774 1882 801 1907 iu
815 1881 945 1918 parochia
958 1882 992 1908 de
1010 1881 1176 1917 Ydenqhem,
1193 1881 1227 1907 ad
1241 1881 1330 1907 vicum
1343 1881 1392 1916 qui
1407 1881 1508 1907 dicitur
1523 1880 1642 1917 Swiffem
1651 1901 1660 1914 ,
1673 1889 1744 1916 quae
1760 1890 1775 1906 a
1789 1890 1832 1907 me
1849 1885 1928 1907 tene—

411 1930 475 1954 bant
491 1931 517 1955 in
532 1929 641 1955 feodum
652 1950 658 1960 ,
675 1938 725 1965 ego
743 1929 917 1955 donationem
936 1929 1019 1964 hujus
1032 1929 1222 1964 eleemosynae
1235 1928 1269 1954 de
1286 1927 1397 1963 speciali
1412 1927 1522 1954 lieentia
1538 1932 1567 1954 et
1582 1936 1695 1954 assensu
1712 1937 1772 1954 meo
1791 1927 1926 1963 profiteor

412 1986 469 2002 esse
484 1976 580 2002 saetam
594 1976 723 2003 ecclesiae
735 1982 911 2009 memoratae,
928 1982 955 2002 et
969 1976 1091 2003 eamdam
1105 1981 1192 2002 ratam
1206 1976 1296 2002 habeo
1309 1981 1337 2002 et
1350 1976 1456 2002 firmam
1471 1975 1533 2002 volo
1547 1975 1634 2002 eidem
1648 1975 1778 2002 ecclesiae
1791 1976 1819 2002 in
1830 1984 1930 2011 perpe-

411 2029 486 2049 tuum
498 2033 668 2058 permanere.
680 2024 717 2050 L‘t
727 2029 817 2050 autem
831 2034 992 2051 consensum
1003 2029 1127 2050 nostrum
1139 2024 1290 2060 gratuitum
1303 2023 1461 2060 praedictae
1473 2023 1662 2059 eleemosynae
1676 2032 1784 2059 semper
1795 2029 1928 2063 appareat

411 2071 444 2096 ab
456 2072 532 2097 initio
545 2072 689 2098 accessisse
700 2093 706 2103 ,
728 2073 860 2108 scriptum
879 2082 1008 2107 praesens
1022 2072 1103 2108 sigilli
1121 2072 1174 2099 mei
1190 2072 1357 2108 appensione
1372 2072 1398 2098 in
1414 2071 1599 2098 testimonium
1619 2070 1713 2097 censui
1726 2070 1923 2097 roborandum.

412 2118 504 2144 Actum
520 2118 592 2154 apud
604 2118 706 2145 Boular
716 2139 723 2152 ‚
739 2128 810 2146 anno
823 2120 927 2155 gratiae
940 2119 1109 2146 MCCXXXII
1120 2140 1127 2153 7
1141 2128 1233 2146 meuse
1247 2119 1408 2146 Februario.

1325 2185 1433 2217 Originat
1440 2203 1447 2215 ‚
1458 2192 1527 2209 sceau
1537 2192 1566 2208 en
1576 2185 1623 2209 cire
1634 2184 1717 2208 brune.

2133 570 2137 648 s

2133 659 2137 791 ἱ

2131 803 2137 929 ἰ

2131 948 2137 1077 ἔ

2130 1100 2137 1285 Ξ

2112 1290 2137 1370 -2

2132 1380 2137 1447 1

2130 1452 2137 1549 l
