2118 3184
505 416 730 450 CHRONICA
760 417 926 451 AEGIDII
954 417 993 450 Ll
1024 417 1185 451 Mttlsffi.

492 524 580 558 lllud
600 524 697 571 quod
717 531 791 558 crat
811 524 1014 558 tenendum.

492 583 530 616 Et
548 582 670 616 audito
690 582 835 616 consilio

492 642 547 674 sic
566 640 649 674 dato
669 654 687 673 a
707 641 874 684 concilio,

492 700 645 733 lustituit
664 699 875 733 decretalem

394 756 463 792 580
492 758 624 791 Novam
645 765 750 804 atque
771 758 874 791 talem
894 758 1034 804 qualem

489 815 680 850 Consilium
701 816 945 859 concordavit7

490 875 737 920 Omnibusque
757 875 1011 922 promulgavit.

491 932 632 966 Mittens
651 945 728 965 eam
747 932 966 966 scholaribus

490 991 528 1023 ln
549 989 673 1024 studiis
694 990 883 1023 nobilibus.

395 1046 466 1083 585
493 1048 561 1088 Qui
582 1048 719 1094 copiam
740 1048 814 1081 vult
832 1048 962 1082 habere

491 1107 609 1140 Potest
627 1107 671 1140 ab
691 1106 739 1140 eis
758 1113 889 1152 petere.

280 1263 333 1297 De
346 1270 456 1297 morte
470 1267 685 1297 sanctissimi
691 1267 810 1310 patris
827 1265 1086 1312 clomz'm'pctpae
1100 1266 1292 1300 Benedicti.

492 1403 728 1448 Temporibus
747 1402 927 1436 Benedicti

491 1462 670 1496 Pontificis
689 1461 904 1508 supradicti,

489 1520 803 1566 Quamplurimum
821 1528 1015 1554 evenerunt

392 1577 463 1613 590
493 1579 606 1627 Digna
624 1578 726 1612 laude
744 1585 779 1612 et
795 1579 942 1613 fuerunt
954 1607 962 1623 7

491 1638 582 1671 Bene
601 1644 697 1684 patet
715 1650 778 1684 per
796 1637 976 1684 praedicta
1011 1641 1015 1646 '

489 1696 587 1737 Quae
606 1709 686 1731 vera
705 1703 789 1730 sunt
807 1703 842 1730 et
860 1709 930 1730 non
953 1697 1046 1731 ficta.

492 1755 598 1797 Quod
617 1756 753 1789 honum
773 1762 825 1789 est
843 1756 1028 1804 registrare

490 1814 532 1847 Et
548 1814 678 1847 futuris
695 1814 870 1848 intimare.

444 1883 447 1886 ’
490 1872 551 1906 Hie
568 1873 691 1906 statuit
708 1872 902 1906 cardinales
916 1899 924 1915 ‚

392 1872 414 1906 0<

417 1871 463 1907 ἕξ

489 1931 530 1964 Et
547 1931 638 1964 bene
655 1937 803 1977 apparet
821 1930 943 1977 quales

488 1989 600 2024 Hodie
619 1991 655 2024 in
675 1991 835 2039 collegio.

490 2049 693 2096 Omnesque
712 2049 841 2083 affectu
859 2050 918 2095 pio

490 2107 603 2154 Supra
623 2107 771 2142 modum
789 2107 958 2156 diligebat
971 2135 979 2150 ,

395 2164 464 2198 600
491 2165 533 2199 Et
551 2166 634 2199 tales
652 2166 859 2200 instituebat

491 2223 560 2264 Qui
579 2236 700 2272 regere
718 2224 898 2258 eeclesiam

491 2281 654 2315 Sanctam
675 2288 824 2315 matrem
842 2288 998 2315 nostram
1018 2283 1111 2327 piam

491 2339 579 2374 Cum
599 2352 640 2374 eo
659 2346 802 2386 possent
820 2346 855 2373 et
871 2340 1001 2373 scirent

492 2400 607 2444 Atque
620 2398 701 2444 jura
720 2397 950 2439 sustinerent3

393 2456 463 2492 605
490 2457 568 2491 Non
588 2463 682 2491 certe
700 2468 782 2490 suos
799 2463 966 2505 cognatos
979 2483 988 2499 ,

490 2515 558 2550 Sed
577 2516 739 2550 homines
757 2515 945 2558 litteratos7
