2118 3184
572 396 799 432 etmoxlcx
831 397 996 431 annual
1027 397 1066 431 Ll
1098 397 1258 433 Mt'lStS.
1610 400 1670 434 161

155 503 232 537 bilis
251 511 408 538 eventus.
440 504 530 544 Quia
556 510 736 537 matronae
755 503 799 537 de
820 505 997 538 nobilibus
1019 506 1100 539 viris
1124 506 1194 538 suis
1217 504 1378 539 viduatae
1401 506 1552 539 multum
1574 506 1672 553 luge—

155 562 259 596 bant.
286 570 319 596 et
342 576 378 596 se
404 575 467 609 per
492 563 634 596 nuntios
660 562 851 608 aliquando
871 570 902 596 vt
930 577 1031 610 saepe
1055 564 1202 598 invicem
1224 564 1452 609 personaliter
1478 564 1671 599 visitando,

155 627 258 666 prout
289 621 413 654 melius
440 627 601 667 poterant
635 621 826 654 visitantes,
858 621 1015 655 Tandem
1048 622 1194 669 contigit
1223 621 1341 668 quod.
1376 623 1493 655 nescio
1519 635 1591 668 quo
1618 623 1673 656 in—

154 680 283 713 stinctu
297 706 305 714 .
328 680 362 713 in
382 679 440 712 illo
460 686 619 725 tempore
638 679 783 726 quidam
803 693 838 711 se
859 687 985 713 mutuo
1004 680 1263 714 coadunantes.
1286 688 1409 714 cuntes
1426 694 1487 727 per
1501 681 1649 727 patriam
1663 708 1670 713 .

156 739 327 786 fingentes
343 751 379 771 se
394 738 574 785 religiosos
589 745 669 772 actu
690 745 721 771 ct
744 739 866 772 habitu
880 766 887 772 .
911 739 1095 772 visitabant
1115 738 1225 772 dictas
1243 739 1404 772 dominas
1423 747 1452 772 ct
1477 746 1670 773 matronas.

154 796 277 830 dantes
301 797 350 831 eis
374 797 569 844 intelligere
595 797 693 843 quod
719 796 763 830 de
789 798 921 830 maritis
945 809 1069 831 corum
1103 810 1190 831 nova
1218 797 1384 831 haberent
1415 798 1503 831 infra
1531 804 1673 843 septen-

155 856 272 891 nium,
301 862 333 889 ct
357 856 468 889 vocati
489 856 633 889 fuerunt
655 862 738 889 tunc
762 856 930 901 temporis
954 850 1038 889 tales
1063 856 1268 903 religionem
1294 857 1465 903 tingentes
1485 855 1674 903 vulgariter

154 914 317 948 Loesdieu
334 914 358 947 ¹.
383 914 517 948 Accidit
532 942 539 948 .
561 913 658 960 quod
678 914 771 948 dicta
792 914 898 948 Maria
917 914 1102 948 castellana
1124 915 1282 961 religiose
1296 927 1332 948 se
1346 927 1491 962 gerens.
1514 921 1544 947 ct
1567 926 1670 947 sumn

155 974 321 1007 maritum
340 973 490 1020 diligens
508 980 541 1006 et
562 973 685 1020 lugens
699 999 706 1005 .
729 972 883 1018 quadam
907 972 963 1005 die
987 973 1051 1006 fuit
1073 985 1153 1006 cum
1178 973 1252 1006 aliis
1271 973 1459 1006 matronis.
1485 979 1517 1006 et
1539 972 1585 1005 ibi
1606 972 1671 1005 sibi

155 1031 222 1065 fuit
241 1032 462 1073 nuntiatum,
484 1031 582 1077 quod
601 1031 797 1064 johannes.
818 1031 964 1065 maritus
983 1043 1084 1064 suus⁸
1106 1030 1224 1064 adbuc
1242 1031 1384 1064 viveret..
1407 1032 1505 1071 Quat·
1524 1029 1670 1075 decepta

153 1090 243 1124 sicut
260 1090 346 1124 aliae
362 1096 560 1124 matronae.
579 1090 666 1123 sicut
683 1090 790 1123 moris
805 1096 855 1123 est
871 1089 1084 1123 feminarum
1098 1116 1105 1129 ,
1122 1088 1229 1122 fidem
1246 1088 1407 1122 adhibuit
1423 1089 1488 1122 illis
1502 1088 1671 1134 decepto-

154 1148 253 1182 ribus
270 1148 400 1182 vocatis
414 1147 575 1182 Loedt'eu.
597 1148 802 1182 processum
820 1147 1028 1193 receptionis
1047 1154 1079 1180 et
1100 1148 1259 1180 omnium
1279 1147 1513 1180 accidentium
1534 1147 1578 1180 de
1598 1147 1667 1181 illo.

154 1207 215 1253 qui
241 1219 276 1240 se
301 1207 456 1254 lingebat
478 1218 551 1239 esse
569 1206 767 1239 Johannem
794 1205 838 1238 de
868 1205 995 1238 Vreson
1023 1205 1286 1250 praetermitto,
1312 1205 1395 1250 quia
1422 1204 1669 1238 certitudinem

154 1277 224 1298 non
244 1265 370 1298 scirem
384 1264 555 1298 scribere.
578 1275 642 1297 nec
664 1261 812 1296 reddere
830 1262 1001 1296 rationem
1017 1289 1024 1305 ,
1045 1261 1144 1308 quod
1159 1268 1275 1295 tamen
1291 1261 1408 1296 audivi
1427 1268 1462 1295 et
1482 1262 1550 1296 vidi
1573 1264 1670 1297 testi—

155 1324 240 1358 ficor
258 1323 349 1356 sicut
367 1322 540 1367 sequitur.

202 1383 303 1416 Anno
327 1379 507 1414 MCCCvH
527 1406 535 1422 7
559 1379 723 1413 vicesima
740 1380 842 1413 tertia
857 1378 914 1413 die
936 1379 1133 1421 Februarii,
1153 1380 1250 1413 venit
1268 1379 1304 1412 in
1324 1379 1484 1413 Tornaco
1500 1391 1580 1413 cum
1602 1393 1671 1414 ma-

154 1452 223 1489 gna
243 1439 407 1474 comitiva
431 1437 577 1485 quidam
601 1450 726 1486 gerens
745 1450 780 1472 se
802 1445 972 1484 tanquam
991 1444 1080 1471 esset
1101 1437 1280 1472 Johannes
1298 1437 1342 1471 de
1369 1431 1513 1480 Γνεὲοη,
1534 1445 1568 1472 et
1591 1451 1671 1473 cum

153 1511 194 1533 eo
211 1498 377 1533 dominus
395 1497 595 1532 Ludovicus
607 1525 615 1540 ‚
637 1510 755 1531 comes
768 1496 813 1531 de
832 1497 989 1540 Ez-reus7
1007 1497 1116 1531 frater
1129 1497 1285 1543 Philippi
1298 1524 1306 1540 7
1329 1497 1420 1544 regis
1435 1497 1597 1531 Franciae
1611 1525 1619 1530 .
1638 1505 1673 1531 et

155 1558 306 1592 visitavit
329 1557 510 1592 ecclesiam
534 1557 572 1590 B.
598 1556 728 1591 Mariae
752 1556 1003 1599 Tornacensis7
1027 1562 1062 1589 et
1085 1556 1199 1599 venit7
1226 1562 1261 1590 et
1284 1568 1319 1589 se
1341 1556 1569 1601 praesentavit
1592 1563 1671 1589 tan-

154 1629 262 1664 quam
281 1615 509 1658 castellanus7
536 1621 570 1649 et
589 1622 664 1649 erat
686 1615 807 1661 opinio
830 1615 926 1662 vulgi
948 1614 1103 1655 diversa3
1128 1614 1211 1661 quia
1231 1614 1288 1647 alii
1315 1613 1480 1648 dicebant
1506 1614 1578 1660 ipse
1598 1622 1668 1648 est.

153 1675 209 1709 alii
243 1674 408 1709 dicebant
436 1686 519 1707 non.
549 1673 615 1707 lvit
641 1680 759 1707 tamen
790 1673 826 1706 in
853 1673 994 1707 castello
1019 1673 1055 1706 in
1079 1673 1205 1707 Bruleo
1231 1679 1401 1719 tanquam
1429 1672 1611 1715 dominus7
1637 1681 1671 1707 et

153 1740 233 1780 post
250 1732 347 1780 apud
365 1732 461 1766 villas
480 1731 524 1765 de
543 1731 671 1766 Lutosa
691 1738 725 1766 et
743 1731 901 1766 Condato
914 1758 922 1774 ‚
945 1738 979 1765 et
998 1743 1061 1778 per
1082 1738 1193 1765 totam
1215 1731 1449 1765 castellaniam
1469 1731 1536 1765 fnit
1555 1744 1671 1778 recep-

153 1800 211 1827 tus
231 1799 266 1826 et
284 1791 480 1826 dominavit
493 1790 526 1834 2,
549 1797 583 1824 et
601 1790 748 1825 fuerunt
767 1791 831 1824 sibi
853 1803 873 1825 a
892 1791 1130 1831 monasteriis,
1156 1790 1335 1836 capitulis7
1358 1789 1464 1831 villis7
1493 1790 1671 1824 nobilibus

155 1858 189 1885 et
215 1851 430 1899 ignobilibus
449 1849 541 1884 dona
560 1850 712 1896 plurima
732 1856 951 1897 praesentata
972 1856 1006 1883 et
1032 1849 1197 1897 homagia
1223 1849 1331 1890 factag
1363 1856 1481 1883 tamen
1508 1861 1672 1882 murmur

155 1910 288 1944 multus
313 1908 358 1943 de
383 1920 425 1942 eo
448 1915 521 1942 erat
545 1909 580 1942 in
607 1909 760 1955 populo,
790 1915 825 1942 et
847 1909 988 1955 plurimi
1019 1907 1062 1941 de
1089 1920 1130 1941 eo
1152 1906 1365 1941 dubitabant
1391 1906 1561 1949 finaliter‚
1589 1907 1671 1953 quia

155 1968 242 2002 nihil
260 1974 445 2014 opertum„
467 1967 565 2014 quod
585 1980 656 2001 non
676 1968 869 2010 reveletur7
892 1979 1007 2013 neque
1025 1965 1292 2010 absconditum,
1313 1965 1412 2013 quod
1430 1978 1502 1999 non
1521 1966 1667 2004 sciatur.,

155 2026 325 2072 deceptus
349 2025 416 2059 fuit
436 2031 470 2059 et
493 2025 661 2071 paulatim
683 2026 777 2059 venit
798 2026 872 2072 ejus
897 2025 1105 2071 perversitas
1126 2031 1160 2058 et
1185 2024 1347 2070 deceptio
1369 2023 1413 2057 ad
1432 2023 1592 2057 notitiam
1606 2050 1615 2066 a
1636 2030 1670 2057 et

154 2085 223 2118 fuit
241 2083 335 2118 dicta
354 2083 538 2117 castellana
560 2084 711 2118 multum
732 2084 929 2130 vituperata
943 2089 975 2117 et
995 2083 1085 2117 forte
1099 2082 1173 2116 sine
1187 2095 1311 2125 causa,
1333 2089 1367 2115 et
1385 2082 1453 2115 fuit
1472 2081 1586 2115 dictus
1605 2081 1670 2115 de-

155 2149 278 2189 ceptor
301 2149 508 2189 prosecutus
526 2148 560 2176 et
582 2149 786 2188 persecutus
804 2143 848 2176 ab
870 2142 1011 2185 amicis7
1036 2154 1055 2175 a
1078 2141 1308 2175 servientibus
1330 2147 1364 2174 ct
1385 2138 1535 2173 subditis
1555 2139 1669 2174 dictae

155 2201 372 2236 castellanae.
401 2201 448 2235 Eo
470 2207 646 2247 tempore7
671 2201 837 2235 domiuus
860 2201 1090 2249 Ingclrannus
1113 2199 1157 2233 de
1178 2199 1348 2246 Marefflzz‘
1365 2199 1456 2233 circa
1483 2198 1669 2233 dominum

155 2272 275 2308 regem
297 2259 459 2293 Franciae
479 2271 628 2307 magnus
648 2259 858 2294 habebatur.
888 2259 956 2293 Iste
977 2258 1143 2292 sustinuit
1160 2270 1223 2303 per
1241 2258 1386 2305 longum
1411 2263 1551 2303 tempus
1571 2257 1669 2291 illum

155 2317 400 2364 deceptorem,
423 2318 568 2364 cupiens
590 2318 823 2352 castellaniam
850 2325 885 2352 et
907 2324 1060 2352 castrum
1079 2317 1123 2351 de
1144 2316 1352 2351 Mauritania
1377 2328 1486 2365 regno
1508 2316 1670 2351 Franciae.

194 2456 203 2474 ¹
226 2455 408 2483 probabiliter
428 2456 513 2482 Loue:
536 2456 621 2490 Di'eu,
643 2457 707 2492 quia
730 2455 887 2492 hypocritae
976 2455 988 2473 '⁴'
1007 2454 1166 2482 Correctum
1184 2464 1220 2480 m.
1237 2463 1263 2490 p.
1279 2454 1435 2480 dominatus
1448 2459 1499 2480 est.

155 2502 263 2539 saepius
277 2502 328 2529 has
341 2511 421 2529 voces
435 2503 595 2530 efferebant.

257 2549 344 2585 Tou.
375 2550 419 2584 ΙΙ.
1526 2548 1570 2581 21
