2118 3184
585 406 810 441 CHRONICA
839 406 1159 441 TORNACENSIS.
1554 406 1625 440 499

118 520 230 548 retur.
259 516 426 549 nonnulla
449 522 654 549 ornamenta
675 515 903 549 'Fornace-usis
924 515 1088 549 ecclesiae
1112 527 1176 561 pro
1202 515 1255 548 sui
1279 513 1520 561 redemptione
1538 525 1624 546 ven-

117 570 189 605 dita
214 573 284 606 suis
307 572 529 618 adjutoribus
553 572 761 618 dereliquit7
787 573 974 607 nonnullos
999 573 1156 607 redditus
1178 573 1295 607 altaris
1314 572 1348 607 S.
1378 572 1563 606 salvatoris
1580 570 1624 605 de

118 630 243 677 Brugis
267 630 425 664 vendidit
445 631 622 664 canonicis
644 630 679 663 S.
707 631 910 664 Donatiani.
937 631 1124 665 nonnullos
1147 644 1229 665 vero
1254 631 1340 665 alios
1370 629 1528 664 redditus
1552 636 1623 664 tarn

117 688 279 722 altarium
300 695 518 722 caeterorum
535 701 642 735 quam
658 695 829 722 terrarum
847 690 1012 735 episcopii
1029 689 1200 723 distraxit.
1223 689 1310 723 Cum
1328 702 1410 723 vero
1425 689 1623 734 judicatum

120 747 238 780 fuisset
267 753 306 780 ut
332 759 411 780 cun]
438 746 579 781 duobus
601 747 773 793 episcopis
797 760 833 781 sc
856 747 900 781 de
923 749 1081 794 symonia
1108 755 1294 795 purgaret.
1319 748 1484 796 magister
1503 747 1626 781 Ansel-

117 817 212 847 mus.
230 812 306 839 tum
321 805 490 851 temporis
506 805 746 839 Laudunensis
765 807 876 839 scola(¹
893 806 1018 840 doctor
1033 807 1243 852 praecipuus
1258 813 1292 840 ct
1311 819 1373 852 per
1388 813 1499 840 totam
1518 806 1625 839 Fran-

117 864 207 897 ciam
234 875 299 909 pro
325 876 387 897 sua
412 864 555 897 scientia
578 864 847 906 famosissimum
871 865 1040 898 auxilium
1063 865 1310 911 episcoporum
1338 866 1369 899 ei
1391 865 1535 899 consilio
1561 876 1625 898 suo

117 921 277 955 abstulit.
293 922 453 955 conscius
471 935 529 956 eos
548 934 669 956 secure
687 935 755 956 non
772 936 871 969 posse
880 924 1000 969 jurare
1020 936 1101 957 eum
1120 924 1343 958 innocentem
1358 924 1445 958 fore.
1465 925 1530 958 Ubi
1544 936 1625 958 vcro

117 979 148 1013 ei
167 979 286 1014 multis
305 980 620 1014 intervenientibus
644 993 849 1014 concessum
872 988 923 1015 est
947 988 985 1014 ut
1007 982 1078 1015 sola
1104 994 1210 1015 manu
1233 994 1269 1016 se
1295 989 1481 1030 purgaret,
1502 983 1623 1030 Hssgoa

118 1038 364 1086 Lugdunensis
377 1039 662 1085 archiepiscopus
680 1047 713 1073 et
729 1040 938 1086 apostolicae
953 1039 1044 1073 sedis
1059 1041 1209 1087 legatus⁷
1229 1040 1352 1075 videns
1369 1053 1451 1075 eum
1467 1041 1552 1075 velle
1565 1041 1626 1086 ju-

118 1109 208 1140 rare7
229 1109 376 1145 surgens
390 1110 507 1132 coram
523 1099 689 1132 omnibus
707 1112 713 1131 :
737 1112 754 1129 «
769 1098 865 1139 Quid
879 1099 975 1138 facis.
994 1098 1121 1144 inquit.
1140 1098 1275 1132 infelix!
1295 1100 1356 1146 qui
1374 1098 1626 1145 malejurando

118 1156 270 1190 animam
286 1163 383 1190 tuam
398 1157 596 1191 interficere
610 1157 771 1203 quaeris?
789 1156 908 1190 desine
925 1157 969 1190 ab
988 1157 1056 1191 hoc
1071 1157 1274 1202 juramento
1289 1164 1323 1191 et
1342 1170 1405 1191 nos
1420 1158 1626 1203 impetrabi-

118 1227 196 1249 mus
210 1242 218 1248 .
240 1221 280 1248 ut
299 1214 406 1248 modo
425 1227 495 1248 non
514 1214 718 1261 deponaris,
740 1214 801 1248 sed
825 1227 886 1260 per
907 1215 1089 1248 biennium
1109 1214 1313 1248 dilationem
1332 1215 1484 1258 habens.
1508 1222 1627 1261 postea

117 1274 362 1320 pontificatum
377 1280 515 1319 sponte.v
532 1273 632 1319 quasi
647 1273 824 1320 religionis
839 1273 892 1306 vel
907 1273 1096 1306 senectutis
1112 1285 1228 1315 causa.
1246 1273 1392 1307 honeste
1405 1273 1572 1308 dimittas.
1591 1274 1625 1307 Si

119 1332 211 1366 enim
223 1331 395 1377 juraveris
406 1357 414 1373 ·,
431 1342 512 1365 ecce
527 1332 590 1365 tibi
606 1330 770 1377 praedico
784 1330 880 1376 quod
895 1330 940 1364 de
953 1331 1022 1364 hoc
1037 1343 1129 1364 anno
1144 1343 1225 1364 cum
1240 1331 1375 1365 honore
1390 1344 1460 1365 non
1471 1333 1592 1366 exibis.
1606 1348 1623 1364 »

120 1390 332 1436 Episcopus7
354 1389 444 1422 sicut
464 1395 646 1435 coeperat.
674 1401 818 1422 manum
841 1400 948 1434 super
971 1388 1211 1435 evangelicum
1231 1396 1365 1422 textum
1385 1391 1519 1436 posuit,
1540 1398 1575 1424 et
1592 1404 1628 1424 se

120 1449 344 1482 innocentem
363 1447 408 1481 de
425 1448 584 1493 symonia
594 1447 717 1493 jurans
734 1459 878 1481 securus
898 1446 942 1480 de
959 1447 1105 1481 consilio
1119 1447 1225 1481 exivit
1241 1454 1275 1481 et
1295 1448 1495 1483 Tornacum
1510 1450 1624 1483 rediit.

119 1506 205 1541 Post
222 1518 353 1552 paucos
371 1505 446 1539 dies
466 1506 590 1554 Brugis
608 1506 695 1540 abiit
716 1512 750 1539 et
768 1518 832 1551 pro
851 1505 1054 1538 infirmitate
1078 1517 1140 1539 sua
1161 1506 1273 1539 minui
1296 1507 1467 1554 sanguine
1490 1507 1625 1550 volens.v

120 1564 208 1599 dum
235 1563 394 1598 medicus
417 1571 657 1610 exspectatur.
685 1564 757 1610 ipse
780 1576 845 1609 pro
872 1575 1041 1609 corporea
1061 1564 1264 1598 necessitate
1283 1565 1451 1599 interiora
1475 1566 1629 1600 cubiculi

121 1622 340 1673 ingreditur.
369 1623 430 1657 ubi
459 1635 542 1657 cum
568 1623 702 1657 diutius
728 1629 944 1665 moraretur,
974 1635 1066 1656 unus
1092 1635 1134 1656 ex
1160 1623 1328 1657 ministris
1359 1636 1440 1657 eum
1464 1631 1625 1658 secutus.

121 1682 215 1717 videt
233 1694 316 1716 eum
335 1694 455 1716 coram
469 1681 550 1716 sede
574 1681 781 1727 resupinum
800 1680 983 1724 cecidisse.
1009 1688 1044 1715 et
1066 1693 1149 1715 cum
1168 1681 1278 1715 nimio
1299 1682 1469 1716 exclamat
1486 1682 1625 1717 dolore:

121 1741 283 1788 protinus
309 1753 434 1775 omnes
457 1741 603 1789 ingressi
629 1741 815 1774 inveniunt
840 1753 921 1774 eum
948 1740 1097 1786 paralysi
1127 1739 1355 1783 dissolutumq
1385 1742 1627 1776 membrorum

121 1800 253 1835 scilicet
270 1806 305 1834 et
323 1800 464 1848 linguae
483 1799 638 1834 officium
657 1799 864 1846 perdidisse.
888 1799 984 1833 Inter
1001 1811 1126 1833 manus
1145 1799 1298 1833 levatum
1317 1799 1361 1834 ad
1380 1800 1510 1834 lectum
1529 1800 1628 1834 defe-

122 1865 225 1902 runt7
246 1865 281 1892 et
300 1865 379 1904 post
401 1870 532 1904 paucos
550 1857 624 1892 dies
650 1859 724 1892 sine
750 1858 969 1892 confessione
995 1857 1128 1891 deflent
1157 1858 1378 1892 morientem.
1410 1858 1489 1892 Non
1514 1859 1629 1893 solum

120 1928 202 1952 vero
225 1929 332 1963 super
351 1929 393 1950 eo
412 1917 460 1950 illi
482 1923 568 1951 tunc
584 1924 784 1963 praesentes
808 1916 1019 1959 doluerunt7
1041 1915 1104 1949 sed
1121 1916 1226 1950 etiam
1249 1929 1314 1950 nos
1336 1916 1423 1951 haec
1441 1917 1630 1952 referentes

120 1989 186 2023 pro
216 1982 334 2010 tantae
368 1976 553 2022 probitatis
588 1977 664 2010 viro
689 1976 884 2024 gemimus,
915 1976 1063 2009 scientes
1089 1975 1242 2009 multum
1265 1975 1543 2021 pertimescenda
1568 1989 1630 2010 oc-

121 2035 215 2070 culta
226 2034 360 2081 judicia
375 2035 436 2068 Dei
449 2062 457 2077 .
476 2035 642 2069 terribilis
660 2036 695 2068 in
714 2035 866 2069 consiliis
885 2046 992 2080 super
1010 2034 1099 2067 filios
1118 2034 1318 2068 hominum.

169 2093 219 2127 Eo
235 2093 354 2139 itaque
369 2093 496 2141 Brugis
514 2093 697 2136 defuncto.
719 2092 780 2127 sed
803 2093 1004 2126 Tornacum
1023 2091 1210 2137 deportato
1228 2099 1264 2126 et
1281 2093 1317 2126 in
1335 2093 1479 2126 ecclesia
1494 2093 1532 2126 B.
1554 2093 1630 2128 Ma-

123 2153 193 2185 riae
210 2151 365 2197 sepulto.
387 2151 568 2186 Baldricus
589 2152 619 2185 ei
639 2151 814 2195 succedit7
835 2151 995 2185 Baldrico
1015 2151 1243 2193 Lambertus.
1265 2151 1452 2185 Lamberto
1473 2151 1606 2198 Symon
1619 2180 1627 2195 .

120 2222 230 2256 quem
250 2209 377 2243 nostris
396 2210 615 2255 temporibus
633 2210 862 2243 relevatorem
881 2216 916 2242 et
938 2215 1220 2242 conservatorem
1241 2209 1470 2243 Tornacensis
1487 2210 1629 2245 ecclesia

122 2267 269 2310 habuit.
291 2268 353 2313 qui
368 2268 508 2313 juvenis
526 2280 567 2301 ex
590 2268 698 2316 regali
718 2268 880 2314 prosapia
903 2274 1002 2301 ortus
1019 2279 1207 2314 germanus
1227 2267 1294 2301 fuit
1312 2267 1450 2301 Radulfi
1463 2295 1471 2311 ,
1493 2269 1630 2303 comitis

124 2325 358 2360 Pheronensis
369 2352 378 2367 ‚
394 2326 455 2372 qui
467 2326 572 2359 ambo
587 2326 732 2359 fuerunt
746 2326 807 2358 filii
823 2325 981 2373 Hugonis
994 2325 1144 2366 comitis.v
1159 2332 1396 2373 cognomento
1410 2326 1528 2375 Magni
1539 2354 1547 2370 7
1568 2328 1630 2374 qui

125 2396 316 2432 germanus
330 2384 461 2417 exstitit
471 2383 624 2430 Philippi
640 2384 852 2417 Francorum
868 2383 970 2430 regiS.
990 2383 1051 2417 Hic
1065 2395 1150 2430 ergo
1164 2383 1270 2431 longo
1285 2389 1443 2430 tempore
1456 2386 1607 2430 praefuit
1620 2412 1628 2418 .

124 2442 244 2476 altaria
266 2442 412 2488 pristina
434 2454 642 2488 recuperare
665 2441 843 2488 nequivit7
869 2440 931 2475 sed
951 2453 991 2475 ea
1015 2441 1136 2475 altaria
1161 2453 1252 2487 quae
1273 2440 1526 2476 decedentibus
1549 2456 1630 2489 per-

125 2500 219 2534 sonis
236 2500 302 2534 sibi
321 2507 565 2534 remanserunt
583 2500 734 2534 ecclesiis
754 2499 909 2534 tradidit.
933 2499 1040 2545 Cujus
1058 2499 1226 2533 relatione
1250 2499 1515 2547 multorumque
1533 2503 1631 2536 testi-
