2137 3131
465 376 534 411 51ss
807 372 980 407 CORPUS
1006 370 1334 406 CHRONICORUM
1363 371 1624 404 FLANDRIAE.

467 484 528 516 tini
554 483 787 515 vorabantur.
817 492 904 525 quas
927 478 1071 525 quando
1101 478 1441 524 rccupcrzu'erimus,
1470 479 1573 511 series
1597 476 1770 511 secundae
1794 478 1967 511 instaura—

467 540 570 573 tionis
590 538 794 572 declarabit.
821 538 876 570 llis
895 536 939 570 de
962 537 1170 583 propinquis
1190 537 1465 582 possessionibus
1479 536 1603 575 dictis;
1624 535 1668 569 ad
1683 548 1720 569 ea
1740 534 1968 569 describenda

467 612 557 644 quac
581 599 614 630 in
641 597 858 643 longioribus
877 597 1065 642 provinciis
1088 595 1319 642 possederunt
1340 595 1522 629 flectamus
1548 595 1726 628 articulos.
1758 594 1795 627 ln
1819 594 1971 627 confinio

468 656 678 689 Parisiorum
698 654 779 688 data
798 661 848 687 est
864 654 941 687 villa
960 654 1044 688 huic
1062 654 1224 688 ccclesiae
1240 666 1302 699 per
1322 653 1414 687 idem
1431 660 1586 699 tempus,
1611 654 1753 686 nomine
1771 652 1905 698 Supczs,
1927 651 1971 684 ab

468 713 689 760 Ingelramno
715 713 842 746 comite
866 712 910 746 de
933 711 1204 746 Castellandum.
1230 711 1378 745 Videtur
1401 718 1518 745 autem
1537 723 1734 759 congruum
1755 721 1972 744 commemo-

468 784 543 804 rare
558 770 739 816 quomodo
753 770 1092 816 deprehenderimus
1107 777 1182 815 post
1198 777 1268 803 tam
1285 769 1453 803 diuturna
1468 776 1625 815 tempora
1643 776 1677 802 et
1694 769 1729 802 in
1745 775 1815 802 tam
1832 768 1972 815 longin-

466 842 535 875 qua
554 828 696 875 regione
714 828 828 861 villam
850 828 1045 874 antiquitus
1064 840 1126 861 nos
1152 827 1356 873 possedisse.

515 886 668 927 Quidam
678 886 689 906 ¹
704 899 744 919 ex
760 887 940 920 monachis
952 887 1076 920 nostris
1087 886 1331 921 Corturiacum
1346 886 1390 919 ad
1405 885 1630 920 Clementiam
1642 884 1972 919 comitissamdirec-

465 953 535 989 tus,
553 946 740 979 invenitibi
755 945 946 994 quem-dam
961 946 1124 979 abbatem
1140 946 1201 991 qui
1213 945 1257 979 ad
1272 945 1431 979 eamdem
1447 951 1601 988 venerat,
1619 957 1638 978 a
1652 957 1723 991 quo
1738 945 1973 991 interrogatus

466 1004 561 1039 unde
576 1011 677 1038 esset.
691 1017 772 1038 cum
787 1004 831 1038 de
847 1004 880 1037 S.
895 1005 1045 1038 Martino
1057 1005 1266 1038 'fornacensi
1281 1016 1317 1037 se
1331 1016 1403 1037 esse
1418 1003 1651 1049 respondisset
1664 1030 1672 1046 ,
1689 1003 1796 1037 abbas
1810 1002 1972 1048 protinus

467 1063 522 1096 ille
538 1063 757 1108 percunctari
774 1063 890 1108 coepit
904 1063 963 1096 ubi
983 1069 1071 1096 esset
1087 1069 1119 1096 et
1137 1063 1237 1108 cujus
1255 1061 1351 1096 modi
1366 1069 1455 1095 esset
1467 1062 1605 1096 abbatia
1620 1061 1655 1095 S.
1678 1061 1817 1095 Martini
1835 1060 1972 1094 Torna-

467 1121 590 1155 censis.
611 1121 771 1167 Cumque
787 1121 981 1155 monachus
996 1134 1105 1167 prope
1120 1134 1195 1155 eam
1210 1133 1282 1154 esse
1299 1133 1363 1154 nec
1376 1121 1557 1166 antiquam
1572 1120 1633 1154 sed
1647 1132 1773 1154 novam
1788 1125 1823 1153 ct
1837 1125 1917 1153 ante
1931 1131 1974 1152 xx

468 1192 577 1213 annos
592 1185 829 1213 constructam
845 1179 950 1212 fuisse
964 1179 1103 1213 dixisset
1115 1206 1122 1218 ,
1141 1179 1248 1212 abbas
1266 1179 1428 1225 protinus
1442 1179 1623 1224 subjunxit
1640 1191 1646 1211 :
1665 1193 1682 1208 <t
1697 1178 1805 1221 Vere,
1821 1177 1882 1211 sed
1896 1177 1974 1223 plus

468 1250 574 1283 quam
585 1236 835 1284 quadringenti
846 1238 926 1270 anni
939 1238 1101 1271 transacti
1116 1244 1210 1280 sunt,
1224 1250 1263 1270 ex
1273 1250 1345 1284 quo
1356 1237 1494 1271 abbatia
1504 1236 1539 1270 S.
1552 1237 1691 1270 Martini
1707 1237 1796 1271 facta
1808 1243 1871 1270 est.
1885 1236 1973 1270 Nam

467 1296 502 1329 in
517 1295 658 1329 ecclesia
676 1302 793 1329 nostra
807 1295 924 1329 adhuc
939 1302 1123 1329 servantur
1136 1296 1316 1342 privilegia
1331 1295 1365 1329 S.
1384 1296 1523 1329 Martini
1536 1296 1777 1338 Tornacensis,
1790 1307 1880 1342 quae
1895 1306 1973 1328 mo-

469 1353 571 1387 nachi
587 1353 661 1398 ejus
682 1353 966 1387 'Normannorum
983 1354 1260 1399 persecutionem
1281 1354 1455 1402 fugientes
1474 1353 1517 1387 ad
1537 1366 1600 1387 nos
1618 1354 1829 1397 attulerunt,
1854 1354 1974 1400 ibique

468 1412 698 1457 reliquerunt.
712 1411 784 1458 Ego
794 1411 867 1456 ipse
876 1411 1054 1445 multoties
1065 1412 1219 1457 quaesivi
1234 1412 1379 1445 ubinam
1393 1418 1567 1445 terrarum
1577 1412 1620 1445 sit
1634 1412 1775 1446 ecclesia
1785 1413 1820 1446 S.
1833 1412 1973 1446 Martini

471 1470 715 1512 Toriiaceilsis,
737 1469 797 1503 sed
812 1469 981 1504 hactenus
995 1471 1082 1504 scire
1097 1471 1251 1516 nequivi.
1269 1486 1286 1503 n
1304 1471 1395 1504 Tum
1412 1471 1585 1504 monacho
1600 1472 1763 1505 abbatem
1777 1472 1974 1505 sciscitante

469 1528 564 1561 unde
577 1534 682 1571 esset,
702 1528 864 1561 abbatem
885 1528 928 1561 de
949 1529 969 1561 F
973 1529 1110 1562 errariis
1127 1541 1162 1562 se
1181 1541 1254 1562 esse
1274 1528 1466 1574 respondit.
1490 1529 1643 1577 Rogatus
1662 1542 1743 1563 vero
1765 1530 1915 1563 multum
1935 1537 1976 1563 ut

471 1587 670 1620 'fornacum
689 1587 839 1629 veniret,
858 1599 929 1620 non
943 1587 1006 1620 sibi
1022 1599 1144 1621 vacare
1159 1586 1354 1633 respondit.
1372 1587 1567 1621 Monachus
1581 1587 1719 1621 rediens
1734 1600 1816 1622 cum
1830 1588 1899 1622 hoc
1914 1601 1975 1623 no-

468 1646 521 1679 his
536 1645 723 1688 retulisset,
740 1645 832 1679 illico
847 1658 968 1679 rursus
981 1658 1063 1679 cum
1077 1646 1144 1679 alio
1158 1646 1353 1680 litterarum
1368 1646 1481 1691 perito
1496 1645 1741 1680 Corturiacum
1751 1674 1760 1689 ,
1776 1647 1972 1681 sciscitandi

469 1704 605 1749 plenius
619 1703 743 1751 gratia,
756 1703 959 1747 remittitur,
977 1703 1037 1737 sed
1047 1704 1154 1737 abbas
1164 1704 1225 1750 qui
1236 1704 1309 1749 jam
1323 1703 1525 1738 discesserat
1540 1717 1611 1738 non
1625 1705 1813 1739 invenitur.
1827 1705 1976 1753 Magnus

469 1762 569 1795 nobis
584 1761 697 1805 dolor,
715 1774 841 1809 magna
855 1763 1014 1808 quaestio
1028 1763 1196 1805 exoritur,
1213 1763 1274 1796 ubi
1289 1763 1333 1796 sit
1349 1763 1573 1797 Ferrariensis
1592 1763 1752 1807 ecclesia,
1773 1764 1976 1810 quaerimus

469 1819 528 1854 sed
546 1819 679 1853 discere
698 1820 897 1865 nequimus.
923 1820 1005 1853 Post
1020 1819 1110 1854 duos
1129 1832 1238 1854 annos
1256 1821 1417 1868 generale
1436 1821 1624 1854 concilium
1641 1821 1756 1855 Remis
1771 1821 1938 1856 indicitur
1956 1834 1976 1856 a

469 1890 558 1924 papa
574 1877 718 1920 calixto,
732 1878 838 1911 fratre
848 1877 1057 1912 Clementiae
1072 1879 1285 1922 comitissae,
1302 1879 1364 1925 qui
1379 1879 1475 1924 prius
1489 1879 1557 1912 fuit
1565 1879 1769 1913 Viennensis
1782 1880 1976 1926 archiepis-

468 1950 577 1983 copus
587 1964 595 1979 ,
607 1943 641 1970 et
657 1937 848 1970 vocabatur
862 1936 989 1971 Guido.
1010 1938 1061 1971 Ibi
1076 1950 1153 1983 spes
1167 1937 1301 1984 aliquid
1316 1937 1482 1971 audiendi
1498 1938 1599 1971 nobis
1613 1939 1818 1972 renascitur.
1836 1938 1975 1987 Negotii

468 1996 574 2041 hujus
584 1995 762 2043 indagatio
776 1995 975 2043 injungitur
985 1996 1199 2039 Hermanno,
1216 1996 1278 2042 qui
1292 2002 1413 2042 postea
1426 1996 1533 2029 abbas
1548 1996 1583 2029 in
1600 2003 1719 2030 nostro
1728 1997 1899 2030 coenobio
1910 1997 1977 2031 cla-

470 2055 552 2088 ruit.
567 2054 635 2095 Qui
646 2066 823 2102 regressus
832 2067 850 2088 a
860 2055 1007 2088 concilio
1017 2055 1065 2088 sic
1079 2055 1180 2088 nobis
1193 2067 1232 2088 ea
1242 2067 1333 2101 quae
1343 2054 1638 2100 deprehenderat,
1651 2055 1824 2089 referebat
1832 2055 1952 2090 dicens
1965 2069 1971 2089 :

473 2128 489 2141 υ
518 2111 668 2146 Sedente
687 2113 853 2156 concilio,
875 2114 948 2159 ipse
969 2120 1042 2147 tota
1063 2113 1120 2147 die
1138 2114 1315 2147 circumeo
1334 2113 1513 2147 ecelesiam
1533 2114 1739 2148 Remensem
1763 2120 1796 2148 et
1821 2115 1857 2148 in
1879 2121 1977 2148 tanto

469 2178 642 2205 conventu
658 2184 844 2217 oppressus
863 2179 897 2206 et
917 2173 1137 2218 opprimens,
1159 2173 1371 2218 cuicumque
1389 2172 1563 2206 monacho
1581 2173 1704 2217 obvio7
1725 2173 1786 2207 ubi
1804 2173 1849 2207 sit
1862 2173 1977 2207 Ferra-

469 2230 536 2262 rias
548 2256 556 2271 ,
578 2225 737 2275 requiro,
756 2236 790 2264 et
803 2243 865 2277 per
880 2230 1037 2264 triduum
1053 2231 1141 2264 nihil
1160 2231 1318 2277 proficio.
1337 2230 1520 2265 Interdum
1539 2231 1683 2274 deficio,
1705 2231 1766 2265 sed
1781 2232 1868 2265 vires
1888 2232 1974 2265 mihi

468 2286 623 2321 reddidit
644 2288 700 2321 ille
730 2289 920 2323 versiculus
942 2302 948 2322 ;
984 2289 1101 2323 Labor
1126 2289 1307 2336 improbus
1333 2291 1450 2322 omnia
1482 2291 1598 2322 vincit.
1635 2289 1792 2323 Tandem
1822 2290 1858 2323 in
1884 2290 1976 2336 epis-

506 2416 512 2432 ¹
534 2417 607 2451 Quae
623 2422 791 2451 sequuntur,
812 2418 903 2455 legere
918 2418 982 2444 licet
995 2419 1021 2444 in
1039 2418 1195 2444 Herimanni
1245 2418 1434 2451 Tornacensis,
1448 2418 1475 2444 in
1490 2417 1625 2454 d’Acliery
1635 2418 1793 2454 sz'cileyio,
1805 2418 1848 2445 ed.
1860 2418 1888 2449 Ξ,
1902 2423 1922 2444 t.
1937 2419 1973 2452 Il,

469 2462 624 2488 narratione
648 2464 854 2490 restaurationis
878 2464 1003 2490 abbatiae
1029 2464 1057 2490 S.
1086 2465 1194 2490 Martini
1245 2474 1307 2500 pag.
1321 2466 1386 2499 901,
1402 2465 1454 2492 col.
1471 2466 1508 2497 A,
1523 2472 1553 2492 n⁰
1567 2466 1598 2492 41
1615 2471 1641 2492 et
1657 2466 1700 2491 42.
