2137 3131
450 400 520 435 736
793 394 968 430 CORPUS
996 390 1327 428 CHRONICORUM
1357 391 1622 426 FLANDRIAE.

450 515 574 554 spent«¹
588 505 748 552 deposuit
769 511 803 537 et
821 502 865 537 ad
880 503 996 536 locum
1007 500 1103 534 unde
1121 499 1252 533 exierat
1268 511 1446 543 reversus,
1466 498 1598 533 ibidem
1619 499 1721 533 beato
1737 499 1806 533 fine
1820 501 1964 546 quievit.

501 567 580 599 Post
593 576 698 610 quem
713 590 721 605 ,
739 563 815 608 piae
833 560 1022 594 memoriae
1035 586 1043 602 ,
1061 558 1227 592 dominus
1243 557 1389 605 Algotus
1404 558 1439 591 in
1454 557 1618 591 abbatem
1635 557 1797 606 eligitur,
1815 558 1876 604 qui
1891 566 1970 604 post

449 621 747 670 quinquennalem
774 618 1115 653 administrationem
1145 615 1189 649 ab
1218 627 1311 661 equo
1337 627 1402 650 suo
1428 614 1557 649 cadens
1574 642 1583 659 ,Ι
1613 622 1783 662 perpetua
1816 615 1970 664 langoris

450 681 649 715 infirmitate
665 684 868 723 correptus,
889 688 1010 710 curam
1026 674 1192 720 deposuit
1206 673 1415 719 pastoralem
1435 685 1529 707 anno
1544 673 1685 707 Domini
1704 672 1878 707 MCCXIX
1892 673 1917 707 ¹.

501 739 580 771 Post
599 737 695 769 hune
714 735 857 783 eligitur
875 733 1042 767 dominus
1062 732 1215 777 SteppO,
1238 743 1279 764 ex
1294 731 1423 779 insigni
1443 731 1606 777 prosapia
1622 731 1827 765 Harmoniae
1846 732 1972 766 oriun-

449 797 531 830 dus.
549 796 601 828 vir
615 795 772 828 urbanus
787 800 817 827 et
835 793 1007 826 discretus
1021 798 1056 825 et
1070 792 1105 825 in
1120 790 1234 824 officio
1253 802 1318 823 suo
1333 789 1520 836 providus,
1541 790 1603 836 qui
1618 790 1798 824 eeclesiam
1815 797 1970 825 nostram

451 867 511 900 per
524 853 810 900 quinquennium
827 850 1050 884 laudabiliter
1065 849 1291 897 gubernavit.
1329 847 1332 850 ⁴

497 913 558 947 Cui
575 913 609 945 in
625 912 795 959 regimine
812 910 975 956 pastorali
990 909 1155 943 suecessit
1171 907 1338 941 dominus
1354 908 1526 941 chricus
1538 935 1546 951 ,
1565 908 1695 941 montis
1709 908 1819 942 sancti
1831 907 1972 942 Martini

450 971 656 1013 eammieus,
679 970 730 1003 vir
750 970 873 1015 utique
892 969 927 1002 in
947 968 1086 1001 litterali
1101 967 1244 1001 scientia
1261 967 1421 1012 apprime
1436 966 1598 1000 eruditus
1616 973 1652 1000 et
1670 967 1766 1000 verbi
1789 967 1848 1000 Dei
1870 979 1973 1012 prae-

449 1030 583 1064 dicator
601 1030 776 1077 egregius.
803 1028 872 1069 Qui
892 1033 971 1073 post
992 1027 1175 1060 biennium
1198 1025 1326 1059 laboris
1345 1032 1379 1059 et
1398 1037 1565 1059 curarum
1583 1025 1763 1058 nimietate
1782 1025 1948 1073 fatigatus
1961 1051 1970 1067 ,

450 1095 573 1134 sponte
589 1100 709 1121 curam
728 1099 826 1120 suam
849 1086 1037 1133 resignavit
1052 1084 1142 1118 etad
1163 1084 1355 1118 claustrum
1372 1083 1467 1117 unde
1487 1090 1631 1117 venerat
1650 1095 1848 1131 regressus,
1869 1084 1973 1117 beato

451 1148 519 1180 lzine
535 1146 681 1192 quievit.

501 1205 581 1238 Post
595 1204 692 1237 hunc
706 1203 848 1251 eligitur
862 1201 1029 1235 dominus
1043 1201 1223 1234 Johannes
1236 1199 1281 1234 de
1296 1199 1426 1246 Spinis,
1442 1212 1536 1233 anno
1551 1199 1770 1244 MCCXXW,
1787 1201 1840 1234 vir
1853 1199 1974 1234 admo-

450 1262 534 1296 ‹lum
552 1263 752 1310 religiosus,
774 1262 835 1308 qui
856 1273 918 1306 per
937 1266 1092 1306 quatuor
1113 1271 1248 1292 menses
1267 1258 1430 1292 ecclesiae
1450 1265 1590 1292 nostrae
1612 1258 1862 1293 tantummodo
1877 1271 1975 1305 prae—

451 1321 586 1364 sidens,
608 1321 704 1369 gravi
720 1327 904 1366 correptus
923 1319 1145 1361 infirmitate,
1163 1318 1257 1351 diem
1273 1317 1397 1351 clausit
1414 1324 1626 1351 extremum.

500 1381 582 1414 Post
597 1392 703 1426 quem
724 1385 889 1413 evocatus
905 1385 956 1412 est.
975 1377 1019 1411 ad
1039 1377 1130 1411 hanc
1145 1376 1326 1423 pastoralis
1345 1388 1451 1410 curae
1471 1375 1680 1424 dignitatem
1697 1377 1749 1409 vir
1766 1375 1974 1410 venerabilis

455 1439 656 1481 memoriae,
673 1437 840 1471 dominus
855 1436 1042 1478 Rodulfus,
1061 1435 1152 1469 eirca
1162 1434 1362 1481 paschalem
1378 1434 1621 1476 festivitatem
1639 1435 1701 1480 qui
1716 1446 1798 1468 eum
1809 1434 1974 1468 ecelesiae

456 1504 593 1531 nostrae
606 1496 717 1542 xxxvij
734 1496 834 1530 annis
849 1494 1071 1529 laudabiliter
1085 1494 1293 1540 praefuisset
1306 1520 1314 1536 .,
1332 1499 1366 1526 et
1381 1493 1490 1539 ipsam
1507 1493 1673 1540 gravibus
1692 1493 1820 1527 debitis
1835 1499 1870 1526 et
1888 1505 1976 1526 usu-

454 1568 572 1589 rarum
588 1554 828 1588 exactionibus
843 1559 1083 1601 aggravatam,
1101 1551 1144 1585 de
1160 1557 1367 1598 paupertate
1381 1550 1426 1584 ad
1440 1550 1578 1584 divitias
1599 1557 1633 1584 et
1646 1563 1804 1585 summos
1821 1551 1976 1585 honores

453 1613 714 1659 tranquillitatis
733 1624 772 1646 ac
787 1612 883 1658 pacis
898 1611 1113 1657 provexisset
1124 1637 1132 1653 ,
1154 1609 1319 1658 grangias
1336 1609 1547 1643 animalibus
1567 1609 1768 1655 replevisset
1782 1636 1790 1653 τ
1811 1615 1846 1643 et
1863 1609 1977 1643 eecle-

454 1674 539 1706 siam
561 1678 715 1706 nostram
734 1671 896 1718 pluribus
911 1669 1099 1713 aedificiis,
1116 1669 1239 1712 terris,
1258 1668 1555 1714 possessionibus,
1571 1674 1606 1701 et
1620 1668 1725 1702 rebus
1739 1668 1813 1702 aliis
1829 1668 1974 1702 mirabi-

455 1732 532 1764 liter
547 1730 759 1776 ampliasset,
776 1729 959 1775 appositus
969 1734 1020 1762 est
1034 1727 1078 1762 ad
1090 1734 1205 1773 patres
1220 1739 1302 1760 suos
1316 1738 1410 1760 anno
1424 1725 1586 1760 videlicet
1596 1725 1807 1770 MCCXLVI,
1823 1726 1894 1772 xiiij
1906 1725 1973 1760 kal.

455 1789 534 1824 Maii
548 1816 555 1830 ,
578 1801 618 1822 eo
635 1788 716 1821 anni
736 1794 897 1833 tempore
909 1814 917 1830 ,
940 1798 1012 1833 quo
1027 1785 1243 1832 jamdudum
1264 1785 1395 1818 electus
1413 1784 1530 1818 fuerat
1547 1783 1592 1818 ad
1610 1785 1769 1832 regimen
1787 1784 1972 1830 pastorale.

504 1847 678 1881 Successit
691 1846 744 1879 vir
759 1845 928 1878 memoria
943 1845 1073 1892 dignus
1086 1871 1094 1887 ,
1112 1843 1236 1888 corde,
1254 1843 1362 1877 verbo
1376 1849 1411 1876 et
1424 1854 1530 1888 opere
1546 1842 1738 1890 benignus,
1756 1843 1954 1877 misericors
1965 1869 1974 1886 ,

458 1912 680 1948 mansuetus,
704 1911 738 1938 et
759 1904 803 1938 ad
823 1904 943 1938 omnia
961 1904 1100 1950 pietatis
1118 1902 1235 1937 studia
1253 1908 1443 1935 consuetus
1455 1928 1464 1945 ,Ι
1485 1901 1652 1935 dominus
1670 1901 1825 1949 Sigerus.
1849 1901 1919 1943 Qui
1941 1901 1976 1935 in

457 1964 570 1998 officio
586 1962 749 2009 pastorali
765 1974 828 2008 per
842 1969 976 2008 septem
991 1962 1130 1995 circiter
1148 1973 1258 1994 annos
1273 1967 1308 1994 et
1325 1960 1382 2005 viij
1399 1972 1535 1993 menses
1549 1960 1713 1993 ecelesiae
1726 1966 1866 1994 nostrae
1881 1972 1980 2006 prae-

456 2023 523 2056 fuit
541 2029 575 2055 et
594 2021 745 2068 profuit3
762 2021 961 2054 animarum
977 2021 1073 2054 lucra
1089 2020 1167 2066 plus
1182 2031 1289 2066 quam
1304 2018 1554 2064 temporalium
1569 2019 1787 2052 incrementa
1800 2018 1978 2052 bonorum

456 2093 641 2127 quaerens,
659 2092 699 2113 ex
716 2080 824 2113 verbo
839 2080 949 2113 sancti
966 2079 1123 2127 Gregorii
1141 2078 1297 2112 solamen
1313 2077 1485 2123 recipiens
1497 2104 1505 2120 ,
1522 2077 1585 2124 qui
1599 2076 1705 2111 dicit:
1728 2090 1746 2107 «
1762 2077 1979 2123 Prosperitas

458 2138 661 2185 temporalis
677 2137 847 2171 indicium
865 2144 916 2170 est
931 2143 1094 2170 aeternae
1109 2136 1379 2182 reprobationis
1399 2151 1417 2167 ι)
1431 2135 1500 2176 Qui
1517 2134 1662 2182 quidem
1677 2147 1740 2181 per
1758 2135 1955 2181 prioratum
1967 2163 1976 2179 ,

458 2210 563 2244 quem
580 2204 618 2231 ut
632 2198 711 2243 pius
724 2203 759 2230 et
773 2197 866 2230 mitis
882 2196 994 2230 multo
1009 2203 1170 2242 tempore
1184 2201 1320 2229 rexerat
1330 2222 1338 2238 a
1355 2195 1511 2241 aliasque
1527 2193 1684 2240 prudens
1698 2193 1811 2228 dulcis
1824 2194 1980 2241 alloquio

459 2263 492 2289 et.
515 2256 661 2289 affabilis
683 2262 717 2289 et
742 2268 804 2301 per
827 2256 945 2289 omnia
965 2255 1114 2289 idoneus
1133 2255 1325 2301 probatuS,
1350 2254 1471 2300 sicque
1495 2253 1637 2287 tandem
1658 2253 1704 2287 ad
1728 2253 1901 2299 pastorale
1923 2266 1981 2287 re-

459 2316 576 2362 gimen
592 2321 735 2348 vocatus
748 2341 756 2357 ,
778 2314 865 2347 illud
885 2315 1098 2362 gubernavit
1116 2321 1151 2348 et
1170 2314 1285 2348 tenuit
1302 2325 1416 2359 usque
1434 2311 1479 2346 ad
1498 2319 1640 2358 tempus
1657 2311 1916 2358 supradictum.

508 2372 571 2406 Cui
585 2373 767 2415 successit,
790 2385 883 2406 anno
899 2372 1067 2406 MCCLlll
1082 2399 1091 2416 ,
1111 2373 1164 2406 vir
1182 2370 1421 2415 venerandus,
1444 2371 1603 2404 moribus
1621 2376 1655 2404 et
1674 2370 1743 2405 vita
1763 2369 1977 2413 laudandus,

501 2501 506 2518 ¹
532 2503 559 2528 ln
576 2503 695 2538 margine
707 2502 809 2538 legitur
825 2513 832 2529 ι
849 2502 978 2529 MCXCIX
990 2524 996 2535 ⁷
1013 2504 1046 2529 15
1061 2508 1114 2528 oct.
