2118 3184
803 439 1091 474 APPENDICES.
1641 438 1710 472 919

189 547 357 583 Grimbergis
367 568 374 574 .
390 547 491 574 domini
504 547 643 583 quondam
657 547 743 583 patris
757 547 825 577 mei,
840 556 855 572 a
868 555 924 582 quo
940 551 1006 572 tnnc
1020 545 1092 571 dicta
1108 545 1179 572 bona
1195 544 1339 572 feodaliter
1353 536 1531 576 tenebantur,
1552 544 1604 571 sub
1619 554 1711 570 annuo

188 605 271 622 censu
291 595 384 622 debito
395 617 402 625 ,
416 595 598 622 haereditarie
613 595 764 622 secundum
778 594 865 630 legem
875 593 902 620 εὶ
913 593 1139 620 consuetudinem
1151 599 1242 620 terrae
1254 614 1260 626 ‚
1275 599 1305 619 ut
1317 593 1381 619 dicit
1395 593 1466 620 dicta
1475 592 1590 619 ecclesia
1600 613 1607 621 ,
1620 592 1713 627 acqui-

188 643 262 674 sivit,
276 648 303 669 et
317 652 402 678 super
417 643 532 679 piscaria
544 643 664 669 fluminis
682 647 788 673 tenere,
803 651 884 676 quam
898 641 1052 676 specialiter
1067 640 1166 667 fratres
1180 641 1269 667 dictae
1285 640 1414 667 ecclesiae
1430 639 1582 666 Ninivensis
1595 648 1713 665 commo-

190 695 282 716 rantes
296 691 322 716 in
333 695 411 716 curte
424 690 458 715 de
472 689 586 716 l'amella
596 710 603 719 ,
617 689 644 715 in
659 689 780 714 dominio
798 688 831 714 de
846 687 1024 723 Ledeberglia
1037 708 1043 715 ,
1059 688 1122 722 quia
1137 687 1245 721 dejure
1259 687 1311 713 sibi
1326 687 1459 713 hactenus
1473 686 1644 721 usurpabant
1654 707 1660 717 ,
1679 695 1711 711 eo

189 738 263 773 quod
277 737 350 763 dicta
363 737 476 763 ecclesia
490 737 516 762 in
528 736 623 762 eodem
636 736 748 761 flumine
761 734 831 760 insra
843 735 974 761 terminos
985 740 1011 760 et
1026 734 1124 760 limites
1135 734 1186 760 sibi
1198 736 1349 770 assignatos
1362 733 1529 770 generaliter
1544 733 1613 759 hanc
1625 733 1713 768 pisca-

190 785 258 811 riam
273 790 300 811 et
314 784 534 818 jurisdictionem
547 784 659 810 dominii
674 783 708 809 de
723 782 902 818 Ledeberglia
917 782 942 808 in
962 782 1035 808 dicto
1050 782 1162 807 flumine
1177 782 1351 813 includatur,
1369 781 1492 807 terminis
1507 781 1564 806 sive
1581 779 1714 806 limitibus

189 832 279 858 dictae
289 831 419 857 ecclesiae
431 830 584 866 deputatis;
598 835 625 856 et
635 839 720 865 super
731 838 815 856 cursu
826 829 895 855 alvei
909 828 1050 861 cujusdam
1071 828 1152 854 rivuli
1165 828 1199 854 de
1213 828 1331 864 quodam
1346 827 1494 854 vivofonte
1508 836 1594 862 prope
1607 831 1712 853 curtem

190 879 224 905 de
242 877 360 904 Pameila
378 882 500 904 scatente
511 877 645 908 derivati,
662 882 689 903 et
703 882 779 903 extra
795 876 936 911 proprium
950 884 1062 901 cursum
1081 884 1130 910 per
1147 875 1263 901 mediam
1280 875 1351 901 viam
1366 884 1436 910 quae
1451 874 1528 900 ducit
1541 873 1692 900 Scornardeu
1705 894 1711 902 ,

189 930 265 952 retro
278 925 378 951 dictam
393 929 498 951 curtem
513 925 539 950 in
553 923 654 950 fossata
666 924 755 950 dictae
769 924 855 950 curtis
872 932 921 958 per
933 922 1054 948 canalem
1069 922 1253 956 niinusjuste,
1270 927 1301 948 nt
1312 922 1402 948 dictus
1418 921 1571 947 Willelmus
1583 921 1712 950 assernit,

190 972 353 1001 influentes,
369 972 432 998 licet
446 971 603 1006 hujusmodi
617 981 728 998 cursum
747 971 819 997 dicta
833 970 947 996 ecclesia
966 975 997 996 ut
1017 969 1098 1000 dicit,
1117 969 1269 995 obtinuerit
1287 969 1322 995 ab
1335 969 1450 1004 antiquo
1474 978 1559 1004 super
1575 973 1715 1004 permuta-

190 1019 264 1046 tione
275 1019 356 1045 etiam
369 1018 511 1053 cujusdam
526 1019 586 1045 viae
599 1018 750 1045 communis
769 1027 840 1053 quae
855 1018 934 1051 juxta
948 1022 1054 1043 curtem
1068 1016 1102 1043 de
1116 1016 1233 1043 l'amella
1245 1016 1321 1043 ducit
1335 1016 1368 1042 ad
1382 1016 1534 1048 ecclesiam,
1551 1016 1616 1051 quia
1630 1015 1711 1041 olim.

191 1071 339 1102 antequam
353 1065 425 1092 dicta
438 1066 524 1092 curtis
537 1065 588 1092 sita
600 1064 695 1092 suisset
707 1065 733 1091 in
748 1074 780 1091 eo
793 1065 851 1091 loco
865 1065 890 1090 in
906 1074 962 1100 quo
976 1073 1048 1090 nunc
1062 1069 1120 1096 est,
1136 1073 1184 1099 per
1199 1063 1318 1090 medium
1333 1073 1455 1089 mansum
1468 1063 1556 1089 dictae
1569 1063 1656 1089 curtis
1666 1063 1714 1089 ubi

192 1122 266 1139 nunc
275 1117 328 1144 est,
343 1112 420 1139 duxit
433 1113 466 1139 ad
478 1113 619 1139 ecclesiam
632 1112 704 1139 dicta
716 1113 768 1139 via.
783 1112 835 1139 Sed
848 1116 993 1147 postquam
1006 1111 1137 1137 translata
1152 1111 1247 1137 fuisset
1259 1111 1386 1137 inlocum
1399 1111 1560 1137 modernum
1572 1110 1643 1136 dicta
1655 1119 1716 1137 cur-

193 1161 228 1187 tis
241 1169 376 1187 consensu
392 1160 479 1187 bonae
493 1161 638 1187 memoriae
652 1159 769 1196 Aegidii,
785 1159 925 1195 quondam
936 1159 1038 1185 domini
1051 1159 1085 1185 de
1100 1158 1290 1195 Ledebergha‚
1308 1159 1394 1194 patris
1408 1159 1472 1184 dicti
1486 1157 1627 1190 willelmi,
1644 1157 1716 1184 dicta

190 1207 304 1234 ecclesia
316 1208 479 1239 Ninivensis,
494 1208 609 1243 pristina
622 1208 664 1234 via
679 1217 794 1243 prorsus
807 1207 960 1238 obstructa,
975 1207 1002 1232 in
1013 1216 1064 1232 suo
1079 1206 1178 1232 allodio
1188 1206 1330 1242 aequalem
1343 1206 1439 1241 priori,
1456 1215 1626 1232 communem
1644 1205 1716 1231 sicut

191 1254 285 1290 prius,
302 1264 374 1290 quae
388 1264 461 1281 nune
476 1255 563 1281 tendit
576 1255 609 1281 ad
625 1255 766 1282 ecclesiam
781 1255 850 1280 viam
863 1254 952 1286 dedit,
968 1254 1042 1290 quod
1059 1259 1148 1280 tamen
1163 1254 1252 1280 dictus
1266 1253 1421 1279 XVillelmus
1433 1253 1501 1279 dixit
1516 1254 1543 1279 in
1558 1262 1623 1279 suae
1633 1253 1717 1286 juris-

191 1301 318 1328 dictionis
339 1302 537 1337 praejudicium
556 1307 737 1336 attentatum;
753 1311 838 1337 super
855 1301 972 1337 quadam
995 1301 1145 1336 capellania
1161 1300 1338 1327 nihilominus
1356 1300 1537 1327 deservieuda
1552 1310 1567 1326 a
1583 1299 1716 1326 fratribus

191 1349 280 1375 dictae
292 1348 422 1375 ecclesiae
440 1349 592 1375 Ninivensis
606 1350 633 1375 in
648 1349 764 1376 ecclesia
784 1349 818 1375 de
836 1348 953 1374 Pauiella
968 1348 1002 1374 ad
1017 1348 1102 1374 altare
1122 1348 1242 1383 positum
1261 1353 1324 1374 ante
1338 1357 1447 1374 crucem
1458 1368 1465 1379 ,
1485 1348 1528 1374 cui
1547 1347 1716 1383 capellaniae

193 1396 265 1423 bona
284 1395 351 1422 dixit
372 1396 442 1422 idem
466 1396 621 1423 Willelmus
635 1406 650 1422 a
663 1397 720 1423 suis
734 1396 954 1431 antecessoribus
968 1396 1105 1431 assignata
1117 1416 1123 1427 ,
1139 1405 1212 1422 nnnc
1226 1405 1241 1421 a
1253 1395 1334 1421 dictis
1349 1394 1482 1421 Fratribus
1495 1395 1521 1421 in
1535 1395 1648 1421 servitio
1661 1394 1719 1421 dic-

191 1449 235 1470 tae
247 1442 415 1479 capellaniae
428 1443 538 1470 debitae
550 1443 703 1475 deservita,
723 1452 794 1479 quae
808 1448 898 1469 tamen
911 1463 918 1475 ‚
936 1448 966 1468 ut
979 1442 1047 1468 «lixit
1066 1442 1138 1468 dicta
1155 1442 1285 1474 ecclesia,
1301 1451 1441 1477 nunquam
1456 1441 1546 1468 dictus
1562 1441 1716 1468 Willelmus

191 1491 262 1517 sicut
271 1490 367 1516 debuit
377 1511 384 1523 ‚
398 1490 612 1523 demonstravit,
626 1496 654 1517 et
664 1500 748 1526 super
759 1490 878 1526 quadam
892 1490 1065 1525 eleemosyna
1075 1510 1083 1522 ‚
1098 1499 1180 1525 quam
1193 1489 1280 1516 bonae
1293 1490 1439 1516 memoriae
1450 1489 1615 1521 Willelmus,
1628 1499 1717 1525 quon-

193 1538 255 1564 dam
269 1537 346 1564 miles
358 1543 385 1564 et
399 1538 526 1565 dominus
540 1539 574 1565 de
588 1538 768 1574 Ledebergha
778 1559 785 1571 ‚
802 1547 869 1564 avus
883 1537 948 1564 dicti
962 1537 1109 1569 Willelmi,
1126 1537 1173 1573 qui
1190 1546 1263 1563 nunc
1277 1542 1318 1563 est
1328 1537 1455 1563 dominus
1470 1537 1503 1563 de
1518 1536 1698 1571 Ledeberghe
1709 1557 1715 1562 .

193 1584 324 1612 ecclesiae
338 1584 476 1612 Ninivensi
491 1585 608 1612 contulit
620 1585 672 1612 snb
691 1585 742 1612 hac
757 1584 843 1611 forma
853 1606 860 1616 ,
876 1585 950 1620 quod
964 1584 1064 1611 ibidem
1079 1584 1111 1610 ad
1127 1590 1234 1620 portam
1250 1585 1277 1610 in
1292 1584 1412 1619 hospitio
1427 1593 1580 1620 pauperum
1596 1583 1718 1619 qualibet

193 1638 273 1660 nocte
286 1634 417 1661 tredecim
432 1643 568 1669 pauperes
582 1633 773 1669 reciperentur
784 1632 903 1668 hospitio
914 1642 928 1658 a
945 1632 1076 1658 fratribus
1090 1632 1179 1658 dictae
1194 1631 1340 1663 ecclesiae,
1354 1637 1382 1658 et
1395 1631 1429 1657 ab
1447 1631 1548 1658 eisdem
1564 1631 1720 1657 misericor·

193 1680 254 1707 diae
267 1681 398 1716 operibus
413 1680 574 1707 foverentur
584 1701 591 1713 ,
606 1680 682 1715 quod
696 1680 786 1706 dictus
797 1679 952 1705 Willelmus
966 1689 980 1704 a
993 1678 1082 1705 dictae
1097 1678 1228 1705 ecclesiae
1244 1678 1376 1705 fratribus
1392 1677 1483 1713 tepide
1497 1683 1588 1704 actum
1602 1679 1718 1704 asseruit

192 1727 235 1754 vel
254 1728 426 1764 neglectum,
445 1727 516 1753 dicta
539 1727 653 1753 ecclesia
675 1727 813 1753 Ninivensi
835 1727 862 1752 in
887 1726 1056 1752 contrarium
1079 1725 1226 1762 allegante.
1245 1725 1316 1751 Sane
1332 1735 1417 1760 super
1432 1725 1464 1751 iis
1481 1730 1508 1751 et
1524 1725 1584 1751 aliis
1598 1725 1718 1760 querelis

191 1774 280 1801 dictae
291 1780 394 1810 partes,
406 1774 630 1800 consideratione
644 1773 737 1800 habita
750 1773 886 1809 diligenti,
902 1772 1010 1798 tandem
1026 1782 1076 1808 pro
1091 1772 1164 1798 bono
1179 1772 1253 1807 pacis
1266 1772 1299 1798 ad
1312 1771 1480 1807 parcendum
1494 1772 1634 1807 utrimque
1647 1772 1719 1798 labo—

194 1822 271 1848 ribus
284 1827 312 1848 et
321 1820 446 1858 expensis
460 1822 494 1848 de
509 1821 678 1857 prudentum
689 1821 811 1847 virorum
824 1820 937 1846 consilio
949 1820 982 1846 de
998 1820 1054 1846 alto
1067 1825 1094 1846 et
1110 1820 1189 1846 basso
1205 1820 1324 1846 omnium
1337 1819 1513 1855 querelarum
1528 1824 1662 1845 motarum
1677 1820 1719 1846 vel

194 1879 266 1906 quae
278 1879 373 1896 earnm
386 1870 527 1896 occasione
541 1874 655 1895 eatenus
665 1868 774 1895 easdem
785 1869 888 1894 moveri
900 1872 1027 1903 poterant
1040 1868 1112 1894 inter
1124 1872 1216 1903 partes
1228 1868 1254 1893 in
1264 1867 1337 1893 viros
1350 1867 1464 1893 idoneos
1477 1872 1503 1893 et
1514 1866 1657 1897 discretos,
1671 1867 1719 1893 sci-

193 1917 258 1944 lieet
270 1918 296 1943 in
311 1917 458 1944 Rassonem
470 1938 478 1948 ‚
491 1917 595 1943 dictum
609 1916 696 1952 Beyer
706 1937 714 1950 ,
730 1921 796 1942 tunc
813 1915 942 1942 ballivum
958 1915 1129 1941 Ninivensem
1140 1936 1147 1947 ,
1163 1920 1190 1941 et
1201 1914 1354 1941 W'alterum
1364 1935 1371 1946 ‚
1387 1914 1490 1940 dictum
1503 1913 1537 1940 de
1552 1914 1702 1949 Lapidibus
1712 1935 1717 1940 .

197 1965 460 2001 compromiserunt,
470 1969 599 2000 tanquam
612 1963 638 1989 in
650 1963 780 1995 arbitros,
797 1962 844 1988 tali
854 1962 934 1989 modo
949 1962 1034 1997 quod,
1046 1971 1130 1997 quum
1143 1961 1275 1997 praedicti
1286 1961 1382 1987 arbitri
1395 1970 1448 1987 uon
1463 1966 1615 1996 potuerunt
1629 1970 1679 1996 per
1691 1970 1720 1987 se

194 2020 358 2047 componere
373 2012 444 2038 inter
459 2016 561 2047 partes⁷
577 2010 734 2037 earumdem
746 2010 864 2045 partium
879 2018 1014 2035 consensu
1029 2014 1086 2035 tres
1100 2009 1173 2035 viros
1186 2008 1331 2040 discretos,
1347 2007 1475 2034 videlicet
1493 2007 1633 2033 dominum
1648 2007 1720 2043 Rey-

197 2068 293 2085 nerum
304 2079 311 2091 ,
324 2059 515 2094 presbyterum
527 2058 561 2084 de
571 2057 656 2084 Hom
667 2078 673 2090 ‚
684 2057 816 2084 decanum
828 2057 862 2083 de
873 2056 1078 2083 Geraldimonte
1089 2077 1096 2087 ,
1109 2056 1252 2092 Aegidium
1264 2076 1270 2088 ‚
1284 2055 1396 2081 militem
1407 2055 1441 2081 de
1453 2055 1554 2081 Itideve
1567 2076 1574 2087 ,
1588 2059 1615 2081 et
1626 2055 1721 2081 Nicho-

197 2106 284 2139 laum,
299 2106 401 2133 dictum
419 2106 453 2132 de
469 2106 634 2141 Lapidibus‚
655 2114 747 2131 seeum
765 2105 824 2131 loco
843 2105 916 2131 tertii
930 2105 1144 2140 assumpserint,
1165 2104 1296 2139 quatinus
1312 2103 1444 2138 praedicti
1460 2102 1583 2138 quinque
1603 2102 1718 2128 arbitri.

197 2158 228 2179 ut
245 2153 347 2179 dictum
360 2158 421 2185 est,
441 2152 521 2179 electi
534 2152 669 2178 amicabili
686 2153 883 2187 compositione
899 2151 1104 2177 controversiae
1124 2150 1259 2176 dictarum
1274 2150 1392 2185 partium
1410 2149 1491 2175 finem
1506 2149 1614 2175 darent.
1632 2149 1721 2185 Igitur

199 2199 333 2235 praedicti
353 2200 477 2235 quinque
493 2199 609 2231 arbitri,
626 2208 710 2225 onere
723 2198 875 2224 arbitrandi
893 2202 1037 2233 suscepto,
1058 2198 1116 2233 paci
1132 2202 1158 2223 et
1172 2197 1367 2232 tranquillitati
1379 2196 1513 2222 dictarum
1530 2196 1649 2231 partium
1663 2201 1722 2222 stu-

197 2248 328 2279 duerunt,
340 2247 421 2273 finem
430 2247 502 2272 inter
514 2256 560 2272 eas
568 2246 662 2272 litibus
672 2247 853 2282 imponentes,
867 2246 971 2272 meritis
983 2254 1081 2271 causae
1092 2245 1239 2281 diligenter
1248 2244 1403 2275 intellectis,
1416 2253 1551 2270 consensu
1563 2243 1719 2270 earumdem

200 2295 319 2330 partium
327 2298 540 2329 composuerunt
551 2293 728 2320 amicabiliter
736 2294 807 2320 inter
813 2293 931 2324 easdem,
942 2292 1010 2319 adeo
1019 2292 1093 2328 quod
1103 2292 1191 2319 dictae
1202 2297 1294 2328 partes
1305 2291 1492 2327 compositioni
1501 2300 1549 2317 seu
1556 2291 1721 2317 ordinationi

199 2342 371 2368 arbitrorum
381 2346 455 2367 stare
468 2341 591 2368 volentes
604 2341 725 2367 eamdem
739 2342 964 2377 compositionem
982 2350 1030 2367 seu
1047 2340 1245 2366 ordinationem
1263 2339 1436 2365 arbitrariam
1458 2348 1546 2374 poena
1565 2339 1722 2374 pecuniaria

199 2389 339 2425 sexaginta
349 2388 481 2415 librarum
491 2389 688 2415 lovaniensium
699 2409 706 2420 ,
719 2389 818 2424 partim
830 2388 1054 2424 partiarbitrium
1066 2388 1224 2414 observanti
1236 2392 1262 2413 et
1272 2388 1371 2422 partim
1383 2386 1459 2417 mihi,
1471 2391 1600 2421 tanquam
1612 2385 1722 2411 domino

201 2437 355 2472 superiori,
371 2445 385 2461 a
401 2441 479 2471 parte
495 2435 633 2462 resiliente
647 2436 682 2461 ab
696 2436 811 2462 arbitrio
825 2435 1028 2461 reddendarum
1042 2435 1226 2462 vallaverunt.
1240 2434 1318 2460 Unde
1331 2434 1466 2460 dictarum
1484 2433 1602 2469 partium
1617 2433 1721 2459 instan-

200 2484 237 2510 tia
248 2483 372 2510 ordinem
386 2483 589 2519 compositionis
603 2485 675 2510 inter
689 2492 734 2509 eas
748 2483 894 2509 arbitraria
906 2483 1099 2517 jurisdictione
1114 2491 1218 2519 poenae
1234 2487 1407 2517 praetaxatae
1422 2480 1512 2507 taliter
1527 2480 1705 2516 protulerunt
1718 2503 1724 2507 .

200 2530 327 2557 videlicet
340 2530 414 2565 quod
427 2530 498 2556 dicta
512 2530 626 2556 ecclesia
639 2530 791 2557 Ninivensis
802 2529 875 2556 dicto
892 2529 1030 2556 Willelmo
1045 2539 1117 2555 nunc
1130 2529 1239 2555 domino
1253 2528 1286 2555 de
1303 2527 1482 2564 Ledeberghe
1492 2548 1498 2560 ‚
1514 2528 1535 2554 si
1549 2527 1619 2554 forte
1633 2528 1658 2553 in
1677 2528 1725 2553 de-

200 2578 323 2605 tentione
337 2577 512 2604 aisentiarum
528 2582 557 2604 et
571 2577 598 2604 in
613 2577 794 2614 acquisitione
809 2570 943 2604 bonorum
957 2577 1094 2604 dictorum
1108 2575 1299 2611 temporalium
1312 2596 1320 2608 ,
1339 2575 1440 2610 quibus
1452 2574 1527 2601 nulla
1541 2573 1720 2610 spiritualitas
