2118 3184
428 420 692 456 CHRONICON
721 421 932 456 BALDUINI
959 420 1259 456 NINOVIENSIS.
1522 420 1588 456 651

130 530 378 564 Constantinus
404 542 493 576 papa
516 529 690 576 praesidet
708 529 752 574 vij
773 531 884 563 annis.
910 529 1147 576 Archangelus
1169 528 1316 563 Michael
1331 539 1502 574 apparens
1520 528 1586 561 Au-

85 588 184 622 berto
197 615 205 622 .
228 589 467 622 Abrincatensi
484 588 665 634 episcopo.
689 588 825 620 monuit
846 588 951 621 semel
969 594 1003 620 et
1023 588 1149 620 iterum
1167 599 1207 621 ac
1224 587 1327 620 tertio
1340 613 1349 629 .,
1370 592 1409 620 ut
1429 586 1464 619 in
1484 586 1584 628 mari,

85 646 161 680 loco
180 647 241 693 qui
264 653 408 692 propter
425 645 651 679 eminentiam
676 644 812 679 Tumba
831 645 981 679 dicitur.
1001 646 1181 679 ecclesiam
1200 657 1263 679 suo
1285 645 1417 678 nomini
1437 643 1587 678 dicatam

85 704 250 739 fundaret
262 732 270 746 .
288 717 352 751 pro
365 705 465 752 signo
480 704 595 738 locum
611 703 798 737 ostendens
811 705 871 737 ubi
888 711 1028 737 laurum
1046 704 1229 751 religatum
1245 704 1434 747 inveniret7
1451 709 1486 736 et
1500 703 1589 736 sicut

84 775 166 797 eum
185 762 334 809 pedibus
353 769 480 796 terram
502 762 676 808 proruisse
700 763 869 796 inveni-'ct
883 789 890 795 .
918 763 965 796 sic
987 762 1150 796 ecclcsiae
1168 762 1340 795 ambitum
1364 761 1529 795 duceret.
1551 767 1586 794 et

83 833 124 855 ex
142 821 200 854 illo
217 827 394 866 tempore.
416 821 504 854 sicut
523 821 558 854 in
583 821 744 868 Gargano
767 821 850 854 inibi
872 821 1038 853 memoria
1057 820 1165 854 sancti
1182 820 1359 853 Michaelis
1378 820 1493 865 coepit
1516 819 1587 853 fre-

85 880 260 926 quentari.
288 879 388 913 Ceret
413 886 447 913 et
473 879 578 922 Ofus.
601 892 699 927 reges
723 879 915 927 Anglorum
930 906 937 912 .
959 879 1105 912 Romam
1125 879 1269 912 veniunt
1287 885 1321 912 ct
1339 879 1375 911 in
1396 877 1586 911 monachos

83 938 211 972 attonsi
230 938 368 971 coelesti
389 938 531 971 militiae
549 950 585 971 se
606 937 764 971 tradunt.
783 938 999 971 Justinianus
1017 937 1207 982 imperator
1226 935 1332 970 fidem
1354 935 1587 970 orthodoxam

82 996 276 1042 amplexus,
292 996 560 1030 Constantinum
576 1008 701 1043 papam
716 996 759 1030 ad
774 1008 809 1029 se
822 996 1160 1041 Constantinopolim
1175 995 1337 1038 invitans.
1354 1007 1435 1028 eum
1450 995 1587 1028 venien-

83 1061 154 1088 tem
180 1061 214 1088 et
233 1054 439 1089 redeuntem
463 1055 574 1103 gloria
593 1055 783 1101 apostolico
805 1054 912 1102 digna
931 1054 1093 1088 honorat.
1116 1053 1213 1097 Oda7
1234 1053 1371 1087 ducissa
1392 1054 1587 1100 Aquitano-

83 1126 185 1156 rum,
206 1114 388 1147 sanctitate
409 1113 515 1147 claret
537 1114 572 1147 in
595 1113 714 1147 Gallia.
742 1115 840 1146 Anno
865 1112 1031 1155 DCCXII,
1058 1112 1206 1145 Sanctus
1224 1112 1420 1145 Hubertus.
1441 1111 1586 1145 coelitus

82 1173 310 1214 ammonitus.
333 1183 461 1217 corpus
484 1172 593 1205 sancti
621 1171 797 1204 Lamberti
819 1183 838 1204 a
863 1170 1022 1215 Trajecto
1047 1169 1218 1203 Lcodium
1244 1170 1370 1211 refert,
1395 1169 1585 1215 sedemque

83 1231 316 1277 episcopalem
340 1231 376 1263 in
402 1228 562 1263 eamdem
590 1230 715 1263 urbem
739 1229 916 1263 transfert.
950 1229 1167 1262 Justinianus
1189 1228 1380 1273 imperator
1403 1241 1421 1261 a
1449 1228 1585 1273 Philip-

85 1289 163 1334 pico
176 1288 375 1336 jugulatur.

130 1350 232 1381 Anno
242 1345 425 1381 DCCXIII.
444 1346 662 1392 philippicus
677 1352 824 1391 usurpat
836 1345 1026 1391 imperium
1036 1351 1070 1378 et
1083 1345 1105 1390 ij
1121 1345 1220 1378 annis
1236 1345 1403 1390 imperat.
1419 1343 1480 1378 sed
1491 1344 1584 1378 Con-

81 1406 255 1440 stantinus
275 1416 366 1451 papa
386 1404 608 1451 populusque
628 1404 805 1438 Romanus
828 1415 978 1446 nomen,
1001 1402 1130 1436 litteras
1149 1409 1183 1436 et
1206 1402 1356 1450 figuram
1374 1401 1581 1448 Philippici.

82 1464 192 1499 hostis
214 1471 250 1498 et
275 1463 462 1503 haeretici.
488 1463 664 1508 suscipere
688 1468 872 1508 respuunt.
901 1460 1143 1503 Grimoaldus,
1170 1461 1262 1494 filius
1285 1460 1442 1506 Pippini.
1465 1459 1584 1494 Leodii

81 1529 161 1557 ante
175 1522 281 1556 altare
295 1522 404 1556 sancti
414 1522 589 1555 Lamberti
604 1533 723 1564 orans.
740 1520 872 1554 insidiis
886 1519 1047 1554 Rabbodi
1062 1519 1163 1553 ducis
1177 1520 1366 1553 Fresonum
1382 1519 1581 1565 perimitur‚

82 1587 117 1615 et
131 1579 380 1615 Theodoaldus
391 1606 400 1623 7
417 1580 508 1614 filius
528 1579 718 1628 Drogonis,
736 1579 780 1613 ab
797 1591 861 1612 avo
879 1590 942 1612 suo
960 1578 1110 1623 Pippino
1129 1577 1240 1623 major
1257 1576 1385 1611 domus
1402 1577 1580 1610 statuitur.

82 1638 210 1674 Sancto
225 1638 391 1672 Ursmaro
409 1637 600 1671 decedente
614 1637 670 1683 xiij
688 1637 753 1670 kal.
772 1636 850 1670 Maii
862 1664 870 1679 -.
892 1635 1048 1670 succedit
1063 1636 1261 1669 Herminus.
1284 1635 1500 1679 Anastasius‚
1521 1636 1582 1682 qui

82 1705 117 1733 et
135 1696 357 1739 Arthemius,
379 1696 617 1742 philippicum
638 1696 751 1742 privat
769 1695 916 1741 imperio
935 1701 970 1727 er,
989 1694 1110 1727 oculis.

130 1758 232 1791 Anno
250 1755 409 1798 DCCXV,
430 1755 630 1789 Anastasius
647 1754 669 1801 ij
691 1755 790 1788 annis
812 1754 973 1800 imperat.
1000 1752 1189 1800 Gregorius
1210 1763 1300 1798 papa
1318 1750 1493 1798 praesidet
1514 1752 1580 1797 xvij

82 1815 195 1850 annis.
211 1814 274 1848 Hic
293 1814 475 1848 constituit
495 1820 536 1847 ut
552 1814 588 1847 in
607 1812 876 1861 quadragesima
894 1819 925 1845 v³
948 1812 1032 1845 feria
1050 1811 1226 1857 jejunium
1245 1817 1280 1844 et
1296 1810 1478 1844 celebritas
1497 1810 1582 1844 mis-

81 1886 199 1909 sarum
220 1873 319 1907 fieret
339 1873 376 1906 in
395 1872 558 1916 ecclesia„
580 1871 678 1919 quod
698 1878 799 1906 antea
820 1883 892 1905 non
917 1871 1034 1904 fiebat.
1057 1870 1228 1916 Pippinus
1246 1869 1408 1915 princeps
1430 1869 1522 1912 obit,
1549 1876 1584 1903 et

82 1933 194 1966 filium
219 1943 323 1966 suum
351 1943 392 1965 ex
415 1930 559 1977 Alpai‘de
585 1931 748 1965 Carolum
775 1929 939 1964 Tutidem
966 1930 1036 1963 sive
1062 1928 1261 1962 Martellum
1286 1927 1502 1974 principatus
1528 1929 1581 1961 sui

82 1990 224 2037 reliquit
246 1988 448 2023 haeredem.
476 1989 692 2033 Plectrudis,
718 1989 836 2023 relicta
867 1988 1028 2034 Pippini7
1058 1987 1224 2020 Karolum
1244 1986 1451 2033 ‘privignum
1477 1998 1581 2019 suum

80 2055 223 2096 captum
242 2049 279 2082 in
304 2047 446 2082 Colonia
469 2047 647 2082 custodiae
674 2047 870 2094 mancipat,
898 2053 933 2080 et
956 2058 1038 2080 cum
1058 2052 1186 2091 nepote
1210 2057 1274 2078 suo
1298 2051 1333 2078 et
1353 2043 1581 2078 Theodoaldo

84 2108 216 2154 majore
240 2106 368 2141 domus
394 2107 631 2153 principatum
659 2107 758 2155 regni
788 2112 947 2151 usurpat.
977 2104 1117 2138 Mortuo
1139 2102 1342 2137 Hildeberto
1368 2103 1580 2136 Francorum

80 2225 230 2272 phantes
248 2222 520 2271 Ragnffredum,
546 2224 714 2269 majorem
731 2223 858 2258 domus
871 2250 879 2266 ‚
900 2229 935 2256 et
953 2221 1189 2267 Chilpericum
1208 2232 1327 2268 regem
1345 2219 1576 2252 constituunt.

79 2282 225 2318 Karolus
236 2308 245 2325 ,
265 2288 356 2315 nutu
375 2281 436 2315 Dei
454 2280 499 2315 de
516 2281 675 2315 custodia
692 2293 860 2315 novercae
879 2286 1032 2326 ereptuS‚
1048 2279 1284 2325 principatum
1298 2289 1401 2311 suum
1416 2276 1460 2311 de
1473 2289 1580 2311 manu

80 2339 285 2389 Ragnifredi
303 2346 511 2386 extorquere
529 2335 746 2388 aggreditur.
766 2339 912 2373 Sanctus
927 2337 1092 2386 Aegidius
1108 2337 1250 2370 veniens
1263 2335 1308 2370 de
1321 2335 1464 2370 Graecia
1476 2348 1579 2370 sanc-

81 2399 180 2434 titate
198 2398 304 2433 claret
323 2398 358 2431 in
377 2398 580 2431 Provencia.

129 2458 230 2491 Anno
250 2455 451 2499 DCCXVH„
473 2454 712 2498 Theodosius.
739 2454 959 2489 Anastasium
981 2453 1025 2488 de
1050 2453 1198 2499 imperio
1219 2452 1400 2499 deponens
1424 2464 1579 2500 eumque

82 2515 327 2562 presbyterum
349 2513 536 2558 ordinans,
563 2514 747 2560 imperavit
767 2525 859 2548 anno
877 2525 971 2556 un03
991 2512 1053 2559 qui
1071 2523 1153 2545 cum
1172 2517 1261 2545 esset
1277 2511 1370 2545 iners
1394 2516 1429 2544 et
1446 2509 1576 2554 idiota.
