2118 3184
586 405 811 441 CHROMCA
842 405 1165 441 't‘ORNACENSts
1569 409 1640 442 *5823

166 512 289 546 Not-via
313 526 398 561 ergo
429 514 548 547 civitas
576 514 625 547 sic
652 513 871 547 reaedificata
897 514 993 548 siluit
1012 515 1046 547 in
1073 527 1157 560 pace
1182 527 1293 561 usque
1319 515 1363 549 ad
1390 523 1529 563 tempus
1554 517 1635 550 Julii

117 570 290 606 Caesaris..
313 572 438 606 Gallias
462 572 692 614 devastantis,
720 572 971 606 Britannorum
993 585 1138 619 quoque
1161 580 1301 621 gentem
1329 574 1460 608 Romae
1483 575 1636 609 tributa-

117 631 204 664 riam
222 631 399 673 facientis,
420 631 480 676 qui
497 631 659 664 Nerviam
677 631 853 664 civiiaimn
875 631 981 665 modo
1001 633 1187 666 miserabili
1208 632 1467 678 pessumdedit,
1484 633 1582 679 quod
1597 646 1636 667 ex

118 688 265 722 historia
285 689 364 722 belli
386 688 525 730 Gallici.v
547 689 591 722 ab
611 687 736 722 eodem
757 689 850 722 Julio
870 689 1040 733 confecti.v
1063 690 1152 723 libro
1166 690 1341 734 seeundo,
1358 691 1638 726 animadvertere

117 748 153 780 in
174 753 341 793 promptu
361 753 425 779 est.
448 745 517 780 Sed
536 747 667 793 quibus
686 747 742 780 illa
765 747 910 781 historia
934 747 1111 795 incognita
1137 755 1188 781 cst
1211 748 1255 782 de
1278 749 1394 783 libello
1419 758 1633 791 memorato,

117 804 211 839 unde
224 804 406 850 superiora
421 805 658 851 excerpsimus
667 811 699 838 et
717 805 784 838 hoc
802 805 889 838 scire
900 805 1099 839 volentibus
1112 807 1263 852 qualiter
1278 807 1410 841 factum
1426 808 1470 841 sit
1483 808 1637 854 paudere

115 864 332 898 curabimus.
353 863 467 897 Julius
489 862 631 906 Caesar,
653 863 799 896 Galliam
823 875 912 909 pene
936 864 1134 898 universam
1159 864 1364 910 dissipatam
1385 865 1527 907 videns,
1553 868 1637 901 Ner—

114 923 205 957 viam
219 949 228 965 ,
250 922 380 957 Galliae
400 923 555 970 belgicae
569 922 765 965 civitatem,
784 934 824 955 cx
844 922 1035 968 improviso
1055 923 1360 969 quemadmodum
1377 932 1412 958 et
1429 925 1512 959 alias
1531 927 1636 960 urbes

115 981 309 1015 arbitratus
324 987 375 1014 est
390 993 515 1027 capere
527 980 548 1013 ¹.
572 981 685 1026 Ipsam
706 982 799 1013 enim
820 992 1021 1028 aggressus.
1039 982 1232 1015 exercitum
1251 995 1353 1016 suum
1370 996 1433 1029 per
1447 991 1636 1018 &alienum

115 1052 304 1074 numerum
321 1039 507 1086 disposuit.
526 1040 603 1085 Ipse
622 1046 761 1085 portam
778 1039 965 1082 Yiaticam,
983 1039 1067 1073 Cato
1087 1041 1361 1087 Dampuatitiam
1373 1069 1381 1085 ,
1400 1042 1538 1077 Marcus
1556 1043 1636 1076 't'ut—

115 1098 182 1132 lius
207 1098 329 1132 consul
348 1098 525 1132 Sacrificia
545 1097 814 1143 suscipientem,
837 1097 1037 1131 Antliouius
1054 1106 1172 1132 autem
1191 1099 1389 1144 praefectus
1413 1107 1554 1135 senator
1577 1103 1637 1135 oli—

114 1155 204 1190 sedit
230 1155 406 1190 Xcrviam.
430 1155 498 1189 Sed
519 1155 631 1189 multo
659 1162 819 1201 tempore
845 1155 1012 1189 adversus
1038 1168 1113 1189 eam
1138 1156 1330 1201 dimicans,
1356 1159 1404 1191 nil
1427 1160 1632 1204 praevaluit.

116 1213 250 1248 Deinde
269 1214 440 1260 praelium
461 1213 724 1247 committentes
737 1241 745 1255 ,
770 1213 879 1247 multa
900 1220 1016 1261 strage
1033 1214 1189 1247 virorum
1210 1216 1379 1262 utrinque
1398 1216 1505 1251 facta.
1531 1219 1636 1252 ambo

115 1273 288 1307 exercitus
306 1273 460 1320 graviter
479 1272 569 1306 caesi
592 1278 687 1305 sunt.
705 1272 806 1305 Tunc
825 1272 941 1305 Nervii
963 1273 1225 1307 constituerunt
1245 1274 1311 1307 sihi
1333 1287 1470 1323 regem,
1493 1278 1636 1310 nomine

115 1331 276 1365 Turnum
291 1330 322 1373 ⁵²,
343 1330 410 1364 sub
427 1330 542 1376 specie
563 1329 696 1372 Turni,
718 1329 780 1375 qui
801 1328 968 1363 adversus
987 1331 1140 1364 Aeneam
1160 1330 1359 1375 dimicavit,
1383 1332 1636 1381 Caesaremtpw

113 1391 267 1424 Aeneam
286 1395 520 1432 vocaverunt,
548 1387 594 1422 ad
614 1388 724 1421 instar
743 1388 859 1421 Aenae
877 1388 939 1434 qui
962 1388 1115 1435 Troyam
1139 1389 1280 1424 devicit.
1309 1392 1451 1426 Turnus
1470 1405 1554 1441 ergo
1579 1407 1635 1427 rex

113 1460 234 1483 causas
253 1448 382 1482 civium
401 1454 544 1482 strenue
562 1446 750 1493 disponere
765 1447 899 1493 coepit,
920 1447 1173 1495 publicamque
1189 1449 1375 1484 utilitatem
1392 1453 1544 1497 propriis
1567 1454 1637 1486 suis

113 1507 220 1541 rebus
246 1507 295 1541 sic
327 1506 551 1552 anteposuit,
589 1512 647 1549 ut,
678 1517 761 1539 cum
791 1506 1013 1553 cognovisset
1041 1519 1082 1540 ex
1109 1509 1337 1554 responsione
1365 1509 1536 1553 deorum.
1573 1524 1637 1556 pro

113 1566 296 1612 ereptione
315 1566 464 1600 civitatis
481 1577 587 1599 suum
608 1564 743 1607 filium,
768 1564 913 1598 nomine
935 1565 1125 1610 Manlium,
1150 1567 1325 1601 immolari
1353 1575 1535 1614 oportere,
1558 1570 1637 1603 ilico

113 1625 244 1672 paruit.
266 1625 401 1659 Fornax
420 1625 523 1672 ignea
549 1624 720 1658 continuo
743 1630 993 1670 praeparatur,
1015 1625 1051 1658 in
1075 1637 1146 1671 qua
1164 1625 1385 1671 adolescens,
1407 1629 1498 1676 regis
1524 1628 1633 1671 filius,

111 1684 292 1731 projectus
309 1684 410 1730 quasi
430 1682 546 1717 favilla
566 1681 779 1726 devoratur,
801 1681 863 1716 sed
887 1694 950 1728 per
968 1682 1067 1729 quod
1086 1684 1232 1718 victoria
1256 1686 1443 1731 profutura
1469 1687 1636 1732 speraba—

111 1749 191 1786 tur,
220 1742 391 1776 continuo
417 1740 594 1775 excidium
617 1740 848 1775 subsecutum
876 1747 939 1774 est.
971 1740 1134 1788 Namque
1154 1742 1224 1777 hoc
1250 1744 1379 1778 scelere
1408 1752 1632 1791 perpetrato.

112 1801 174 1835 ubi
201 1800 315 1834 Julius
336 1799 461 1834 Caesar
488 1799 679 1845 comperit,
705 1799 882 1833 civitatem
907 1799 1002 1832 enim
1029 1811 1235 1848 aggressus,
1262 1814 1370 1848 quam
1392 1803 1504 1837 victor
1530 1805 1636 1837 armis

112 1859 224 1905 cepit,
252 1870 373 1892 muros
397 1864 432 1891 et
449 1856 608 1891 aedificia
625 1857 670 1891 de
696 1870 838 1891 summo
863 1869 975 1904 usque
993 1857 1039 1891 ad
1060 1859 1217 1904 primum
1237 1861 1466 1905 comminuit,
1489 1863 1580 1896 cives
1600 1864 1634 1896 in

113 1929 175 1951 ore
193 1916 301 1965 gladii
321 1916 491 1962 peremit,
511 1916 560 1950 ita
578 1922 619 1949 ut
635 1915 680 1949 de
698 1915 819 1949 multis
838 1915 993 1949 millibus
1007 1916 1063 1950 vix
1078 1929 1170 1951 unus
1190 1919 1396 1953 remansisse
1416 1927 1630 1954 cerneretur.

112 1975 242 2022 Sicque
262 1975 401 2017 civitas,
423 1986 515 2021 quae
536 1973 720 2021 quondam
735 1974 847 2008 Roma
865 1974 972 2008 altera
991 1975 1134 2009 nomine
1153 1983 1188 2009 et
1206 1976 1378 2025 dignitate
1400 1980 1635 2024 nuncupaba-

110 2041 189 2078 tur,
204 2034 278 2080 jam
302 2033 402 2080 quasi
423 2033 539 2079 Troya
556 2032 737 2067 destructa
754 2032 954 2067 videbatur.
977 2034 1069 2068 Haec
1091 2041 1168 2069 acta
1189 2042 1273 2069 sunt
1293 2037 1501 2084 priusquam
1521 2038 1634 2072 Julius

111 2093 289 2141 singulare
307 2093 497 2139 imperium
518 2093 722 2138 arripuisset
741 2104 833 2126 anno
854 2092 998 2135 XLVII,
1020 2099 1055 2126 et
1070 2094 1176 2139 paulo
1192 2095 1271 2140 plus
1286 2097 1493 2142 priusquam
1514 2096 1634 2131 Chris—

114 2158 169 2185 tus
194 2150 239 2184 de
256 2150 400 2198 Virgine
425 2157 640 2184 nasceretur.
665 2150 764 2191 Quae
787 2150 980 2196 permansit
1005 2150 1165 2196 deserta,
1193 2159 1353 2199 tempore
1379 2166 1452 2200 quo
1475 2155 1634 2201 quinque

112 2221 213 2257 reges
240 2221 303 2255 per
326 2209 563 2242 successiones
584 2209 840 2255 rempublicam
864 2216 1049 2251 rexerunt,
1072 2223 1226 2256 quorum
1249 2213 1385 2258 primus
1408 2213 1521 2247 Julius
1546 2214 1630 2257 fuit„

112 2268 174 2315 qui
198 2274 277 2314 post
297 2267 514 2301 eversionem
537 2267 727 2301 Galliarum
747 2268 896 2302 Romam
913 2267 1073 2311 rediens,
1099 2281 1181 2303 cum
1201 2271 1335 2305 nollent
1355 2284 1436 2305 eum
1455 2272 1610 2318 recipere
1623 2301 1631 2315 7

111 2326 212 2360 civile
230 2325 362 2360 bellum
381 2325 472 2358 inter
489 2324 566 2359 illos
584 2332 745 2359 exortum
765 2332 829 2359 est.
846 2325 985 2366 Quibus
1003 2328 1265 2375 pugnantibus,
1282 2329 1492 2376 Pompeium
1509 2342 1633 2365 consu—

111 2385 181 2419 lem
198 2384 439 2419 Romanorum
461 2384 607 2430 expulit.
631 2383 759 2431 Sicque
773 2384 904 2429 victor,
921 2392 1063 2432 arrepto
1084 2398 1212 2435 regno,
1231 2388 1367 2434 primus
1385 2389 1628 2423 Romanorum

152 2513 161 2532 ¹
182 2513 314 2550 Guysius,
332 2519 399 2541 tom.
414 2514 468 2548 lll,
484 2523 545 2549 cap.
562 2514 639 2547 Llll,
654 2523 716 2551 pag.
732 2515 796 2542 359.
888 2516 901 2534 ²
921 2516 1004 2550 1bid.‚
1018 2525 1081 2552 pag.
1097 2516 1162 2543 566.
