<?xml version="1.0" encoding="UTF-8"?>
<!DOCTYPE html PUBLIC "-//W3C//DTD XHTML 1.0 Transitional//EN"
    "http://www.w3.org/TR/xhtml1/DTD/xhtml1-transitional.dtd">
<html xmlns="http://www.w3.org/1999/xhtml" xml:lang="en" lang="en">
 <head>
  <title>
</title>
<meta http-equiv="Content-Type" content="text/html;charset=utf-8" />
  <meta name='ocr-system' content='tesseract 3.04.00' />
  <meta name='ocr-capabilities' content='ocr_page ocr_carea ocr_par ocr_line ocrx_word'/>
</head>
<body>
  <div class='ocr_page' id='page_1' title='image "./corpuschronicoru02smetuoft_0521.png"; bbox 0 0 2118 3184; ppageno 0'>
   <div class='ocr_carea' id='block_1_1' title="bbox 597 415 1642 451">
    <p class='ocr_par' dir='ltr' id='par_1_1' title="bbox 597 415 1642 451">
     <span class='ocr_line' id='line_1_1' title="bbox 597 415 1642 451; baseline 0.001 -1"><span class='ocrx_word' id='word_1_1' title='bbox 597 416 821 451; x_wconf 60' lang='lat' dir='ltr'>CHROMCA</span> <span class='ocrx_word' id='word_1_2' title='bbox 852 415 1172 451; x_wconf 64' lang='lat' dir='ltr'>TORNACENSIS.</span> <span class='ocrx_word' id='word_1_3' title='bbox 1572 418 1642 451; x_wconf 61' lang='lat'>489</span> 
     </span>
    </p>
   </div>
   <div class='ocr_carea' id='block_1_2' title="bbox 128 523 1643 2443">
    <p class='ocr_par' dir='ltr' id='par_1_2' title="bbox 128 523 1643 2325">
     <span class='ocr_line' id='line_1_2' title="bbox 133 523 1642 575; baseline 0.003 -19"><span class='ocrx_word' id='word_1_4' title='bbox 133 529 196 556; x_wconf 79' lang='lat' dir='ltr'>ret.</span> <span class='ocrx_word' id='word_1_5' title='bbox 228 523 466 557; x_wconf 71' lang='lat' dir='ltr'>Tornaevnses</span> <span class='ocrx_word' id='word_1_6' title='bbox 484 524 517 557; x_wconf 91' lang='lat' dir='ltr'>in</span> <span class='ocrx_word' id='word_1_7' title='bbox 538 530 661 570; x_wconf 79' lang='lat' dir='ltr'>coepta</span> <span class='ocrx_word' id='word_1_8' title='bbox 686 524 856 557; x_wconf 74' lang='lat' dir='ltr'>sententia</span> <span class='ocrx_word' id='word_1_9' title='bbox 880 531 1125 570; x_wconf 76' lang='lat' dir='ltr'>permanentes</span> <span class='ocrx_word' id='word_1_10' title='bbox 1148 525 1291 559; x_wconf 88' lang='lat' dir='ltr'>beatum</span> <span class='ocrx_word' id='word_1_11' title='bbox 1312 526 1529 575; x_wconf 69' lang='lat' dir='ltr'>Remigium.</span> <span class='ocrx_word' id='word_1_12' title='bbox 1559 533 1642 560; x_wconf 85' lang='lat' dir='ltr'>tunc.</span> 
     </span>
     <span class='ocr_line' id='line_1_3' title="bbox 133 582 1642 628; baseline 0.003 -15"><span class='ocrx_word' id='word_1_13' title='bbox 133 583 300 627; x_wconf 84' lang='lat' dir='ltr'>temporis</span> <span class='ocrx_word' id='word_1_14' title='bbox 320 583 509 616; x_wconf 80' lang='lat' dir='ltr'>Remorum</span> <span class='ocrx_word' id='word_1_15' title='bbox 529 582 852 628; x_wconf 81' lang='lat' dir='ltr'>archiepiscopum.</span> <span class='ocrx_word' id='word_1_16' title='bbox 879 582 1028 625; x_wconf 73' lang='lat' dir='ltr'>adeunt.</span> <span class='ocrx_word' id='word_1_17' title='bbox 1051 590 1085 616; x_wconf 88' lang='lat' dir='ltr'>et</span> <span class='ocrx_word' id='word_1_18' title='bbox 1108 590 1143 617; x_wconf 87' lang='lat' dir='ltr'>ut</span> <span class='ocrx_word' id='word_1_19' title='bbox 1168 584 1198 617; x_wconf 87' lang='lat' dir='ltr'>ei</span> <span class='ocrx_word' id='word_1_20' title='bbox 1226 584 1456 619; x_wconf 78' lang='lat' dir='ltr'>&#39;l&#39;ornacensis</span> <span class='ocrx_word' id='word_1_21' title='bbox 1478 586 1642 619; x_wconf 75' lang='lat' dir='ltr'>ecclcsiae</span> 
     </span>
     <span class='ocr_line' id='line_1_4' title="bbox 132 640 1643 687; baseline 0.004 -15"><span class='ocrx_word' id='word_1_22' title='bbox 132 640 387 685; x_wconf 62' lang='lat' dir='ltr'>providentiam</span> <span class='ocrx_word' id='word_1_23' title='bbox 416 641 615 687; x_wconf 71' lang='lat' dir='ltr'>injungeret</span> <span class='ocrx_word' id='word_1_24' title='bbox 641 647 846 685; x_wconf 77' lang='lat' dir='ltr'>exposcunt.</span> <span class='ocrx_word' id='word_1_25' title='bbox 878 641 998 674; x_wconf 81' lang='lat' dir='ltr'>Flexus</span> <span class='ocrx_word' id='word_1_26' title='bbox 1023 654 1145 675; x_wconf 83' lang='lat' dir='ltr'>eorum</span> <span class='ocrx_word' id='word_1_27' title='bbox 1174 643 1337 687; x_wconf 84' lang='lat' dir='ltr'>precibus</span> <span class='ocrx_word' id='word_1_28' title='bbox 1362 651 1501 677; x_wconf 83' lang='lat' dir='ltr'>sanctus</span> <span class='ocrx_word' id='word_1_29' title='bbox 1526 644 1643 678; x_wconf 79' lang='lat' dir='ltr'>Remi-</span> 
     </span>
     <span class='ocr_line' id='line_1_5' title="bbox 132 697 1643 750; baseline 0.003 -19"><span class='ocrx_word' id='word_1_30' title='bbox 132 699 230 743; x_wconf 67' lang='lat' dir='ltr'>gius.</span> <span class='ocrx_word' id='word_1_31' title='bbox 253 698 430 744; x_wconf 78' lang='lat' dir='ltr'>simulque</span> <span class='ocrx_word' id='word_1_32' title='bbox 456 697 681 731; x_wconf 67' lang='lat' dir='ltr'>considerans</span> <span class='ocrx_word' id='word_1_33' title='bbox 707 705 738 731; x_wconf 81' lang='lat' dir='ltr'>et</span> <span class='ocrx_word' id='word_1_34' title='bbox 763 710 886 732; x_wconf 81' lang='lat' dir='ltr'>eorum</span> <span class='ocrx_word' id='word_1_35' title='bbox 906 698 1129 733; x_wconf 71' lang='lat' dir='ltr'>devotionem</span> <span class='ocrx_word' id='word_1_36' title='bbox 1153 707 1184 733; x_wconf 90' lang='lat' dir='ltr'>et</span> <span class='ocrx_word' id='word_1_37' title='bbox 1208 701 1299 734; x_wconf 88' lang='lat' dir='ltr'>beati</span> <span class='ocrx_word' id='word_1_38' title='bbox 1320 701 1478 735; x_wconf 82' lang='lat' dir='ltr'>Medardi</span> <span class='ocrx_word' id='word_1_39' title='bbox 1501 703 1643 750; x_wconf 76' lang='lat' dir='ltr'>religio-</span> 
     </span>
     <span class='ocr_line' id='line_1_6' title="bbox 133 756 1642 804; baseline 0.003 -15"><span class='ocrx_word' id='word_1_40' title='bbox 133 769 234 790; x_wconf 87' lang='lat' dir='ltr'>nem.</span> <span class='ocrx_word' id='word_1_41' title='bbox 263 756 484 790; x_wconf 71' lang='lat' dir='ltr'>obedientiae</span> <span class='ocrx_word' id='word_1_42' title='bbox 508 757 647 790; x_wconf 67' lang='lat' dir='ltr'>vinculo</span> <span class='ocrx_word' id='word_1_43' title='bbox 676 763 745 790; x_wconf 88' lang='lat' dir='ltr'>tam</span> <span class='ocrx_word' id='word_1_44' title='bbox 774 757 1004 791; x_wconf 69' lang='lat' dir='ltr'>&#39;tornacensis</span> <span class='ocrx_word' id='word_1_45' title='bbox 1028 770 1135 804; x_wconf 82' lang='lat' dir='ltr'>quam</span> <span class='ocrx_word' id='word_1_46' title='bbox 1157 758 1398 793; x_wconf 67' lang='lat' dir='ltr'>Noviomensis</span> <span class='ocrx_word' id='word_1_47' title='bbox 1424 761 1588 795; x_wconf 77' lang='lat' dir='ltr'>ecclcsiae</span> <span class='ocrx_word' id='word_1_48' title='bbox 1611 761 1642 794; x_wconf 86' lang='lat' dir='ltr'>ei</span> 
     </span>
     <span class='ocr_line' id='line_1_7' title="bbox 133 815 1642 862; baseline 0.003 -14"><span class='ocrx_word' id='word_1_49' title='bbox 133 815 284 862; x_wconf 73' lang='lat' dir='ltr'>injungit</span> <span class='ocrx_word' id='word_1_50' title='bbox 304 815 595 849; x_wconf 80' lang='lat' dir='ltr'>sollicitudiuem.</span> <span class='ocrx_word' id='word_1_51' title='bbox 622 828 822 861; x_wconf 75' lang='lat' dir='ltr'>proponens</span> <span class='ocrx_word' id='word_1_52' title='bbox 848 817 877 849; x_wconf 86' lang='lat' dir='ltr'>ei</span> <span class='ocrx_word' id='word_1_53' title='bbox 905 817 1113 850; x_wconf 80' lang='lat' dir='ltr'>sententiam</span> <span class='ocrx_word' id='word_1_54' title='bbox 1135 818 1274 851; x_wconf 82' lang='lat' dir='ltr'>Domini</span> <span class='ocrx_word' id='word_1_55' title='bbox 1297 818 1446 853; x_wconf 86' lang='lat' dir='ltr'>dicentis</span> <span class='ocrx_word' id='word_1_56' title='bbox 1473 833 1478 851; x_wconf 81' lang='lat'>1</span> <span class='ocrx_word' id='word_1_57' title='bbox 1514 834 1530 849; x_wconf 73' lang='lat' dir='ltr'>u</span> <span class='ocrx_word' id='word_1_58' title='bbox 1554 819 1642 853; x_wconf 68' lang='lat' dir='ltr'>Alias</span> 
     </span>
     <span class='ocr_line' id='line_1_8' title="bbox 131 873 1643 925; baseline 0.004 -19"><span class='ocrx_word' id='word_1_59' title='bbox 131 885 212 906; x_wconf 75' lang='lat' dir='ltr'>oves</span> <span class='ocrx_word' id='word_1_60' title='bbox 226 873 339 907; x_wconf 86' lang='lat' dir='ltr'>habeo</span> <span class='ocrx_word' id='word_1_61' title='bbox 354 886 444 920; x_wconf 82' lang='lat' dir='ltr'>quae</span> <span class='ocrx_word' id='word_1_62' title='bbox 460 887 530 907; x_wconf 91' lang='lat' dir='ltr'>non</span> <span class='ocrx_word' id='word_1_63' title='bbox 545 881 627 907; x_wconf 87' lang='lat' dir='ltr'>sunt</span> <span class='ocrx_word' id='word_1_64' title='bbox 642 887 681 908; x_wconf 85' lang='lat' dir='ltr'>ex</span> <span class='ocrx_word' id='word_1_65' title='bbox 697 874 764 908; x_wconf 88' lang='lat' dir='ltr'>boc</span> <span class='ocrx_word' id='word_1_66' title='bbox 778 875 877 917; x_wconf 64' lang='lat' dir='ltr'>ovili.</span> <span class='ocrx_word' id='word_1_67' title='bbox 898 882 931 908; x_wconf 92' lang='lat' dir='ltr'>ct</span> <span class='ocrx_word' id='word_1_68' title='bbox 946 875 1018 908; x_wconf 83' lang='lat' dir='ltr'>illas</span> <span class='ocrx_word' id='word_1_69' title='bbox 1035 883 1192 921; x_wconf 81' lang='lat' dir='ltr'>oportet..</span> <span class='ocrx_word' id='word_1_70' title='bbox 1213 884 1246 910; x_wconf 88' lang='lat' dir='ltr'>et</span> <span class='ocrx_word' id='word_1_71' title='bbox 1266 884 1412 911; x_wconf 84' lang='lat' dir='ltr'>caetera.</span> <span class='ocrx_word' id='word_1_72' title='bbox 1434 894 1450 909; x_wconf 69' lang='grc' dir='ltr'>υ</span> <span class='ocrx_word' id='word_1_73' title='bbox 1471 879 1540 912; x_wconf 91' lang='lat' dir='ltr'>Hac</span> <span class='ocrx_word' id='word_1_74' title='bbox 1558 890 1643 925; x_wconf 76' lang='lat' dir='ltr'>crgo</span> 
     </span>
     <span class='ocr_line' id='line_1_9' title="bbox 130 932 1641 979; baseline 0.003 -14"><span class='ocrx_word' id='word_1_75' title='bbox 130 932 312 965; x_wconf 72' lang='lat' dir='ltr'>occasione</span> <span class='ocrx_word' id='word_1_76' title='bbox 331 932 553 966; x_wconf 60' lang='lat' dir='ltr'>Noviomonsi</span> <span class='ocrx_word' id='word_1_77' title='bbox 581 933 747 979; x_wconf 73' lang='lat' dir='ltr'>episcopo</span> <span class='ocrx_word' id='word_1_78' title='bbox 770 934 927 979; x_wconf 83' lang='lat' dir='ltr'>injuncta</span> <span class='ocrx_word' id='word_1_79' title='bbox 952 941 1001 967; x_wconf 84' lang='lat' dir='ltr'>est</span> <span class='ocrx_word' id='word_1_80' title='bbox 1028 946 1111 968; x_wconf 88' lang='lat' dir='ltr'>cura</span> <span class='ocrx_word' id='word_1_81' title='bbox 1140 935 1369 970; x_wconf 82' lang='lat' dir='ltr'>Tornaeensis</span> <span class='ocrx_word' id='word_1_82' title='bbox 1394 937 1570 971; x_wconf 81' lang='lat' dir='ltr'>ecclesiae.</span> <span class='ocrx_word' id='word_1_83' title='bbox 1603 937 1641 970; x_wconf 93' lang='lat' dir='ltr'>ln</span> 
     </span>
     <span class='ocr_line' id='line_1_10' title="bbox 131 991 1641 1040; baseline 0.003 -17"><span class='ocrx_word' id='word_1_84' title='bbox 131 991 199 1024; x_wconf 72' lang='lat' dir='ltr'>vita</span> <span class='ocrx_word' id='word_1_85' title='bbox 218 998 335 1024; x_wconf 89' lang='lat' dir='ltr'>autem</span> <span class='ocrx_word' id='word_1_86' title='bbox 357 992 501 1037; x_wconf 84' lang='lat' dir='ltr'>praefati</span> <span class='ocrx_word' id='word_1_87' title='bbox 521 993 628 1025; x_wconf 81' lang='lat' dir='ltr'>sancti</span> <span class='ocrx_word' id='word_1_88' title='bbox 651 992 798 1039; x_wconf 68' lang='lat' dir='ltr'>Remigii</span> <span class='ocrx_word' id='word_1_89' title='bbox 819 993 958 1040; x_wconf 75' lang='lat' dir='ltr'>legitur.</span> <span class='ocrx_word' id='word_1_90' title='bbox 981 992 1078 1039; x_wconf 89' lang='lat' dir='ltr'>quod</span> <span class='ocrx_word' id='word_1_91' title='bbox 1099 1000 1258 1040; x_wconf 87' lang='lat' dir='ltr'>tempore</span> <span class='ocrx_word' id='word_1_92' title='bbox 1276 995 1351 1040; x_wconf 79' lang='lat' dir='ltr'>ejus</span> <span class='ocrx_word' id='word_1_93' title='bbox 1370 996 1549 1029; x_wconf 81' lang='lat' dir='ltr'>Remensis</span> <span class='ocrx_word' id='word_1_94' title='bbox 1573 1008 1641 1028; x_wconf 88' lang='lat' dir='ltr'>me-</span> 
     </span>
     <span class='ocr_line' id='line_1_11' title="bbox 131 1049 1642 1097; baseline 0.003 -15"><span class='ocrx_word' id='word_1_95' title='bbox 131 1049 276 1095; x_wconf 87' lang='lat' dir='ltr'>tropolis</span> <span class='ocrx_word' id='word_1_96' title='bbox 302 1050 368 1083; x_wconf 84' lang='lat' dir='ltr'>sub</span> <span class='ocrx_word' id='word_1_97' title='bbox 392 1063 427 1083; x_wconf 77' lang='lat' dir='ltr'>se</span> <span class='ocrx_word' id='word_1_98' title='bbox 448 1050 635 1084; x_wconf 80' lang='lat' dir='ltr'>duodecim</span> <span class='ocrx_word' id='word_1_99' title='bbox 657 1051 809 1085; x_wconf 81' lang='lat' dir='ltr'>habebat</span> <span class='ocrx_word' id='word_1_100' title='bbox 827 1051 1010 1097; x_wconf 85' lang='lat' dir='ltr'>episcopos</span> <span class='ocrx_word' id='word_1_101' title='bbox 1028 1078 1035 1084; x_wconf 95' lang='lat'>.</span> <span class='ocrx_word' id='word_1_102' title='bbox 1058 1052 1188 1086; x_wconf 86' lang='lat' dir='ltr'>scilicet</span> <span class='ocrx_word' id='word_1_103' title='bbox 1209 1052 1502 1087; x_wconf 75' lang='lat' dir='ltr'>Silvanectensem</span> <span class='ocrx_word' id='word_1_104' title='bbox 1516 1081 1524 1097; x_wconf 63' lang='lat'><em>7</em></span> <span class='ocrx_word' id='word_1_105' title='bbox 1546 1053 1642 1087; x_wconf 89' lang='lat' dir='ltr'>Cata—</span> 
     </span>
     <span class='ocr_line' id='line_1_12' title="bbox 128 1106 1638 1155; baseline 0.005 -16"><span class='ocrx_word' id='word_1_106' title='bbox 128 1106 347 1141; x_wconf 79' lang='lat' dir='ltr'>launensem.</span> <span class='ocrx_word' id='word_1_107' title='bbox 382 1109 668 1142; x_wconf 64' lang='lat' dir='ltr'>Ambianensein.</span> <span class='ocrx_word' id='word_1_108' title='bbox 703 1110 965 1152; x_wconf 57' lang='lat' dir='ltr'>Bois-accusem.</span> <span class='ocrx_word' id='word_1_109' title='bbox 1004 1110 1289 1145; x_wconf 72' lang='lat' dir='ltr'>suessionensem</span> <span class='ocrx_word' id='word_1_110' title='bbox 1303 1139 1310 1145; x_wconf 91' lang='lat'>.</span> <span class='ocrx_word' id='word_1_111' title='bbox 1347 1113 1615 1146; x_wconf 82' lang='lat' dir='ltr'>Laudunensem</span> <span class='ocrx_word' id='word_1_112' title='bbox 1630 1140 1638 1155; x_wconf 56' lang='lat'>7</span> 
     </span>
     <span class='ocr_line' id='line_1_13' title="bbox 129 1167 1642 1217; baseline 0.003 -18"><span class='ocrx_word' id='word_1_113' title='bbox 129 1167 188 1212; x_wconf 86' lang='lat' dir='ltr'>qui</span> <span class='ocrx_word' id='word_1_114' title='bbox 210 1167 405 1213; x_wconf 80' lang='lat' dir='ltr'>antiquitus</span> <span class='ocrx_word' id='word_1_115' title='bbox 427 1180 497 1201; x_wconf 88' lang='lat' dir='ltr'>non</span> <span class='ocrx_word' id='word_1_116' title='bbox 516 1168 651 1201; x_wconf 85' lang='lat' dir='ltr'>fuerat.</span> <span class='ocrx_word' id='word_1_117' title='bbox 673 1168 733 1201; x_wconf 81' lang='lat' dir='ltr'>scd</span> <span class='ocrx_word' id='word_1_118' title='bbox 757 1168 801 1201; x_wconf 87' lang='lat' dir='ltr'>ab</span> <span class='ocrx_word' id='word_1_119' title='bbox 829 1169 903 1214; x_wconf 85' lang='lat' dir='ltr'>ipso</span> <span class='ocrx_word' id='word_1_120' title='bbox 928 1175 1049 1202; x_wconf 88' lang='lat' dir='ltr'>sancto</span> <span class='ocrx_word' id='word_1_121' title='bbox 1073 1169 1232 1217; x_wconf 79' lang='lat' dir='ltr'>Remigio</span> <span class='ocrx_word' id='word_1_122' title='bbox 1256 1170 1436 1204; x_wconf 82' lang='lat' dir='ltr'>institutus</span> <span class='ocrx_word' id='word_1_123' title='bbox 1459 1178 1530 1204; x_wconf 83' lang='lat' dir='ltr'>est.</span> <span class='ocrx_word' id='word_1_124' title='bbox 1555 1171 1642 1205; x_wconf 83' lang='lat' dir='ltr'>dans</span> 
     </span>
     <span class='ocr_line' id='line_1_14' title="bbox 129 1224 1638 1272; baseline 0.002 -14"><span class='ocrx_word' id='word_1_125' title='bbox 129 1225 159 1257; x_wconf 84' lang='lat' dir='ltr'>ei</span> <span class='ocrx_word' id='word_1_126' title='bbox 175 1224 219 1257; x_wconf 91' lang='lat' dir='ltr'>de</span> <span class='ocrx_word' id='word_1_127' title='bbox 237 1226 308 1258; x_wconf 81' lang='lat' dir='ltr'>suis</span> <span class='ocrx_word' id='word_1_128' title='bbox 326 1226 526 1271; x_wconf 83' lang='lat' dir='ltr'>municipiis</span> <span class='ocrx_word' id='word_1_129' title='bbox 542 1238 623 1259; x_wconf 90' lang='lat' dir='ltr'>cum</span> <span class='ocrx_word' id='word_1_130' title='bbox 638 1226 714 1271; x_wconf 89' lang='lat' dir='ltr'>ipso</span> <span class='ocrx_word' id='word_1_131' title='bbox 729 1225 918 1267; x_wconf 81' lang='lat' dir='ltr'>Lauduno.</span> <span class='ocrx_word' id='word_1_132' title='bbox 940 1226 1001 1272; x_wconf 90' lang='lat' dir='ltr'>qui</span> <span class='ocrx_word' id='word_1_133' title='bbox 1018 1225 1062 1259; x_wconf 93' lang='lat' dir='ltr'>de</span> <span class='ocrx_word' id='word_1_134' title='bbox 1082 1227 1249 1272; x_wconf 86' lang='lat' dir='ltr'>parochia</span> <span class='ocrx_word' id='word_1_135' title='bbox 1268 1228 1428 1261; x_wconf 79' lang='lat' dir='ltr'>Remensi</span> <span class='ocrx_word' id='word_1_136' title='bbox 1443 1230 1616 1263; x_wconf 78' lang='lat' dir='ltr'>exstiterat</span> <span class='ocrx_word' id='word_1_137' title='bbox 1631 1244 1638 1261; x_wconf 74' lang='grc' dir='ltr'><strong><em>ε</em></strong></span> 
     </span>
     <span class='ocr_line' id='line_1_15' title="bbox 133 1283 1642 1329; baseline 0.003 -13"><span class='ocrx_word' id='word_1_138' title='bbox 133 1283 399 1316; x_wconf 71' lang='lat' dir='ltr'>Noviomensem</span> <span class='ocrx_word' id='word_1_139' title='bbox 413 1310 421 1325; x_wconf 69' lang='lat'>·.</span> <span class='ocrx_word' id='word_1_140' title='bbox 449 1284 747 1325; x_wconf 56' lang='lat' dir='ltr'>Attrebatensem.</span> <span class='ocrx_word' id='word_1_141' title='bbox 773 1296 881 1329; x_wconf 84' lang='lat' dir='ltr'>quem</span> <span class='ocrx_word' id='word_1_142' title='bbox 903 1284 1008 1316; x_wconf 87' lang='lat' dir='ltr'>etiam</span> <span class='ocrx_word' id='word_1_143' title='bbox 1028 1284 1164 1328; x_wconf 84' lang='lat' dir='ltr'>primus</span> <span class='ocrx_word' id='word_1_144' title='bbox 1187 1284 1360 1318; x_wconf 74' lang='lat' dir='ltr'>ordinavit</span> <span class='ocrx_word' id='word_1_145' title='bbox 1377 1313 1385 1328; x_wconf 31' lang='grc' dir='ltr'>,Ι</span> <span class='ocrx_word' id='word_1_146' title='bbox 1412 1286 1642 1321; x_wconf 80' lang='lat' dir='ltr'>Cameracen-</span> 
     </span>
     <span class='ocr_line' id='line_1_16' title="bbox 129 1341 1642 1391; baseline 0.003 -17"><span class='ocrx_word' id='word_1_147' title='bbox 129 1353 218 1374; x_wconf 76' lang='lat' dir='ltr'>seni.</span> <span class='ocrx_word' id='word_1_148' title='bbox 242 1341 518 1384; x_wconf 66' lang='lat' dir='ltr'>Tornacensem,</span> <span class='ocrx_word' id='word_1_149' title='bbox 547 1342 802 1383; x_wconf 75' lang='lat' dir='ltr'>Morinensem.</span> <span class='ocrx_word' id='word_1_150' title='bbox 826 1341 1081 1375; x_wconf 83' lang='lat' dir='ltr'>Boloniensem.</span> <span class='ocrx_word' id='word_1_151' title='bbox 1104 1343 1190 1376; x_wconf 89' lang='lat' dir='ltr'>Ecce</span> <span class='ocrx_word' id='word_1_152' title='bbox 1212 1356 1296 1390; x_wconf 79' lang='lat' dir='ltr'>ergo</span> <span class='ocrx_word' id='word_1_153' title='bbox 1309 1344 1382 1389; x_wconf 87' lang='lat' dir='ltr'>jam</span> <span class='ocrx_word' id='word_1_154' title='bbox 1401 1357 1511 1378; x_wconf 87' lang='lat' dir='ltr'>unum</span> <span class='ocrx_word' id='word_1_155' title='bbox 1527 1358 1568 1379; x_wconf 81' lang='lat' dir='ltr'>cx</span> <span class='ocrx_word' id='word_1_156' title='bbox 1587 1347 1642 1391; x_wconf 92' lang='lat' dir='ltr'>ip-</span> 
     </span>
     <span class='ocr_line' id='line_1_17' title="bbox 128 1400 1642 1450; baseline 0.003 -17"><span class='ocrx_word' id='word_1_157' title='bbox 128 1400 173 1433; x_wconf 86' lang='lat' dir='ltr'>sis</span> <span class='ocrx_word' id='word_1_158' title='bbox 199 1400 232 1433; x_wconf 90' lang='lat' dir='ltr'>in</span> <span class='ocrx_word' id='word_1_159' title='bbox 257 1400 514 1434; x_wconf 87' lang='lat' dir='ltr'>Tornacensem</span> <span class='ocrx_word' id='word_1_160' title='bbox 538 1401 743 1446; x_wconf 87' lang='lat' dir='ltr'>episcopum</span> <span class='ocrx_word' id='word_1_161' title='bbox 768 1401 947 1434; x_wconf 85' lang='lat' dir='ltr'>Rcmensis</span> <span class='ocrx_word' id='word_1_162' title='bbox 974 1401 1137 1434; x_wconf 85' lang='lat' dir='ltr'>ecclesiae</span> <span class='ocrx_word' id='word_1_163' title='bbox 1158 1401 1311 1449; x_wconf 77' lang='lat' dir='ltr'>dignitas</span> <span class='ocrx_word' id='word_1_164' title='bbox 1337 1403 1512 1449; x_wconf 70' lang='lat' dir='ltr'>per(li(tit;</span> <span class='ocrx_word' id='word_1_165' title='bbox 1533 1417 1642 1450; x_wconf 84' lang='lat' dir='ltr'>quare</span> 
     </span>
     <span class='ocr_line' id='line_1_18' title="bbox 129 1457 1642 1507; baseline 0.003 -16"><span class='ocrx_word' id='word_1_166' title='bbox 129 1457 225 1504; x_wconf 88' lang='lat' dir='ltr'>quod</span> <span class='ocrx_word' id='word_1_167' title='bbox 243 1459 349 1492; x_wconf 86' lang='lat' dir='ltr'>semel</span> <span class='ocrx_word' id='word_1_168' title='bbox 369 1458 544 1506; x_wconf 80' lang='lat' dir='ltr'>religionis</span> <span class='ocrx_word' id='word_1_169' title='bbox 559 1458 745 1492; x_wconf 86' lang='lat' dir='ltr'>devotione</span> <span class='ocrx_word' id='word_1_170' title='bbox 761 1458 893 1492; x_wconf 87' lang='lat' dir='ltr'>factum</span> <span class='ocrx_word' id='word_1_171' title='bbox 913 1459 1044 1500; x_wconf 61' lang='lat' dir='ltr'>fuerat.</span> <span class='ocrx_word' id='word_1_172' title='bbox 1062 1459 1266 1493; x_wconf 81' lang='lat' dir='ltr'>abundante</span> <span class='ocrx_word' id='word_1_173' title='bbox 1281 1461 1467 1507; x_wconf 84' lang='lat' dir='ltr'>iniquitate</span> <span class='ocrx_word' id='word_1_174' title='bbox 1486 1469 1519 1495; x_wconf 88' lang='lat' dir='ltr'>et</span> <span class='ocrx_word' id='word_1_175' title='bbox 1538 1464 1642 1496; x_wconf 82' lang='lat' dir='ltr'>refri-</span> 
     </span>
     <span class='ocr_line' id='line_1_19' title="bbox 128 1517 1643 1564; baseline 0.003 -14"><span class='ocrx_word' id='word_1_176' title='bbox 128 1523 290 1564; x_wconf 82' lang='lat' dir='ltr'>gescente</span> <span class='ocrx_word' id='word_1_177' title='bbox 306 1517 494 1559; x_wconf 68' lang='lat' dir='ltr'>charitate.</span> <span class='ocrx_word' id='word_1_178' title='bbox 518 1530 588 1551; x_wconf 90' lang='lat' dir='ltr'>non</span> <span class='ocrx_word' id='word_1_179' title='bbox 609 1518 709 1551; x_wconf 83' lang='lat' dir='ltr'>facile</span> <span class='ocrx_word' id='word_1_180' title='bbox 728 1518 841 1563; x_wconf 88' lang='lat' dir='ltr'>potuit</span> <span class='ocrx_word' id='word_1_181' title='bbox 860 1518 1054 1551; x_wconf 84' lang='lat' dir='ltr'>immutari.</span> <span class='ocrx_word' id='word_1_182' title='bbox 1078 1519 1169 1552; x_wconf 89' lang='lat' dir='ltr'>Dum</span> <span class='ocrx_word' id='word_1_183' title='bbox 1189 1526 1310 1553; x_wconf 86' lang='lat' dir='ltr'>sancto</span> <span class='ocrx_word' id='word_1_184' title='bbox 1325 1520 1494 1554; x_wconf 86' lang='lat' dir='ltr'>Medardo</span> <span class='ocrx_word' id='word_1_185' title='bbox 1519 1534 1643 1555; x_wconf 84' lang='lat' dir='ltr'>succe-</span> 
     </span>
     <span class='ocr_line' id='line_1_20' title="bbox 129 1575 1640 1626; baseline 0.003 -17"><span class='ocrx_word' id='word_1_186' title='bbox 129 1575 251 1610; x_wconf 85' lang='lat' dir='ltr'>dentes</span> <span class='ocrx_word' id='word_1_187' title='bbox 279 1577 527 1610; x_wconf 71' lang='lat' dir='ltr'>Noviomenses</span> <span class='ocrx_word' id='word_1_188' title='bbox 554 1577 708 1622; x_wconf 83' lang='lat' dir='ltr'>episcopi</span> <span class='ocrx_word' id='word_1_189' title='bbox 734 1589 805 1610; x_wconf 94' lang='lat' dir='ltr'>non</span> <span class='ocrx_word' id='word_1_190' title='bbox 832 1577 923 1611; x_wconf 88' lang='lat' dir='ltr'>sicut</span> <span class='ocrx_word' id='word_1_191' title='bbox 948 1577 1004 1610; x_wconf 90' lang='lat' dir='ltr'>ille</span> <span class='ocrx_word' id='word_1_192' title='bbox 1037 1577 1164 1611; x_wconf 86' lang='lat' dir='ltr'>timent</span> <span class='ocrx_word' id='word_1_193' title='bbox 1190 1577 1344 1612; x_wconf 87' lang='lat' dir='ltr'>duorum</span> <span class='ocrx_word' id='word_1_194' title='bbox 1373 1580 1640 1626; x_wconf 78' lang='lat' dir='ltr'>episcopatuum</span> 
     </span>
     <span class='ocr_line' id='line_1_21' title="bbox 129 1634 1640 1685; baseline 0.003 -17"><span class='ocrx_word' id='word_1_195' title='bbox 129 1647 220 1668; x_wconf 84' lang='lat' dir='ltr'>onus</span> <span class='ocrx_word' id='word_1_196' title='bbox 247 1647 352 1682; x_wconf 68' lang='lat' dir='ltr'>grave</span> <span class='ocrx_word' id='word_1_197' title='bbox 378 1641 537 1680; x_wconf 88' lang='lat' dir='ltr'>portare.</span> <span class='ocrx_word' id='word_1_198' title='bbox 564 1634 625 1668; x_wconf 89' lang='lat' dir='ltr'>sed</span> <span class='ocrx_word' id='word_1_199' title='bbox 647 1634 850 1681; x_wconf 82' lang='lat' dir='ltr'>cupiditatis</span> <span class='ocrx_word' id='word_1_200' title='bbox 874 1635 1020 1668; x_wconf 85' lang='lat' dir='ltr'>nexibus</span> <span class='ocrx_word' id='word_1_201' title='bbox 1038 1635 1210 1679; x_wconf 59' lang='lat' dir='ltr'>devincti.</span> <span class='ocrx_word' id='word_1_202' title='bbox 1232 1644 1440 1682; x_wconf 82' lang='lat' dir='ltr'>quaerentes</span> <span class='ocrx_word' id='word_1_203' title='bbox 1467 1651 1558 1685; x_wconf 87' lang='lat' dir='ltr'>quae</span> <span class='ocrx_word' id='word_1_204' title='bbox 1580 1652 1640 1673; x_wconf 89' lang='lat' dir='ltr'>sua</span> 
     </span>
     <span class='ocr_line' id='line_1_22' title="bbox 130 1693 1642 1740; baseline 0.004 -14"><span class='ocrx_word' id='word_1_205' title='bbox 130 1700 224 1735; x_wconf 69' lang='lat' dir='ltr'>sunt.</span> <span class='ocrx_word' id='word_1_206' title='bbox 243 1706 313 1727; x_wconf 92' lang='lat' dir='ltr'>non</span> <span class='ocrx_word' id='word_1_207' title='bbox 328 1706 418 1740; x_wconf 87' lang='lat' dir='ltr'>quae</span> <span class='ocrx_word' id='word_1_208' title='bbox 433 1694 512 1727; x_wconf 89' lang='lat' dir='ltr'>Jcsu</span> <span class='ocrx_word' id='word_1_209' title='bbox 529 1693 675 1736; x_wconf 60' lang='lat' dir='ltr'>Christi.</span> <span class='ocrx_word' id='word_1_210' title='bbox 695 1706 759 1727; x_wconf 92' lang='lat' dir='ltr'>nec</span> <span class='ocrx_word' id='word_1_211' title='bbox 772 1693 817 1727; x_wconf 89' lang='lat' dir='ltr'>de</span> <span class='ocrx_word' id='word_1_212' title='bbox 831 1694 1029 1727; x_wconf 88' lang='lat' dir='ltr'>animarum</span> <span class='ocrx_word' id='word_1_213' title='bbox 1044 1694 1167 1737; x_wconf 68' lang='lat' dir='ltr'>salute,</span> <span class='ocrx_word' id='word_1_214' title='bbox 1185 1695 1247 1729; x_wconf 88' lang='lat' dir='ltr'>sed</span> <span class='ocrx_word' id='word_1_215' title='bbox 1260 1695 1304 1729; x_wconf 91' lang='lat' dir='ltr'>de</span> <span class='ocrx_word' id='word_1_216' title='bbox 1319 1697 1482 1731; x_wconf 83' lang='lat' dir='ltr'>secularis</span> <span class='ocrx_word' id='word_1_217' title='bbox 1497 1698 1642 1732; x_wconf 87' lang='lat' dir='ltr'>honoris</span> 
     </span>
     <span class='ocr_line' id='line_1_23' title="bbox 130 1752 1643 1801; baseline 0.003 -15"><span class='ocrx_word' id='word_1_218' title='bbox 130 1753 322 1786; x_wconf 82' lang='lat' dir='ltr'>ambitione</span> <span class='ocrx_word' id='word_1_219' title='bbox 343 1753 480 1787; x_wconf 85' lang='lat' dir='ltr'>solliciti</span> <span class='ocrx_word' id='word_1_220' title='bbox 497 1780 505 1796; x_wconf 73' lang='lat'>.</span> <span class='ocrx_word' id='word_1_221' title='bbox 532 1752 629 1799; x_wconf 84' lang='lat' dir='ltr'>quod</span> <span class='ocrx_word' id='word_1_222' title='bbox 653 1753 683 1786; x_wconf 90' lang='lat' dir='ltr'>ei</span> <span class='ocrx_word' id='word_1_223' title='bbox 703 1765 768 1798; x_wconf 88' lang='lat' dir='ltr'>pro</span> <span class='ocrx_word' id='word_1_224' title='bbox 791 1765 854 1786; x_wconf 90' lang='lat' dir='ltr'>sua</span> <span class='ocrx_word' id='word_1_225' title='bbox 872 1753 1054 1787; x_wconf 79' lang='lat' dir='ltr'>sanctitate</span> <span class='ocrx_word' id='word_1_226' title='bbox 1074 1753 1141 1786; x_wconf 90' lang='lat' dir='ltr'>fuit</span> <span class='ocrx_word' id='word_1_227' title='bbox 1158 1754 1379 1799; x_wconf 80' lang='lat' dir='ltr'>injunctum.</span> <span class='ocrx_word' id='word_1_228' title='bbox 1401 1756 1475 1801; x_wconf 83' lang='lat' dir='ltr'>jam</span> <span class='ocrx_word' id='word_1_229' title='bbox 1499 1756 1643 1790; x_wconf 85' lang='lat' dir='ltr'>student</span> 
     </span>
     <span class='ocr_line' id='line_1_24' title="bbox 130 1810 1642 1861; baseline 0.003 -17"><span class='ocrx_word' id='word_1_230' title='bbox 130 1817 164 1843; x_wconf 84' lang='lat' dir='ltr'>et</span> <span class='ocrx_word' id='word_1_231' title='bbox 187 1817 362 1844; x_wconf 88' lang='lat' dir='ltr'>conantur</span> <span class='ocrx_word' id='word_1_232' title='bbox 383 1810 560 1845; x_wconf 79' lang='lat' dir='ltr'>vindicare</span> <span class='ocrx_word' id='word_1_233' title='bbox 583 1811 682 1857; x_wconf 88' lang='lat' dir='ltr'>quasi</span> <span class='ocrx_word' id='word_1_234' title='bbox 702 1811 760 1856; x_wconf 85' lang='lat' dir='ltr'>jus</span> <span class='ocrx_word' id='word_1_235' title='bbox 782 1812 980 1856; x_wconf 90' lang='lat' dir='ltr'>proprium.</span> <span class='ocrx_word' id='word_1_236' title='bbox 1004 1812 1095 1859; x_wconf 79' lang='lat' dir='ltr'>Ergo</span> <span class='ocrx_word' id='word_1_237' title='bbox 1116 1823 1333 1846; x_wconf 87' lang='lat' dir='ltr'>successores</span> <span class='ocrx_word' id='word_1_238' title='bbox 1351 1813 1426 1858; x_wconf 87' lang='lat' dir='ltr'>ejus</span> <span class='ocrx_word' id='word_1_239' title='bbox 1451 1821 1642 1861; x_wconf 85' lang='lat' dir='ltr'>utrumque</span> 
     </span>
     <span class='ocr_line' id='line_1_25' title="bbox 129 1870 1642 1916; baseline 0.003 -14"><span class='ocrx_word' id='word_1_240' title='bbox 129 1870 370 1915; x_wconf 87' lang='lat' dir='ltr'>episcopatum</span> <span class='ocrx_word' id='word_1_241' title='bbox 390 1870 622 1903; x_wconf 84' lang='lat' dir='ltr'>obtinuerunt</span> <span class='ocrx_word' id='word_1_242' title='bbox 644 1876 723 1916; x_wconf 87' lang='lat' dir='ltr'>post</span> <span class='ocrx_word' id='word_1_243' title='bbox 749 1876 899 1903; x_wconf 84' lang='lat' dir='ltr'>mortem</span> <span class='ocrx_word' id='word_1_244' title='bbox 922 1870 1015 1915; x_wconf 77' lang='lat' dir='ltr'>ejus.</span> <span class='ocrx_word' id='word_1_245' title='bbox 1044 1882 1193 1916; x_wconf 87' lang='lat' dir='ltr'>seroque</span> <span class='ocrx_word' id='word_1_246' title='bbox 1216 1871 1331 1905; x_wconf 88' lang='lat' dir='ltr'>clerici</span> <span class='ocrx_word' id='word_1_247' title='bbox 1353 1872 1589 1907; x_wconf 86' lang='lat' dir='ltr'>Tornacenses</span> <span class='ocrx_word' id='word_1_248' title='bbox 1607 1887 1642 1907; x_wconf 80' lang='lat' dir='ltr'>se</span> 
     </span>
     <span class='ocr_line' id='line_1_26' title="bbox 129 1927 1642 1976; baseline 0.003 -16"><span class='ocrx_word' id='word_1_249' title='bbox 129 1934 288 1961; x_wconf 89' lang='lat' dir='ltr'>sanctum</span> <span class='ocrx_word' id='word_1_250' title='bbox 318 1927 527 1961; x_wconf 83' lang='lat' dir='ltr'>Medardum</span> <span class='ocrx_word' id='word_1_251' title='bbox 555 1928 698 1976; x_wconf 79' lang='lat' dir='ltr'>elegisse</span> <span class='ocrx_word' id='word_1_252' title='bbox 723 1928 993 1973; x_wconf 59' lang='lat' dir='ltr'>poenituerunt.</span> <span class='ocrx_word' id='word_1_253' title='bbox 1020 1927 1177 1961; x_wconf 73' lang='lat' dir='ltr'>videntes</span> <span class='ocrx_word' id='word_1_254' title='bbox 1206 1928 1304 1974; x_wconf 89' lang='lat' dir='ltr'>quod</span> <span class='ocrx_word' id='word_1_255' title='bbox 1329 1931 1435 1964; x_wconf 90' lang='lat' dir='ltr'>semel</span> <span class='ocrx_word' id='word_1_256' title='bbox 1459 1943 1642 1965; x_wconf 86' lang='lat' dir='ltr'>concesse—</span> 
     </span>
     <span class='ocr_line' id='line_1_27' title="bbox 131 1986 1642 2035; baseline 0.003 -16"><span class='ocrx_word' id='word_1_257' title='bbox 131 1992 210 2019; x_wconf 85' lang='lat' dir='ltr'>rant</span> <span class='ocrx_word' id='word_1_258' title='bbox 226 1998 262 2019; x_wconf 91' lang='lat' dir='ltr'>se</span> <span class='ocrx_word' id='word_1_259' title='bbox 281 1986 427 2019; x_wconf 85' lang='lat' dir='ltr'>ulterius</span> <span class='ocrx_word' id='word_1_260' title='bbox 446 1999 514 2020; x_wconf 93' lang='lat' dir='ltr'>non</span> <span class='ocrx_word' id='word_1_261' title='bbox 536 1999 637 2032; x_wconf 86' lang='lat' dir='ltr'>posse</span> <span class='ocrx_word' id='word_1_262' title='bbox 651 1987 852 2020; x_wconf 86' lang='lat' dir='ltr'>immutare.</span> <span class='ocrx_word' id='word_1_263' title='bbox 870 1987 961 2020; x_wconf 88' lang='lat' dir='ltr'>Haec</span> <span class='ocrx_word' id='word_1_264' title='bbox 978 1986 1022 2020; x_wconf 91' lang='lat' dir='ltr'>de</span> <span class='ocrx_word' id='word_1_265' title='bbox 1041 1987 1185 2033; x_wconf 87' lang='lat' dir='ltr'>antiqua</span> <span class='ocrx_word' id='word_1_266' title='bbox 1203 1986 1376 2035; x_wconf 77' lang='lat' dir='ltr'>dignitate</span> <span class='ocrx_word' id='word_1_267' title='bbox 1394 1990 1492 2023; x_wconf 89' lang='lat' dir='ltr'>urbis</span> <span class='ocrx_word' id='word_1_268' title='bbox 1511 1990 1642 2024; x_wconf 85' lang='lat' dir='ltr'>Torna—</span> 
     </span>
     <span class='ocr_line' id='line_1_28' title="bbox 128 2045 1637 2093; baseline 0.003 -15"><span class='ocrx_word' id='word_1_269' title='bbox 128 2045 239 2078; x_wconf 77' lang='lat' dir='ltr'>censis</span> <span class='ocrx_word' id='word_1_270' title='bbox 258 2045 410 2078; x_wconf 86' lang='lat' dir='ltr'>breviter</span> <span class='ocrx_word' id='word_1_271' title='bbox 435 2045 571 2093; x_wconf 79' lang='lat' dir='ltr'>digesta</span> <span class='ocrx_word' id='word_1_272' title='bbox 594 2046 778 2079; x_wconf 88' lang='lat' dir='ltr'>sufficiant.</span> <span class='ocrx_word' id='word_1_273' title='bbox 803 2045 953 2079; x_wconf 83' lang='lat' dir='ltr'>Omnem</span> <span class='ocrx_word' id='word_1_274' title='bbox 981 2046 1074 2079; x_wconf 88' lang='lat' dir='ltr'>enim</span> <span class='ocrx_word' id='word_1_275' title='bbox 1099 2046 1280 2080; x_wconf 85' lang='lat' dir='ltr'>materiam</span> <span class='ocrx_word' id='word_1_276' title='bbox 1305 2047 1410 2081; x_wconf 91' lang='lat' dir='ltr'>libelli</span> <span class='ocrx_word' id='word_1_277' title='bbox 1434 2051 1637 2093; x_wconf 57' lang='lat' dir='ltr'>memorati.</span> 
     </span>
     <span class='ocr_line' id='line_1_29' title="bbox 130 2103 1640 2153; baseline 0.005 -18"><span class='ocrx_word' id='word_1_278' title='bbox 130 2103 179 2135; x_wconf 67' lang='lat' dir='ltr'>vel</span> <span class='ocrx_word' id='word_1_279' title='bbox 205 2103 370 2137; x_wconf 88' lang='lat' dir='ltr'>historiae</span> <span class='ocrx_word' id='word_1_280' title='bbox 392 2104 471 2137; x_wconf 85' lang='lat' dir='ltr'>belli</span> <span class='ocrx_word' id='word_1_281' title='bbox 498 2104 639 2146; x_wconf 75' lang='lat' dir='ltr'>Gallici.</span> <span class='ocrx_word' id='word_1_282' title='bbox 669 2116 806 2137; x_wconf 87' lang='lat' dir='ltr'>necnon</span> <span class='ocrx_word' id='word_1_283' title='bbox 835 2105 938 2138; x_wconf 89' lang='lat' dir='ltr'>ctiam</span> <span class='ocrx_word' id='word_1_284' title='bbox 968 2105 1058 2137; x_wconf 71' lang='lat' dir='ltr'>vitae</span> <span class='ocrx_word' id='word_1_285' title='bbox 1086 2104 1178 2138; x_wconf 81' lang='lat' dir='ltr'>beati</span> <span class='ocrx_word' id='word_1_286' title='bbox 1205 2104 1363 2139; x_wconf 84' lang='lat' dir='ltr'>Medardi</span> <span class='ocrx_word' id='word_1_287' title='bbox 1392 2107 1640 2153; x_wconf 84' lang='lat' dir='ltr'>compendiose.</span> 
     </span>
     <span class='ocr_line' id='line_1_30' title="bbox 131 2162 1641 2210; baseline 0.004 -16"><span class='ocrx_word' id='word_1_288' title='bbox 131 2162 416 2206; x_wconf 81' lang='lat' dir='ltr'>perstrinximus.</span> <span class='ocrx_word' id='word_1_289' title='bbox 447 2169 486 2196; x_wconf 92' lang='lat' dir='ltr'>ut</span> <span class='ocrx_word' id='word_1_290' title='bbox 505 2163 526 2196; x_wconf 92' lang='lat' dir='ltr'>ii</span> <span class='ocrx_word' id='word_1_291' title='bbox 550 2163 611 2209; x_wconf 86' lang='lat' dir='ltr'>qui</span> <span class='ocrx_word' id='word_1_292' title='bbox 634 2163 696 2196; x_wconf 89' lang='lat' dir='ltr'>has</span> <span class='ocrx_word' id='word_1_293' title='bbox 716 2163 907 2208; x_wconf 87' lang='lat' dir='ltr'>scripturas</span> <span class='ocrx_word' id='word_1_294' title='bbox 927 2176 997 2197; x_wconf 89' lang='lat' dir='ltr'>non</span> <span class='ocrx_word' id='word_1_295' title='bbox 1022 2163 1260 2209; x_wconf 58' lang='lat' dir='ltr'>reppererint.</span> <span class='ocrx_word' id='word_1_296' title='bbox 1283 2176 1323 2197; x_wconf 86' lang='lat' dir='ltr'>ex</span> <span class='ocrx_word' id='word_1_297' title='bbox 1347 2165 1512 2210; x_wconf 86' lang='lat' dir='ltr'>subjectis</span> <span class='ocrx_word' id='word_1_298' title='bbox 1532 2167 1641 2201; x_wconf 84' lang='lat' dir='ltr'>fortu-</span> 
     </span>
     <span class='ocr_line' id='line_1_31' title="bbox 131 2220 1641 2272; baseline 0.003 -19"><span class='ocrx_word' id='word_1_299' title='bbox 131 2232 211 2253; x_wconf 88' lang='lat' dir='ltr'>nam</span> <span class='ocrx_word' id='word_1_300' title='bbox 228 2220 377 2253; x_wconf 86' lang='lat' dir='ltr'>civitatis</span> <span class='ocrx_word' id='word_1_301' title='bbox 396 2220 496 2254; x_wconf 90' lang='lat' dir='ltr'>facilc</span> <span class='ocrx_word' id='word_1_302' title='bbox 514 2228 742 2269; x_wconf 80' lang='lat' dir='ltr'>cognoscant.</span> <span class='ocrx_word' id='word_1_303' title='bbox 766 2221 810 2254; x_wconf 88' lang='lat' dir='ltr'>Ea</span> <span class='ocrx_word' id='word_1_304' title='bbox 835 2234 917 2255; x_wconf 76' lang='lat' dir='ltr'>vero</span> <span class='ocrx_word' id='word_1_305' title='bbox 939 2234 1030 2268; x_wconf 84' lang='lat' dir='ltr'>quae</span> <span class='ocrx_word' id='word_1_306' title='bbox 1048 2227 1267 2267; x_wconf 71' lang='lat' dir='ltr'>sequuntur.</span> <span class='ocrx_word' id='word_1_307' title='bbox 1293 2222 1327 2255; x_wconf 93' lang='lat' dir='ltr'>in</span> <span class='ocrx_word' id='word_1_308' title='bbox 1347 2222 1641 2272; x_wconf 68' lang='lat' dir='ltr'>chronographus</span> 
     </span>
     <span class='ocr_line' id='line_1_32' title="bbox 129 2278 729 2325; baseline 0.003 -14"><span class='ocrx_word' id='word_1_309' title='bbox 129 2285 163 2311; x_wconf 89' lang='lat' dir='ltr'>et</span> <span class='ocrx_word' id='word_1_310' title='bbox 180 2278 311 2312; x_wconf 87' lang='lat' dir='ltr'>chartis</span> <span class='ocrx_word' id='word_1_311' title='bbox 331 2279 474 2324; x_wconf 77' lang='lat' dir='ltr'>privatis</span> <span class='ocrx_word' id='word_1_312' title='bbox 492 2280 687 2325; x_wconf 86' lang='lat' dir='ltr'>reperimus</span> <span class='ocrx_word' id='word_1_313' title='bbox 704 2280 729 2312; x_wconf 83' lang='lat'>¹.</span> 
     </span>
    </p>

    <p class='ocr_par' dir='ltr' id='par_1_3' title="bbox 131 2337 1641 2443">
     <span class='ocr_line' id='line_1_33' title="bbox 177 2337 1640 2387; baseline 0.003 -16"><span class='ocrx_word' id='word_1_314' title='bbox 177 2337 304 2371; x_wconf 83' lang='lat' dir='ltr'>Sancto</span> <span class='ocrx_word' id='word_1_315' title='bbox 316 2337 484 2371; x_wconf 85' lang='lat' dir='ltr'>Medardo</span> <span class='ocrx_word' id='word_1_316' title='bbox 498 2339 664 2372; x_wconf 85' lang='lat' dir='ltr'>successit</span> <span class='ocrx_word' id='word_1_317' title='bbox 672 2340 889 2386; x_wconf 78' lang='lat' dir='ltr'>Augustinus</span> <span class='ocrx_word' id='word_1_318' title='bbox 902 2339 928 2381; x_wconf 66' lang='lat'>2,</span> <span class='ocrx_word' id='word_1_319' title='bbox 942 2339 1138 2386; x_wconf 75' lang='lat' dir='ltr'>Augustino</span> <span class='ocrx_word' id='word_1_320' title='bbox 1149 2338 1403 2385; x_wconf 58' lang='lat' dir='ltr'>Gondulphus„</span> <span class='ocrx_word' id='word_1_321' title='bbox 1424 2341 1640 2387; x_wconf 83' lang='lat' dir='ltr'>Gondulpho</span> 
     </span>
     <span class='ocr_line' id='line_1_34' title="bbox 131 2395 1641 2443; baseline 0.003 -14"><span class='ocrx_word' id='word_1_322' title='bbox 131 2395 343 2441; x_wconf 79' lang='lat' dir='ltr'>Ebrulplius.</span> <span class='ocrx_word' id='word_1_323' title='bbox 375 2395 547 2431; x_wconf 84' lang='lat' dir='ltr'>Successit</span> <span class='ocrx_word' id='word_1_324' title='bbox 566 2396 789 2430; x_wconf 85' lang='lat' dir='ltr'>Crasmarus.</span> <span class='ocrx_word' id='word_1_325' title='bbox 813 2398 879 2430; x_wconf 86' lang='lat' dir='ltr'>sub</span> <span class='ocrx_word' id='word_1_326' title='bbox 898 2409 970 2443; x_wconf 80' lang='lat' dir='ltr'>quo</span> <span class='ocrx_word' id='word_1_327' title='bbox 989 2397 1131 2430; x_wconf 85' lang='lat' dir='ltr'>ecclesia</span> <span class='ocrx_word' id='word_1_328' title='bbox 1157 2397 1184 2430; x_wconf 86' lang='lat' dir='ltr'>T</span> <span class='ocrx_word' id='word_1_329' title='bbox 1187 2398 1386 2432; x_wconf 84' lang='lat' dir='ltr'>ornacensis</span> <span class='ocrx_word' id='word_1_330' title='bbox 1407 2397 1527 2433; x_wconf 86' lang='lat' dir='ltr'>dotata</span> <span class='ocrx_word' id='word_1_331' title='bbox 1549 2406 1600 2433; x_wconf 89' lang='lat' dir='ltr'>est</span> <span class='ocrx_word' id='word_1_332' title='bbox 1623 2413 1641 2434; x_wconf 86' lang='lat' dir='ltr'>a</span> 
     </span>
    </p>
   </div>
   <div class='ocr_carea' id='block_1_3' title="bbox 168 2525 1638 2608">
    <p class='ocr_par' dir='ltr' id='par_1_4' title="bbox 168 2525 1638 2608">
     <span class='ocr_line' id='line_1_35' title="bbox 168 2525 1638 2564; baseline 0.003 -13"><span class='ocrx_word' id='word_1_333' title='bbox 168 2525 175 2542; x_wconf 85' lang='lat'>¹</span> <span class='ocrx_word' id='word_1_334' title='bbox 197 2525 300 2551; x_wconf 79' lang='lat' dir='ltr'>Similia</span> <span class='ocrx_word' id='word_1_335' title='bbox 315 2525 496 2552; x_wconf 78' lang='lat' dir='ltr'>Herimannus</span> <span class='ocrx_word' id='word_1_336' title='bbox 507 2546 513 2555; x_wconf 75' lang='lat'>.</span> <span class='ocrx_word' id='word_1_337' title='bbox 528 2535 590 2561; x_wconf 70' lang='lat' dir='ltr'>pag.</span> <span class='ocrx_word' id='word_1_338' title='bbox 605 2525 651 2551; x_wconf 81' lang='lat'>95.</span> <span class='ocrx_word' id='word_1_339' title='bbox 964 2526 976 2544; x_wconf 77' lang='lat'>2</span> <span class='ocrx_word' id='word_1_340' title='bbox 996 2526 1036 2552; x_wconf 74' lang='lat' dir='ltr'>Cf.</span> <span class='ocrx_word' id='word_1_341' title='bbox 1054 2527 1153 2553; x_wconf 77' lang='lat' dir='ltr'>Chron.</span> <span class='ocrx_word' id='word_1_342' title='bbox 1170 2527 1200 2553; x_wconf 81' lang='lat' dir='ltr'>de</span> <span class='ocrx_word' id='word_1_343' title='bbox 1215 2527 1291 2554; x_wconf 75' lang='lat' dir='ltr'>Phil.</span> <span class='ocrx_word' id='word_1_344' title='bbox 1308 2527 1440 2560; x_wconf 73' lang='lat' dir='ltr'>Mouskes,</span> <span class='ocrx_word' id='word_1_345' title='bbox 1455 2533 1476 2553; x_wconf 91' lang='lat' dir='ltr'>t.</span> <span class='ocrx_word' id='word_1_346' title='bbox 1492 2528 1514 2559; x_wconf 71' lang='grc' dir='ltr'>Ι,</span> <span class='ocrx_word' id='word_1_347' title='bbox 1530 2538 1557 2564; x_wconf 91' lang='lat' dir='ltr'>p.</span> <span class='ocrx_word' id='word_1_348' title='bbox 1575 2529 1638 2555; x_wconf 77' lang='lat'>552.</span> 
     </span>
     <span class='ocr_line' id='line_1_36' title="bbox 226 2573 1519 2608; baseline 0.002 -2"><span class='ocrx_word' id='word_1_349' title='bbox 226 2573 312 2606; x_wconf 61' lang='lat' dir='ltr'>Toxi.</span> <span class='ocrx_word' id='word_1_350' title='bbox 346 2573 388 2606; x_wconf 92' lang='lat' dir='ltr'>ll.</span> <span class='ocrx_word' id='word_1_351' title='bbox 1474 2575 1519 2608; x_wconf 66' lang='lat'>62</span> 
     </span>
    </p>
   </div>
  </div>
 </body>
</html>
