2118 3184
533 420 758 456 CHROMCA
787 421 954 457 AliGlDH
982 421 1024 456 LI
1051 421 1215 457 MUISIS.
1559 424 1630 459 235

168 528 210 561 Et
228 528 255 562 si
276 528 401 575 aliquis
420 540 544 562 eorum
564 541 635 562 non
654 529 726 562 vult
750 529 909 562 mittere.
928 536 1072 575 propter
1094 529 1162 563 hoc
1182 541 1252 563 non
1272 530 1475 564 turbabitur
1493 529 1629 564 dictum

118 587 312 633 negotium.

166 645 253 678 Item
267 672 274 678 .
301 645 397 691 quod
420 645 534 679 dictae
551 652 694 693 treugae.
716 645 960 679 custodiantur
982 646 1016 679 in
1038 646 1217 680 Britannia
1235 647 1327 680 inter
1344 646 1457 681 dictos
1478 659 1577 695 reges
1596 654 1630 681 etv

119 702 367 745 adhaerentes,
390 704 467 737 licet
486 703 603 737 dicant
622 716 657 737 se
676 704 874 749 haberejus
897 704 930 737 in
948 703 1092 737 ducatu.

166 761 254 795 Item
267 788 275 804 5
296 761 393 807 quod
414 763 533 795 civitas
547 761 591 795 de
617 762 727 796 Vanrs
742 763 935 795 retineatur
950 763 984 795 iu
1005 775 1112 795 manu
1132 761 1361 796 dominorum
1376 762 1625 804 cardinalium,

116 819 161 854 ad
178 820 369 854 tenendum
390 821 425 853 in
446 834 550 854 manu
566 834 688 854 eorum
702 848 710 864 7
731 822 872 854 nomine
892 821 1098 855 sanctissimi
1115 822 1223 867 patris
1235 849 1243 865 τ
1266 834 1399 867 percos
1414 823 1464 855 vel
1481 823 1630 856 alterum

115 887 257 920 eorum,
281 879 308 912 si
328 891 420 913 unus
439 880 624 923 deiiceret,
647 887 720 913 toto
739 880 889 914 durante
909 886 1066 926 tempore
1083 879 1269 927 *dictarum
1295 887 1518 929 treugarum,
1539 888 1573 915 et
1594 882 1630 915 in

117 937 188 969 fine
207 938 361 983 ipsarum
390 938 582 971 cardinales
602 939 730 972 facient
750 951 848 971 suain
870 938 1100 971 voluntatmn.

165 995 275 1038 Item,
298 1003 442 1042 propter
461 996 718 1029 absolutionem
739 996 1017 1043 Flaiuingoruin,
1036 1003 1067 1029 et
1087 1003 1231 1042 propter
1250 998 1455 1041 sententias,
1472 1010 1560 1044 quas
1575 998 1631 1031 in—

117 1060 327 1096 currerunt,
359 1054 551 1087 cardinales
574 1055 783 1088 laborabunt
806 1054 967 1097 sollicite,
1001 1054 1098 1100 quod
1125 1055 1382 1089 absolutionem
1418 1056 1570 1090 habeant
1596 1063 1630 1089 et

117 1111 216 1158 quod
236 1112 327 1145 bona
349 1119 381 1146 et
402 1120 602 1159 opportuna
623 1114 665 1146 sit
685 1114 837 1146 inventa.

167 1170 254 1204 Item
267 1198 275 1214 ,
298 1171 395 1217 quod
414 1184 530 1205 eomes
550 1171 728 1205 Flandriae
748 1178 917 1217 tanquam
936 1170 1102 1204 dominus
1120 1171 1194 1204 sine
1212 1170 1347 1205 medio.
1369 1185 1440 1206 non
1458 1179 1628 1220 tanquam

117 1229 291 1274 superior.
309 1236 485 1263 remaneat
502 1230 537 1263 in
553 1228 713 1263 Flandria
727 1228 939 1262 durantibus
953 1229 1104 1276 treugis,
1123 1235 1157 1261 et
1172 1229 1207 1261 in
1224 1228 1292 1262 hoc
1310 1231 1503 1264 consentiat
1519 1244 1630 1277 popu-

120 1287 173 1321 lus
192 1287 423 1321 Flandrensis.

165 1345 272 1389 Item,
298 1346 342 1379 ad
364 1346 529 1379 comitem
549 1344 593 1379 de
611 1345 787 1390 sllonlsbrt
805 1345 875 1377 sint
891 1343 1083 1377 deliberata
1103 1351 1137 1377 et
1160 1344 1343 1378 observata
1368 1358 1426 1389 ea,
1451 1359 1542 1392 quae
1564 1347 1628 1380 sibi

118 1403 288 1450 promissa
303 1404 449 1437 fuerunt
465 1416 582 1437 coram
597 1403 735 1437 civitate.
750 1402 794 1436 de
804 1402 956 1444 Nautes,
972 1402 1026 1435 vel
1039 1403 1146 1445 intus„
1164 1415 1228 1448 per
1240 1402 1368 1436 ducem
1379 1404 1627 1448 ¹Normanniae,

116 1461 161 1496 de
176 1462 308 1508 quibus
329 1462 512 1508 apparebit
529 1461 753 1495 sufficienter.

167 1520 255 1554 Item
269 1547 277 1563 ,
299 1520 396 1567 quod
416 1521 443 1554 si
463 1520 588 1566 aliquis
609 1521 645 1553 in
665 1519 834 1554 Gasconia
859 1519 913 1552 vel
935 1518 1034 1562 alibi,
1064 1517 1275 1552 durantibus
1300 1519 1453 1567 treugis,
1474 1527 1632 1554 moveret

117 1590 283 1626 guerram
298 1585 420 1612 contra
435 1591 516 1612 suos
530 1579 662 1612 vicinos
672 1578 723 1612 vel
734 1584 856 1612 contra
866 1589 947 1611 suos
960 1577 1139 1620 inimicos,
1156 1577 1218 1623 qui
1231 1583 1346 1610 essent
1354 1577 1398 1611 de
1411 1578 1518 1612 altera
1531 1586 1630 1624 parte

119 1637 203 1671 dicti
225 1638 335 1686 regis,
357 1651 429 1671 non
451 1650 487 1671 se
506 1638 743 1671 intromittent
768 1649 831 1683 per
852 1649 887 1670 se
908 1636 959 1670 vel
981 1648 1044 1682 per
1062 1636 1190 1679 alium,
1213 1642 1247 1669 et
1267 1643 1412 1682 propter
1430 1636 1498 1670 hoc
1517 1636 1630 1671 dictae

116 1702 262 1744 treugae
281 1709 350 1730 non
373 1698 441 1730 sint
460 1697 662 1740 infrinctae,
684 1703 719 1730 et
737 1696 822 1730 dicti
841 1708 940 1743 reges
962 1695 1172 1728 laborabunt
1190 1695 1279 1728 bene
1299 1701 1333 1728 et
1353 1695 1539 1743 diligenter
1557 1696 1631 1729 sine

118 1754 263 1798 fraude,
288 1754 385 1801 quod
405 1754 538 1789 subditi
557 1755 662 1788 unius
676 1755 785 1801 partis
804 1766 875 1788 non
895 1753 1021 1787 faciant
1042 1765 1206 1801 guerram
1218 1780 1226 1796 ,Ι
1248 1752 1460 1787 durantibus
1478 1754 1628 1802 treugis,

119 1813 270 1847 subditis
283 1814 424 1847 alterius
441 1814 566 1859 partis,
588 1814 624 1847 in
639 1814 809 1848 Gasconia
823 1813 876 1847 vel
896 1813 931 1846 in
952 1812 1142 1845 Britannia.

168 1871 256 1905 Item
270 1899 277 1915 7
295 1872 393 1918 quod
406 1873 522 1906 nullus
534 1899 542 1915 ,
559 1873 619 1919 qui
634 1873 678 1906 sit
692 1873 727 1906 in
742 1872 941 1907 obedientia
957 1871 1061 1904 unius
1080 1871 1208 1917 partiS,
1226 1871 1464 1917 pendentibus
1476 1872 1627 1920 treugis,

119 1942 191 1964 non
212 1930 321 1975 possit
341 1930 458 1963 venire
477 1930 522 1964 ad
541 1930 781 1965 obediendum
799 1931 898 1964 alteri
916 1930 1026 1976 parti,
1047 1935 1082 1962 et
1103 1928 1201 1976 quod
1216 1941 1287 1963 non
1302 1930 1346 1963 sit
1363 1929 1532 1963 obediens
1545 1937 1632 1964 tem-

117 2001 203 2035 pore
222 1988 397 2022 dictarum
416 1996 634 2037 treugarum,

167 2047 277 2090 Item,
303 2047 401 2094 quod
432 2048 519 2081 nihil
543 2049 587 2081 sit
613 2048 736 2082 datum
760 2054 822 2081 aut
844 2047 1057 2094 promissum
1088 2059 1108 2080 a
1135 2046 1238 2081 dictis
1268 2047 1428 2092 partibus
1455 2045 1631 2092 aliquibus

122 2112 268 2152 propter
285 2118 450 2153 guerram
471 2106 680 2140 movendam
701 2106 832 2140 directe
851 2112 913 2140 aut
932 2105 1113 2139 indirecte.

169 2165 278 2208 Item,
313 2164 411 2211 quod
447 2164 559 2199 dictae
591 2171 736 2213 treugae
764 2165 835 2199 sint
864 2164 1053 2198 affirmatae
1084 2175 1146 2209 per
1172 2163 1415 2208 juramentum
1446 2161 1632 2207 utriusque

120 2223 242 2269 partis.

172 2281 282 2323 Item7
301 2280 399 2326 quod
413 2280 527 2314 dictae
542 2286 684 2328 treugae
697 2281 924 2326 publicentur
941 2280 985 2313 ab
1000 2286 1150 2325 utraque
1164 2284 1262 2324 parte
1275 2278 1310 2311 in
1326 2290 1388 2311 sua
1401 2277 1487 2319 acie,
1505 2277 1541 2310 in
1555 2277 1632 2310 Bri-

122 2339 246 2373 tannia
261 2338 367 2372 modo
380 2366 388 2382 ,
405 2346 439 2372 et
453 2339 488 2372 in
504 2339 673 2372 Gasconia
687 2339 777 2372 infra
795 2338 999 2385 quindecim
1015 2338 1108 2381 dies,
1129 2344 1164 2371 et
1182 2337 1217 2370 in
1237 2336 1396 2370 Flandria
1416 2336 1506 2370 infra
1524 2336 1632 2382 quin-

120 2396 235 2431 decim
251 2397 325 2431 dies
338 2424 346 2440 ,
368 2404 401 2430 et
421 2397 457 2429 in
476 2397 599 2444 Anglia
614 2403 648 2430 et
667 2397 701 2430 in
718 2396 833 2430 Scotia
848 2397 938 2430 infra
956 2395 1189 2443 quadraginta
1203 2394 1288 2428 dies.

171 2455 281 2498 Item,
311 2453 410 2501 quod
434 2466 556 2488 omnes
574 2455 610 2487 in
630 2455 782 2500 prisione
803 2454 935 2488 detenti
955 2461 989 2487 et
1008 2454 1099 2500 capti
1116 2454 1160 2487 ab
1178 2459 1329 2498 utraque
1347 2458 1445 2498 parte
1463 2457 1498 2485 et
1515 2451 1633 2485 omnia

126 2525 249 2548 eorum
263 2514 374 2557 bona,
393 2513 542 2547 durante
557 2512 761 2547 sufferentia
776 2513 866 2547 facta
880 2526 942 2559 per
960 2512 1153 2547 cardinales
1164 2539 1173 2556 ,
1188 2511 1351 2545 videlicet
1363 2510 1540 2544 dominica
1553 2516 1633 2544 ante
