2137 3131
481 377 550 412 394
819 370 993 407 CORPUS
1019 368 1348 404 CHRON'ICORUM
1378 367 1642 401 FLANDRIAE.

483 485 551 519 Sed
566 484 650 529 justi
666 481 877 516 vocabulum
897 488 1082 523 nunquam
1100 476 1248 518 amittit7
1269 476 1353 522 quia
1372 486 1434 520 per
1449 474 1702 520 poenitentiam
1717 475 1880 522 resurgit.
1899 476 1990 509 Deus

484 551 616 578 noster.
642 542 726 573 sicut
757 545 877 573 cautos
901 537 983 570 fecit
1003 535 1065 582 qui
1091 546 1163 568 non
1188 534 1413 573 ceciderunt„
1435 533 1483 566 sie
1509 532 1711 578 desperatos
1738 546 1809 567 non
1834 533 1907 567 vult
1929 534 1990 580 qui

485 601 697 635 ceciderunt.
724 596 924 643 Desperatio
944 594 1127 628 universae
1153 593 1304 626 malitiae
1326 592 1596 627 consummatio.
1626 592 1812 626 Peccatum
1837 592 1935 639 quod
1957 594 1992 626 in

484 664 548 695 hac
568 659 634 691 vita
654 669 723 690 non
747 655 956 702 corrigitur7
982 653 1057 698 ejus
1076 652 1176 686 venia
1195 659 1273 698 post
1293 657 1443 685 mortem
1463 650 1593 684 frustra
1612 650 1822 696 postulatur.
1845 651 1923 685 Non
1942 658 1994 685 est

483 719 679 767 quidquam
699 716 733 749 in
758 713 987 753 criminibus,
1007 710 1105 757 quod
1128 724 1198 744 non
1222 709 1453 757 poenitudine
1479 708 1650 742 deleatur.
1677 709 1815 743 Secreta
1836 710 1994 743 satisfac-

484 780 577 811 tione
594 776 726 809 solvere
746 772 904 807 mortalia
927 771 1075 805 crimina
1101 782 1172 804 non
1196 781 1378 817 negamus.
1402 766 1495 802 Nihil
1520 767 1568 800 ita
1590 768 1742 814 imputat
1770 769 1861 802 Deus
1886 781 1993 814 quam

485 849 544 870 cor
564 833 807 880 impoenitens.

531 894 653 928 Omnis
669 891 902 937 impoenitens
914 888 959 922 ad
973 887 1193 922 iracundiam
1205 893 1371 933 provocat
1383 886 1617 932 judicantem.
1637 885 1760 919 Solum
1774 886 1842 920 hoc
1859 886 1993 920 crimen

485 962 535 988 est
559 951 657 999 quod
680 951 818 984 veniam
843 948 1012 994 consequi
1040 959 1111 980 non
1136 952 1271 992 potest:
1302 952 1337 979 et
1363 946 1476 979 solum
1502 944 1757 991 desperationis
1783 945 1917 978 crimen
1945 951 1996 978 est

487 1011 583 1059 quod
604 1009 736 1044 mederi
757 1007 894 1054 nequit.

536 1070 624 1103 Sunt
649 1066 808 1101 nonnulli
834 1066 916 1112 qui.
938 1063 1025 1098 dum
1045 1069 1229 1109 peccatum
1253 1061 1360 1096 corde
1383 1062 1590 1108 concipiunt
1614 1061 1888 1109 faciendumque
1910 1063 1999 1097 deli-

487 1132 629 1170 berant.
654 1126 689 1160 id
712 1132 830 1159 autem
853 1124 980 1157 timore
998 1123 1167 1156 omittunt
1192 1128 1252 1155 aut
1275 1120 1480 1155 difficultate
1506 1120 1699 1166 adimplere
1725 1128 1918 1167 nequeunt.
1948 1121 1998 1155 Illi

488 1188 647 1235 profecto
670 1186 705 1218 in
729 1183 857 1217 domo.
880 1182 917 1216 id
939 1188 990 1215 est
1008 1182 1044 1215 in
1068 1180 1195 1224 corde7
1217 1179 1432 1213 moriuntur.
1456 1179 1560 1224 Pejus
1578 1185 1629 1212 est
1648 1191 1711 1224 per
1733 1178 1998 1213 meditationem

488 1258 633 1293 peccare
650 1255 758 1290 quam
776 1253 839 1288 per
857 1239 1197 1287 praecipitationem.

536 1304 699 1349 Plerique
718 1307 815 1334 metu
834 1311 979 1346 peccare
1000 1304 1154 1340 cessant.
1176 1309 1248 1330 non
1267 1296 1481 1330 innocentia.
1506 1295 1669 1339 Difficile,
1691 1296 1762 1329 imo
1785 1297 1999 1342 impossibile

490 1370 541 1397 est
567 1369 605 1395 ut
624 1359 864 1407 praesentibus
884 1358 963 1403 quis
985 1357 1125 1390 fruatur
1146 1356 1248 1389 bonis
1270 1361 1305 1388 et
1327 1354 1474 1395 futuris„
1496 1360 1536 1387 ut
1556 1353 1600 1387 de
1625 1353 1757 1388 deliciis
1782 1361 1936 1389 transeat
1955 1355 2000 1389 ad

493 1421 651 1461 delicias.
673 1425 712 1451 ut
730 1418 765 1450 in
784 1416 881 1450 coelo
898 1422 933 1449 et
951 1416 985 1448 in
1006 1422 1098 1448 terra
1116 1414 1289 1462 gloriosus
1307 1418 1484 1458 appareat.

542 1479 687 1523 Semper
714 1476 749 1508 in
775 1475 844 1508 vita
869 1474 1023 1507 hominis
1049 1473 1128 1506 finis
1151 1470 1376 1518 quaerendus
1403 1477 1473 1513 est,
1504 1471 1589 1516 quia
1611 1483 1681 1504 non
1713 1472 1854 1517 respicit
1881 1472 2002 1518 quales

495 1545 574 1572 ante
593 1535 777 1570 fuerimus.

544 1597 591 1629 Ex
609 1595 678 1627 fine
702 1605 765 1626 suo
785 1591 1030 1637 unusquisque
1043 1590 1296 1635 justificabitur
1313 1595 1375 1622 aut
1395 1586 1707 1621 condemnabitur.

545 1655 686 1696 Quanto
706 1651 809 1685 morti
829 1650 976 1684 vicinior
992 1648 1155 1691 efficeris,
1175 1654 1274 1682 tanto
1292 1647 1368 1680 fieri
1387 1646 1568 1680 sollicitior
1586 1652 1692 1692 atque
1710 1646 1868 1681 timidior
1881 1647 2000 1682 debes.

496 1715 587 1749 Felix
618 1719 649 1745 et
675 1710 771 1745 omni
790 1708 1009 1743 beatitudine
1031 1707 1160 1755 dignus
1188 1714 1239 1740 est
1262 1718 1370 1753 quem
1397 1711 1558 1739 senectus
1583 1704 1722 1738 Christo
1755 1713 1905 1752 occupat
1930 1718 2005 1740 ser—

497 1775 667 1813 vientem.
689 1776 721 1803 et
740 1780 846 1815 quem
865 1774 1020 1801 extrema
1037 1765 1111 1800 dies
1125 1765 1293 1799 Salvatori
1308 1764 1441 1798 invenit
1456 1763 1677 1797 militantem.
1697 1763 1767 1804 Qui
1781 1764 1883 1797 istam
1900 1764 2006 1798 vitam

499 1831 631 1879 diligit.
658 1827 756 1875 quasi
778 1838 941 1860 somnum
961 1825 1107 1873 vigilans
1133 1824 1239 1858 videt.
1262 1824 1323 1857 Illa
1347 1835 1431 1871 ergo
1452 1834 1678 1868 summopere
1701 1821 1879 1870 diligenda
1903 1830 2005 1867 sunt,

499 1902 589 1937 quae
608 1899 672 1921 nec
690 1887 831 1920 inventa
848 1891 1031 1919 transeunt
1050 1896 1114 1918 nee
1130 1883 1258 1929 adepta
1276 1883 1461 1917 deficiunt.

548 1948 696 1981 Sanctus
721 1943 815 1978 Beda
837 1943 926 1977 dixit
943 1942 1041 1989 quod
1067 1949 1138 1976 tres
1163 1941 1237 1976 dies
1262 1948 1345 1975 sunt
1367 1942 1403 1974 in
1422 1953 1541 1975 mense
1563 1941 1772 1983 Februario,
1800 1940 1818 1973 1
1843 1940 1923 1974 idus
1945 1941 2009 1974 Fe-

501 2005 632 2041 bruarii
646 2032 653 2037 .
677 2004 721 2036 YI
740 2002 966 2036 kalendarum
986 2002 1119 2038 Martii.
1141 2000 1254 2047 pridie
1272 1999 1501 2034 kalendarum
1520 2000 1654 2039 Martii.
1676 2000 1714 2033 in
1736 1999 1867 2045 quibus
1886 1999 1913 2032 si
1931 1999 2011 2046 quis

501 2063 678 2099 masculus
693 2068 796 2095 natus
813 2061 937 2104 fuerit7
959 2073 1039 2094 caro
1058 2060 1134 2106 ejus
1149 2060 1355 2105 incorrupta
1369 2065 1553 2105 permanet
1570 2070 1683 2104 usque
1702 2058 1739 2091 in
1757 2057 1852 2091 diem
1867 2057 2006 2103 judicii.

502 2125 590 2157 Item
605 2121 661 2155 alii
671 2128 741 2154 tres
755 2119 829 2153 dies
843 2126 926 2153 sunt
937 2146 945 2161 .
962 2120 997 2152 in
1012 2119 1155 2165 quibus7
1173 2118 1269 2152 nulla
1278 2117 1490 2151 necessitatis
1504 2117 1700 2159 occasione7
1717 2116 1798 2150 licet
1807 2115 1944 2150 homini
1958 2116 2010 2150 vel

503 2182 620 2229 pecori
639 2180 846 2227 sanguinem
865 2178 1047 2212 effundere
1063 2178 1117 2212 vel
1135 2178 1315 2224 potionem
1336 2177 1494 2222 accipere
1506 2203 1515 2220 a
1536 2175 1572 2209 id
1592 2181 1644 2209 est
1666 2175 1791 2209 ultima
1809 2174 1866 2208 die
1886 2174 2013 2220 Aprilis

504 2248 539 2274 et
561 2239 675 2285 prima
697 2237 754 2271 die
775 2238 898 2279 lunaeg
929 2238 1081 2271 intrante
1102 2237 1280 2284 Augusto3
1307 2235 1466 2269 similiter
1486 2235 1611 2268 ultima
1633 2233 1690 2268 dje
1712 2234 1834 2277 lunae,
1864 2239 2012 2267 exeunte

506 2297 702 2331 Decembri.
721 2296 791 2337 Qui
810 2303 881 2329 tres
901 2295 975 2330 dies
994 2308 1076 2330 cum
1093 2307 1221 2344 magna
1238 2294 1421 2343 diligentia
1438 2292 1648 2328 observandi
1667 2299 1767 2336 sunt,
1789 2293 1872 2339 quia
1891 2303 2013 2326 omnes

504 2364 591 2389 tunc
605 2356 756 2401 repletae
770 2361 850 2388 sunt
870 2367 990 2388 venae.
1011 2354 1148 2389 Idcirco
1166 2354 1229 2401 qui
1251 2354 1287 2387 in
1303 2352 1428 2387 diebus
1446 2353 1520 2386 istis
1541 2352 1672 2386 incisus
1691 2351 1814 2393 fuerit7
1831 2351 1940 2384 homo
1959 2349 2012 2383 vel

508 2413 635 2447 animal
649 2440 657 2455 7
679 2419 737 2446 aut
758 2413 848 2446 infra
868 2412 942 2446 dies
965 2420 1118 2458 septem.
1140 2419 1201 2447 aut
1223 2419 1316 2446 certe
1335 2412 1425 2445 infra
1444 2411 1518 2445 dies
1536 2409 1807 2457 quatuordecim
1825 2408 2010 2442 morietur.

509 2471 576 2512 Qui
611 2483 733 2504 aucam
764 2469 1026 2504 manducaverit
1060 2471 1115 2504 his
1142 2471 1255 2504 tribus
1285 2470 1434 2510 diebus.
1465 2468 1640 2502 masculus
1670 2473 1732 2501 aut
1755 2466 1904 2509 femina.
1934 2473 2014 2500 ante
