2118 3184
547 427 771 462 ctltzoxlffl
802 427 1124 462 TORMCENSIS.
1520 429 1589 463 529

78 548 222 569 norum.
241 534 275 569 id
295 542 346 569 est
365 548 476 581 usque
495 535 539 569 ad
559 548 692 568 annum
714 535 934 568 Dominictnn
955 534 1083 569 MXCH
1098 562 1105 568 .
1132 548 1204 581 quo
1230 536 1492 569 restaurationis
1505 548 1587 569 suae

80 595 228 640 sumpsit
247 593 443 627 exordium.
462 594 569 639 Cujus
589 594 850 627 restaurationis
877 594 981 627 series
1007 608 1025 627 a
1054 594 1210 640 quodam
1239 595 1413 628 monacho
1432 594 1588 640 ejusdem

79 653 257 689 coenobii.
281 653 422 686 nomine
435 653 661 685 Herimanno.
685 653 775 686 claro
794 659 825 686 et
844 653 1038 686 luculenter
1055 654 1292 686 monumentis
1311 654 1505 687 litterarum
1525 659 1591 692 tra-

83 710 154 745 dita
164 709 259 757 apud
270 723 332 744 nos
342 711 505 744 habetur.
520 711 588 750 Qui
600 711 634 743 in
656 711 828 756 principio
844 712 1106 744 restaurationis
1117 711 1161 745 ad
1173 712 1437 745 couversionem
1449 713 1590 745 veniens

81 782 162 804 cum
182 776 280 816 patre
298 776 331 803 et
351 775 462 802 matre
487 769 671 815 tribusqtu¹
690 771 865 816 germanis
890 770 1005 803 locuni
1027 770 1131 803 istum
1157 769 1201 803 de
1228 771 1382 816 paternis
1409 770 1591 816 possessio-

82 828 186 862 nibus
203 828 342 873 copiose
360 827 572 861 ditaverunt.
599 828 673 873 lpse
688 828 791 860 etiam
808 829 930 861 tertius
950 828 1066 861 locuni
1086 829 1406 875 reginnnistenuit.>
1428 835 1461 862 et
1480 841 1592 874 usquc

83 885 128 920 ad
152 885 295 919 senilem
323 897 420 918 suam
446 892 594 919 aetatem
620 892 653 918 et
679 886 939 919 restaurationis
964 898 1095 919 annum
1123 886 1154 918 lx
1182 887 1319 919 vivens.
1349 893 1476 920 cuneta
1502 899 1592 932 quae

82 945 153 978 suis
171 943 391 989 temporibus
411 943 444 976 in
465 943 590 977 eodem
610 944 780 977 coenobio
799 943 1002 977 acciderunt
1023 945 1211 977 memoriae
1226 943 1376 991 dignum
1390 945 1483 978 claro
1502 945 1592 990 stylo

83 1002 238 1051 digessit.
260 1002 298 1035 ln
323 1015 395 1048 quo
416 1015 522 1047 opere
542 1002 709 1036 nonnulla
728 1009 823 1049 gesta
844 1003 1013 1036 comitum
1035 1002 1299 1036 flandrensium
1318 1010 1403 1036 tunc
1422 1003 1591 1048 temporis

83 1068 210 1095 terram
232 1061 426 1094 tenentium
444 1061 601 1094 inseruit.
620 1060 718 1100 Quae
734 1073 796 1094 nos
810 1067 954 1106 propter
968 1061 1112 1093 nimiam
1128 1061 1316 1094 verborum
1333 1062 1469 1107 copiam
1485 1061 1592 1095 omit-

84 1126 195 1154 tentes
212 1118 257 1153 de
275 1118 350 1163 ejus
369 1118 520 1152 facunda
539 1119 738 1152 narratione
758 1118 813 1151 illa
832 1125 947 1152 tamen
967 1119 1221 1163 excerpsimus.
1240 1131 1331 1164 quae
1350 1118 1394 1152 ad
1417 1126 1592 1152 restaura-

83 1179 215 1212 tionem
237 1176 448 1211 videbantur
469 1177 643 1222 pertinere
662 1184 697 1210 et
714 1177 798 1210 huic
816 1177 912 1222 operi
933 1177 1161 1210 inseruimus.
1188 1184 1227 1210 ut
1245 1178 1374 1223 quibus
1393 1190 1483 1223 opus
1507 1177 1592 1211 illud

83 1248 272 1271 onerosum
291 1242 342 1269 est
362 1242 505 1281 propter
524 1236 576 1269 sui
596 1236 843 1268 enormitatem
859 1262 867 1268 .
885 1235 979 1268 istud
995 1236 1053 1268 fiat
1068 1241 1209 1282 gratum
1224 1235 1473 1282 compendiose
1487 1235 1598 1283 diges-

85 1294 376 1340 tum.—Explicit
395 1293 515 1327 ultima
532 1294 739 1327 restauratio
760 1293 868 1326 urbis.

724 1430 775 1464 CA
782 1431 870 1464 PFT
898 1431 955 1464 IV.

279 1533 414 1579 Incipit
434 1532 603 1579 proloyus
628 1534 668 1565 in
694 1533 954 1565 restauratione
979 1531 1136 1565 coenobii
1160 1531 1198 1564 S.
1227 1530 1398 1565 Illartinz'.

137 1655 374 1691 Dilectissimis
400 1653 410 1674 ¹
439 1653 611 1696 dominis,
637 1652 815 1699 patribus7
841 1652 1009 1686 fratribus
1034 1658 1069 1685 et
1092 1651 1170 1685 filiis
1194 1653 1364 1685 universis
1388 1652 1426 1685 B.
1457 1651 1595 1686 Martini

88 1714 317 1749 Tornacensis
330 1712 491 1747 coenobii
505 1711 705 1754 monachis,
723 1712 831 1745 frater
845 1712 1097 1753 Herimannus7
1121 1711 1267 1744 ultimus
1285 1723 1407 1744 eorum
1423 1711 1593 1753 servulus

87 1785 192 1819 super
205 1771 353 1806 flumina
368 1771 554 1817 Babylonis
567 1782 740 1816 supernae
754 1769 836 1803 Sion
848 1770 982 1818 jugiter
996 1769 1185 1809 recordari.
1204 1770 1272 1804 Pro
1287 1769 1474 1803 dilectione
1489 1782 1596 1815 quam

88 1831 175 1865 mihi
194 1831 238 1865 ab
253 1830 400 1864 infantia
413 1841 490 1862 mea
508 1828 734 1871 exhibuistis7
752 1829 824 1862 Deo
842 1835 875 1861 et
894 1828 1060 1861 omnibus
1074 1827 1172 1861 vobis
1187 1828 1316 1875 gratias
1334 1828 1466 1861 refero.
1488 1834 1598 1873 utque

88 1890 186 1924 vobis
203 1890 276 1936 ipse
296 1889 466 1923 Dominus
485 1888 657 1922 retribuat
669 1915 676 1929 ‚¹
699 1887 774 1933 ejus
793 1886 1069 1920 misericordiam
1084 1898 1202 1920 exoro.
1226 1886 1317 1927 Quia
1336 1898 1418 1919 vero
1437 1886 1597 1919 nonnulli

88 1955 244 1982 vestrum
270 1947 449 1981 multoties
472 1959 492 1980 a
522 1958 578 1980 me
607 1946 805 1992 petierunt,
832 1952 869 1978 ut
898 1944 1045 1978 modum
1072 1945 1344 1978 constructionis
1373 1945 1443 1978 sive
1462 1950 1598 1977 restau-

92 2007 234 2041 rationis
259 2006 422 2040 ecclesiae
446 2012 585 2039 nostrae
605 2005 727 2038 litteris
753 2003 956 2037 mandando
979 2010 1050 2036 tam
1071 2003 1201 2036 futuris
1224 2015 1332 2048 quam
1355 2002 1598 2048 praesentibus

90 2065 328 2107 notificarem,
352 2076 432 2098 ecee
453 2064 613 2110 petitioni
636 2075 759 2096 eorum
782 2063 931 2096 libenter
958 2061 1155 2095 satisfacere
1179 2061 1277 2103 volo,
1302 2061 1413 2094 sciens
1439 2060 1597 2105 priorum

90 2125 249 2158 notitiam
279 2123 489 2169 plerumque
516 2122 663 2168 posteris
696 2122 891 2168 profuisse7
928 2132 1124 2165 eorumque
1156 2120 1391 2167 ignorantiam
1427 2130 1599 2163 saepenu-

91 2194 188 2216 mero
214 2194 285 2215 non
310 2193 457 2227 parvum
483 2180 736 2214 detrimentum
755 2179 926 2212 intulisse.
950 2178 1065 2212 Nostis
1089 2184 1206 2211 autem
1233 2190 1273 2210 ex
1296 2189 1368 2223 quo
1395 2175 1599 2210 adolescen—

90 2241 185 2275 tulus
206 2240 257 2274 fui
281 2251 336 2273 me
360 2238 454 2272 idem
478 2239 592 2272 facere
616 2238 765 2271 voluisse
789 2243 823 2270 et
846 2237 951 2270 etiam
976 2236 1104 2269 tabulis
1129 2235 1246 2281 aliqua
1271 2234 1484 2280 impressisse
1503 2261 1511 2274 ἢ
1538 2233 1597 2267 sed

89 2299 176 2333 dum
196 2297 454 2332 considerarem
474 2297 608 2342 primos
627 2295 790 2329 ecclesiae
810 2301 948 2328 nostrae
968 2295 1165 2339 inceptores
1184 2293 1301 2327 adhuc
1319 2293 1451 2335 vivere„
1475 2291 1599 2326 adula-

90 2357 193 2392 tionis
207 2362 326 2390 notam
338 2355 507 2397 timuisse,
524 2354 552 2388 si
568 2366 692 2388 eorum
710 2360 808 2387 actus
827 2352 1024 2386 viventibus
1038 2352 1120 2398 ipsis
1135 2351 1272 2385 viderer
1290 2351 1460 2395 scribere,
1479 2351 1598 2397 sicque

93 2428 131 2450 ea
150 2427 241 2462 quae
263 2415 462 2460 inceperam
481 2412 660 2446 delevisse.
684 2412 786 2445 Nunc
806 2422 888 2444 vero
910 2410 994 2457 quia
1009 2410 1082 2455 jam
1102 2409 1244 2443 duobus
1263 2409 1385 2456 primis
1403 2408 1595 2443 defunctis,

130 2526 136 2543 ¹
161 2525 269 2551 Initium
284 2524 448 2551 narrationis
463 2522 619 2549 Herimanni
630 2542 636 2553 ,
653 2522 678 2547 in
693 2520 853 2557 spicileqio,
868 2526 932 2547 tom.
951 2520 989 2553 ll,
1006 2530 1068 2556 pag.
1084 2519 1148 2547 888.

189 2571 275 2606 Tou.
306 2571 351 2605 ll.
1455 2566 1500 2600 67
