2118 3184
726 370 1012 430 APrEchEs.
1563 397 1632 432 843

787 527 973 564 CXXVIII.

122 624 197 659 Gm·
211 624 252 658 de
271 625 417 667 Bracle,
440 625 611 659 chanoine
628 625 670 659 de
689 624 848 668 Renaioe,
869 624 964 673 quue
986 625 1009 661 ἀ
1030 627 1187 674 l'ablmye
1205 641 1275 663 ww
1288 632 1408 675 partie
1427 629 1469 664 de
1480 631 1561 677 pre'.
1582 651 1629 656 —

794 684 951 718 Rocsm.

841 853 912 877 1221.

156 915 186 941 In
201 915 309 940 nomine
322 913 409 940 Patris
421 919 448 940 et
461 913 520 940 Filii
537 919 564 940 et
576 913 695 949 Spiritus
708 914 811 941 Sancti.
826 914 925 940 Notum
939 915 974 941 sit
988 920 1041 941 tam
1056 916 1248 950 praesentibus
1261 926 1342 952 quam
1356 916 1472 951 suturis,
1490 920 1565 954 quod
1579 930 1629 957 ego

117 962 205 989 Guido
217 962 251 988 de
267 961 377 996 Brut-Ie,
392 962 539 988 canonicus
554 962 716 988 nonacensis
728 983 734 993 ,
749 961 782 988 ad
797 962 927 988 honorem
942 962 1048 989 Domini
1062 963 1213 998 beataeque
1227 963 1327 991 Mariae
1338 973 1446 1000 semper
1458 966 1587 1003 virginis,
1602 972 1630 994 et

116 1014 272 1036 sanctorum
291 1014 442 1043 martyrum
460 1008 577 1035 Cornelii
593 1013 620 1035 et
635 1008 778 1044 Cypriani,
799 1014 825 1035 ct
841 1018 890 1044 pro
906 1009 994 1035 salute
1008 1010 1113 1036 animae
1128 1019 1219 1042 meae,
1236 1010 1322 1046 legavi
1340 1011 1469 1039 ecclesiae
1483 1013 1517 1040 de
1535 1014 1630 1041 Ninive

116 1066 201 1083 unum
210 1056 365 1090 joi-narium
380 1055 451 1090 prati
466 1060 493 1081 et
510 1056 633 1091 quinque
647 1055 748 1081 solidos
761 1055 887 1082 alborum
902 1056 935 1082 de
950 1056 1061 1082 dimidio
1075 1056 1189 1082 bouario
1204 1062 1309 1089 terrae,
1323 1058 1398 1093 quod
1412 1060 1463 1085 emi
1478 1060 1512 1086 ab
1526 1061 1611 1088 Alicia
1621 1083 1628 1094 ‚

117 1103 173 1130 Iilia
193 1103 307 1130 Ceciliae
327 1103 429 1135 Albae,
448 1108 475 1129 et
489 1103 548 1137 ejus
566 1103 664 1129 marito
680 1103 800 1129 Woitino
815 1103 904 1129 Fabro
916 1124 923 1136 ‚
945 1104 972 1129 in
987 1113 1084 1139 puram
1102 1108 1129 1130 et
1143 1109 1303 1140 perpetuam
1320 1105 1518 1142 eleemosynam
1529 1128 1536 1140 ‚
1555 1108 1630 1144 quod

116 1156 193 1178 tenet
205 1156 232 1177 et
245 1151 310 1177 colit
322 1150 482 1186 Arnulphus
495 1149 568 1176 Dens
582 1150 615 1176 de
629 1150 721 1176 Monte
731 1171 738 1183 ‚
754 1150 787 1176 ad
803 1159 913 1176 censum
927 1151 1049 1186 quinque
1059 1150 1210 1177 solidorum
1223 1152 1248 1177 in
1260 1152 1401 1179 nativitate
1415 1153 1487 1180 beati
1497 1154 1630 1182 Johannis

116 1199 253 1234 Baptistae
268 1198 407 1224 annuatim
423 1196 615 1223 solvendorum
627 1217 634 1229 ‚
654 1197 691 1223 ita
712 1202 800 1223 tamen
819 1197 892 1232 quod
913 1197 1023 1223 domino
1041 1197 1153 1232 capituli
1171 1207 1203 1224 ex
1219 1198 1282 1224 inde
1297 1198 1440 1226 solvantur
1457 1200 1512 1227 duo
1525 1201 1630 1229 denarii

116 1245 264 1272 Ilandricae
279 1250 403 1271 monetae
413 1265 421 1276 ,
444 1249 548 1270 tantum
563 1244 703 1270 annuatim
713 1264 719 1276 ‚
739 1243 772 1270 de
786 1249 865 1279 prato
880 1253 945 1270 vero
960 1254 1032 1270 unus
1045 1244 1174 1270 denarius
1189 1244 1246 1270 filio
1260 1245 1390 1272 Willelmi
1406 1247 1440 1273 de
1457 1248 1627 1282 Molendino‚

115 1293 183 1319 haec
197 1293 290 1327 itaque
303 1291 459 1318 conditione
469 1290 543 1325 quod
558 1290 584 1316 in
599 1290 786 1317 anniversario
801 1300 860 1317 meo
874 1291 1020 1317 conventui
1036 1291 1062 1316 in
1077 1290 1224 1318 refectorio
1237 1292 1271 1319 de
1286 1292 1336 1319 hac
1347 1293 1518 1330 eleemosyna
1529 1297 1631 1331 pietan-

115 1341 152 1366 tia
166 1343 345 1375 procuretur‚
357 1342 385 1364 et
396 1337 526 1373 quamdiu
539 1338 632 1364 vixero
646 1346 725 1363 usum
741 1338 859 1364 fructum
872 1337 913 1364 vel
925 1338 1087 1373 condignam
1097 1341 1376 1374 recompensationem
1390 1342 1425 1367 ab
1439 1342 1552 1369 ecclesia
1565 1345 1631 1370 reci-

116 1388 198 1422 piam.
211 1385 289 1412 Dicta
299 1390 390 1411 autem
402 1385 559 1419 terrajacet
571 1385 597 1410 in
613 1384 757 1419 parrochia
765 1385 798 1410 de
808 1384 931 1411 inferiori
942 1384 1035 1411 Bracle
1043 1406 1049 1417 ⁷
1061 1386 1088 1411 in
1097 1385 1156 1411 Ioco
1165 1387 1212 1421 qui
1223 1386 1323 1413 dicitur
1333 1388 1368 1414 ad
1378 1388 1508 1422 Montem‚
1519 1396 1627 1426 pratum

117 1433 216 1460 veroin
230 1432 324 1460 eadem
336 1431 465 1468 parochia
477 1432 502 1457 in
517 1436 597 1467 prato
609 1431 683 1467 quod
695 1431 795 1458 dicitur
813 1432 966 1459 ll’idemers.
980 1432 1069 1467 Hujus
1081 1437 1171 1459 autem
1183 1434 1370 1470 eleemosynae
1381 1436 1491 1463 donatio
1505 1437 1576 1465 sacta
1589 1444 1631 1465 est

115 1481 141 1507 in
151 1480 196 1507 die
204 1480 350 1511 dominico,
363 1479 431 1506 hora
442 1479 553 1512 missae,
568 1479 594 1505 in
609 1479 721 1505 ecclesia
733 1479 766 1506 de
776 1479 885 1511 Bracle,
897 1481 1040 1507 sacerdote
1052 1485 1080 1507 et
1094 1480 1265 1516 parochianis
1280 1484 1481 1518 praesentibus.
1493 1485 1529 1511 Ut
1538 1491 1628 1512 autem

116 1528 183 1554 haec
195 1527 367 1562 eleemosyna
385 1527 412 1552 in
429 1531 572 1552 aeternum
583 1530 641 1552 rata
656 1531 814 1562 permaneat
828 1531 855 1552 et
868 1527 1026 1554 inconvulsa
1037 1548 1044 1559 ‚
1059 1532 1231 1563 praesentem
1246 1530 1370 1566 paginam
1384 1531 1466 1567 sigilli
1478 1533 1529 1559 mei
1542 1535 1630 1560 muni-

118 1575 189 1602 mine
200 1575 339 1601 roboravi.
355 1574 452 1600 Actum
466 1582 538 1599 anno
552 1573 636 1599 Verbi
650 1573 782 1600 incarnati
796 1573 938 1600 MCCXXI.

1241 1642 1371 1666 Cartulaire
1382 1643 1410 1667 de
1423 1644 1530 1669 Malines.

803 1904 958 1939 CXXIX.

118 2002 213 2044 Alioe,
229 2001 331 2035 dame
345 2001 386 2035 de
401 2001 550 2036 Boulers
557 2028 568 2043 ,
583 2001 697 2034 donne
711 1999 734 2034 εὶ
747 2001 918 2048 Z'ahhaye,
932 2013 1031 2048 pour
1047 2015 1100 2036 'cm
1112 2015 1192 2037 cens
1204 2004 1355 2046 anmcel,
1373 2017 1443 2039 une
1451 2009 1591 2052 praz'rz'e
1605 2007 1629 2041 α’,

616 2058 879 2093 Odevaersnesc.
900 2079 948 2084 —
966 2060 1124 2094 Rousun.

762 2239 777 2260 Α
790 2237 886 2261 Boulers
892 2256 898 2265 ,
913 2237 984 2261 1222.

157 2309 213 2345 Ego
227 2308 310 2334 Alicia
321 2329 327 2339 ‚
342 2308 450 2334 domina
463 2308 496 2335 de
511 2308 623 2341 muter,
640 2309 766 2335 omnibus
780 2314 951 2345 praesentem
963 2309 1088 2345 paginam
1105 2309 1279 2346 inspecturis.
1296 2311 1393 2337 Notum
1411 2311 1494 2345 facio,
1509 2314 1582 2349 quod
1596 2316 1631 2342 ob

118 2360 257 2382 aeternam
278 2356 329 2382 mei
346 2364 524 2391 meorumque
543 2357 699 2382 memoriam
717 2356 851 2383 decimum
870 2357 952 2383 trium
970 2356 1149 2383 dietariorum
1164 2358 1235 2393 prati
1254 2358 1328 2394 apud
1351 2358 1539 2394 wemmam,
1558 2363 1632 2398 quod

117 2402 230 2429 ecclesia
243 2403 395 2429 Ninivensis
408 2412 423 2428 a
434 2411 476 2429 me
489 2408 563 2430 tenet
572 2404 638 2438 jure
651 2403 844 2437 haereditario,
860 2404 911 2430 sub
924 2413 1007 2431 censu
1020 2404 1103 2431 trium
1115 2404 1291 2432 denariorum
1302 2406 1498 2434 flandrensium
1514 2408 1548 2435 de
1562 2419 1632 2446 quo-

115 2449 184 2476 libet
196 2450 312 2476 dietario
328 2471 335 2483 ‚
353 2450 440 2476 eidem
459 2450 589 2477 ecclesiae
608 2451 712 2477 contuli
730 2452 756 2477 in
775 2457 935 2487 perpetuam
951 2452 1150 2487 eleemosynam
1165 2452 1253 2479 libere
1267 2454 1468 2489 possidendam,
1487 2461 1631 2491 praeterea

120 2496 279 2523 divisionem
291 2501 433 2532 pratorum
447 2497 520 2533 apud
537 2497 707 2524 Willixwade
721 2507 735 2524 a
745 2499 819 2525 circa
831 2499 1004 2525 manentibus
1020 2499 1132 2532 factam,
1149 2500 1220 2526 inter
1233 2505 1342 2536 pratum
1355 2501 1430 2536 quod
1443 2501 1542 2529 ibidem
1557 2509 1633 2531 tenet
