2137 3131
401 387 441 419 10
738 384 913 420 CORPUS
939 380 1271 418 CHRONICORUM
1300 380 1567 415 FLANDRIAE.

400 497 432 529 in
450 496 565 529 ltalia.
586 494 784 528 Ludovicus
803 494 838 526 in
862 491 1059 538 Aquitania.
1085 490 1164 523 Filia
1185 490 1300 523 Karoli
1320 490 1413 523 Gisla
1432 488 1638 523 Mediolanis
1662 487 1859 532 baptizatur
1879 486 1923 519 ab

400 554 663 600 arcliicpisccqio
688 552 831 585 nominc
856 551 1004 584 Thoma.

452 611 707 646 DCCLXXXH.
731 610 866 651 Quarto
886 609 965 643 idus
983 607 1083 649 Julii.
1108 606 1197 640 obiit
1215 607 1318 640 Bcrta
1333 607 1465 654 regina.
1499 606 1645 639 Kal-olus
1667 604 1776 637 sociat
1799 603 1864 636 sibi
1888 603 1923 635 in

402 669 624 704 matrimonio
645 668 861 702 Frastradain
882 668 1051 715 rcginam.
1075 665 1171 699 Obiit
1194 664 1429 698 Gislebertus.
1455 665 1641 710 episcopus
1661 661 1922 697 Noviomensis.

402 728 595 763 inonachus
610 733 644 760 ct
658 727 766 760 abbas
785 726 820 759 S.
840 725 988 759 Amandi
1000 752 1007 758 .
1030 723 1188 770 sepultus
1204 723 1238 755 in
1254 723 1397 757 ccclesia
1413 723 1447 756 S.
1468 723 1562 756 Petri
1577 749 1584 755 .
1607 722 1674 755 sub
1692 733 1788 755 arcu.

453 786 724 820 DCCLXXXHI.
749 785 897 818 Rau-olus
912 784 1083 832 pugnavit
1102 788 1225 816 contra
1245 780 1399 815 Saxones
1418 788 1454 815 et
1470 782 1566 815 vicit.

452 844 739 879 DCCLXXXVII.
758 843 922 889 Synodus
938 843 1066 876 iteruin
1081 839 1177 886 apud
1194 840 1370 874 Nicaeam.
1389 839 1485 873 Obiit
1501 838 1722 887 AgelfridUS.
1740 839 1927 884 episcopus

401 911 433 937 et
453 904 561 937 abbas
576 902 610 936 S.
635 902 796 936 Amandi.
816 902 964 949 Signum
984 900 1099 934 crucis
1117 899 1282 946 apparuit
1297 900 1331 932 in
1351 899 1567 932 vestibus...

451 961 756 995 DCCLXXXYHI.
776 960 920 994 Carolus
940 957 1055 1007 [filius
1074 955 1231 1007 Caroli].
1255 958 1368 992 factus
1383 965 1435 992 est
1453 970 1523 992 rex.

452 1018 654 1054 DCCXCIV.
680 1016 884 1067 [Alcuinus.
902 1018 963 1064 qui
979 1024 1014 1051 et
1029 1017 1193 1051 Albinus.
1211 1016 1382 1050 diaconus
1395 1023 1431 1050 et
1444 1017 1552 1050 abbas
1568 1016 1771 1051 monasterii
1786 1014 1820 1050 S.
1840 1014 1929 1048 Mar—

403 1080 486 1113 tini.
508 1078 690 1112 sanctitate
709 1084 744 1111 et
761 1076 923 1111 doctrina
944 1077 1058 1110 clarus
1078 1072 1266 1124 habetur.]

453 1136 690 1171 DCCXCVIII.
721 1136 790 1170 Leo
806 1148 895 1182 papa
910 1135 1170 1169 condemnatur
1186 1146 1249 1180 per
1267 1133 1448 1167 invidiam.

452 1195 574 1229 DCCC.
606 1195 774 1229 Karolus.
806 1207 899 1229 anno
922 1194 1104 1242 trigesimo
1124 1192 1301 1235 secundo.v
1330 1193 1527 1239 appellatur
1554 1194 1758 1239 imperator.
1781 1192 1930 1227 Sanctus

404 1254 557 1288 Salvius.
579 1254 782 1300 episcopus.
807 1253 950 1287 veniens
971 1253 1016 1286 ab
1036 1252 1245 1298 Aquitania.
1268 1250 1312 1285 ad
1336 1251 1461 1285 fiscum
1486 1252 1625 1299 regium
1644 1252 1788 1285 nomine
1808 1250 1931 1285 Valen—

404 1324 520 1346 c1anas
539 1318 799 1358 martyrizatur.

455 1369 630 1404 DCCCIII.
662 1369 790 1404 Christi
809 1370 952 1417 sanguis
970 1369 1007 1402 in
1026 1368 1170 1402 Mantua
1189 1368 1328 1402 civitate
1348 1368 1534 1413 reperitur.

456 1429 608 1463 DCCCV.
636 1426 795 1478 [Quarto
815 1440 925 1462 nonas
944 1427 1160 1473 Septembris
1173 1454 1180 1460 .
1203 1427 1340 1473 eclipsis
1360 1426 1463 1460 lunae
1477 1453 1485 1469 ,Ι
1510 1426 1582 1460 sole
1600 1433 1714 1460 stante
1736 1428 1772 1460 in
1795 1426 1932 1461 decima

405 1495 499 1522 sexta
514 1494 612 1533 parte
622 1487 787 1535 Virginis.
800 1487 882 1521 luna
897 1487 932 1520 in
947 1486 1084 1520 decima
1097 1493 1192 1520 sexta
1202 1486 1368 1520 Piscium.
1387 1484 1551 1519 Secundo
1560 1484 1726 1520 kalendas
1735 1487 1928 1530 Februarii7

407 1547 474 1580 fuit
487 1546 569 1580 luna
589 1545 726 1579 decima
743 1546 908 1591 septima.
926 1544 1071 1591 quando
1090 1545 1186 1578 stella
1200 1544 1294 1578 Jovis
1308 1556 1456 1590 peream
1475 1545 1624 1578 transire
1638 1545 1710 1580 visa
1725 1553 1788 1579 est.
1812 1546 1932 1580 Tertio

408 1605 486 1639 idus
508 1604 704 1647 Februarii.
727 1604 862 1650 eclipsis
876 1604 972 1646 solis.
991 1603 1048 1637 die
1061 1602 1178 1636 media
1190 1630 1199 1646 -,
1216 1609 1329 1636 stante
1342 1609 1496 1649 utroque
1514 1602 1628 1637 sidere
1650 1604 1685 1637 in
1704 1603 1931 1650 quindecima

406 1671 506 1710 parte
526 1663 682 1710 Aquarii.
708 1663 818 1703 Qarto
837 1662 1066 1696 kalendarum
1086 1662 1220 1696 Martii.
1241 1662 1377 1708 eclipsis
1395 1662 1510 1696 lunae.
1533 1663 1573 1696 Et
1588 1670 1801 1709 apparuerat
1819 1671 1930 1707 aster,

407 1722 532 1756 eodem
552 1728 654 1755 nocte
667 1748 675 1764 .
697 1722 807 1755 mirae
824 1718 1117 1769 magnitudinis]

457 1780 630 1815 DCCCIX.
661 1781 813 1814 Elevatio
835 1781 946 1814 sancti
965 1779 1115 1814 Amandi
1133 1777 1369 1828 [duodecimo
1388 1779 1552 1814 kalendas
1575 1778 1772 1829 Octobris]
1799 1780 1934 1815 Octavo

408 1839 487 1873 idus
506 1839 607 1882 Julii7
633 1851 691 1872 rex
712 1839 830 1873 Italiae
852 1839 1043 1885 Pippinus.
1071 1838 1163 1872 filius
1189 1837 1302 1872 Caroli
1326 1838 1444 1886 Magni
1459 1865 1467 1881 7
1491 1838 1591 1872 obiit.
1615 1838 1849 1883 Godefridus.
1874 1852 1934 1874 rex

408 1899 607 1940 Danorum.
630 1897 841 1931 interficitur
855 1910 873 1930 a
887 1896 1045 1943 quodam
1059 1909 1123 1930 suo
1139 1896 1302 1939 satellite.
1324 1897 1381 1930 cui
1396 1897 1560 1931 successit
1579 1896 1826 1946 Heniaungus.
1843 1898 1936 1933 filius

409 1957 525 1990 fratris
543 1957 629 2003 ejus.
662 1954 743 2004 [Sol
761 1963 796 1990 et
817 1957 899 1990 luna
918 1956 971 1990 1115
990 1955 1197 1990 defecerunt
1218 1968 1225 1988 ε
1249 1955 1299 1989 501
1318 1956 1468 2002 septimo
1488 1955 1568 1990 idus
1584 1956 1701 1999 ι1111111τ
1725 1964 1759 1991 et
1776 1957 1935 1992 secundo

409 2014 474 2048 kal.
506 2015 728 2056 Decenibrisg
758 2015 841 2048 luna
868 2027 949 2048 vero
975 2013 1165 2048 undecimo
1192 2014 1258 2048 kal.
1289 2014 1371 2048 Julii
1399 2021 1432 2048 et
1459 2014 1599 2048 decimo
1625 2022 1749 2050 octavo
1775 2016 1841 2050 kal.
1873 2016 1934 2050 Ja-

410 2071 560 2122 nuarii.]

460 2131 650 2165 DCCCXII.
673 2130 771 2165 Obiit
789 2130 950 2165 Carolus.
970 2130 1062 2165 filius
1080 2130 1192 2164 Caroli
1213 2130 1345 2178 Magni.

458 2190 649 2224 DCCCXIV
657 2218 662 2223 .
692 2190 836 2224 Carolus
863 2191 1055 2236 imperator
1081 2202 1232 2238 magnus
1258 2190 1363 2224 obiit.
1397 2189 1597 2225 Ludovicus
1629 2191 1711 2225 Pius
1742 2192 1936 2238 imperator

408 2249 561 2297 eligitur.

460 2307 666 2341 DCCCXIX.
685 2307 783 2341 Obiit
800 2307 982 2342 Adalricus
996 2335 1004 2351 7
1025 2308 1134 2342 abbas
1148 2307 1193 2341 de
1212 2314 1333 2341 sancto
1352 2307 1527 2342 Amando.

460 2365 668 2400 DCCCXXI.
686 2366 783 2400 Obiit
799 2367 894 2400 Arno
909 2367 1216 2413 archiepiscopus.
1235 2367 1343 2400 3111135
1362 2367 1473 2401 sancti
1488 2366 1651 2401 Amandi.

460 2423 684 2458 DCCCXXII.
702 2424 889 2459 Lotharius
903 2426 943 2459 fit
956 2426 1149 2472 imperator
1163 2425 1295 2459 Italiae.

460 2482 702 2517 DCCCXXIII.
720 2483 864 2518 Carolus
881 2483 1005 2519 Calvus
1023 2491 1128 2519 natus
1146 2491 1199 2518 est
1217 2496 1258 2518 ex
1277 2482 1414 2518 Judjth.
