2137 3131
458 375 529 411 δ’ὁ-ἰ
802 374 976 409 CORPUS
1003 371 1331 407 CHRONICORUM
1362 372 1628 405 FLAN‘DRlAE.

458 480 832 516 vocabaturGerardus
843 479 887 513 dc
901 479 1038 513 Clmrz'si
1048 479 1189 513 accessit
1204 505 1211 521 .
1229 478 1383 525 dataque
1404 491 1474 512 nou
1495 478 1631 513 modica
1654 479 1819 524 pecunia5
1837 479 1970 526 rogavit

459 548 497 574 ut
520 541 591 586 ipsc
611 539 780 572 imitando
801 539 977 586 Rogerum
1002 537 1135 584 aliquid
1160 550 1224 583 pro
1244 538 1360 572 anima
1379 550 1439 571 sua
1459 537 1560 572 daret
1578 538 1741 572 ecclesiae
1759 537 1794 570 S.
1815 537 1968 570 Martini.

460 599 558 631 'l'unc
579 598 632 631 ille
652 604 760 630 terras
786 609 873 643 quas
892 597 1045 630 habebat
1063 595 1158 642 apud
1180 596 1376 630 Livericum
1394 603 1428 630 et
1447 597 1709 644 Brangicurtem
1730 595 1831 629 nobis
1850 594 1947 629 dedit
1960 622 1969 638 -.

458 663 491 689 ct
515 656 595 701 quia
615 655 659 688 dc
678 655 782 689 feodo
803 655 893 703 regis
916 662 1035 697 erant.
1059 667 1121 701 per
1138 654 1356 688 Ludovicum
1370 682 1377 688 .
1402 668 1518 703 regem
1536 656 1766 697 Francorum.
1789 654 1871 687 fecit
1885 665 1972 687 con-

458 714 600 747 firmari.
630 714 773 759 Hocque
800 714 867 746 fuit
887 713 1108 760 privilegium
1137 713 1291 758 primum
1321 712 1418 759 quod
1447 713 1589 747 ecclesia
1618 720 1735 746 nostra
1761 711 1805 746 de
1830 712 1971 760 regibus

457 772 592 806 habuit.
611 771 666 805 Sic
680 784 764 819 crgo
779 771 987 818 Radulplius
1005 784 1112 805 unam
1129 778 1265 805 curtem
1282 771 1376 817 apud
1388 771 1697 805 Lim'm'etalteram
1712 770 1808 817 apud
1824 770 1972 818 Brangi-

456 837 590 864 curtem
618 831 831 872 construxitg
862 830 1105 864 molendinum
1129 831 1234 864 etiam
1255 829 1384 864 ibidem
1414 829 1512 876 quod
1538 831 1635 876 prius
1661 836 1735 863 erat
1750 829 1971 863 destructum

457 889 639 934 reparavit.
668 888 838 929 Quartam
865 889 970 922 eliam
990 895 1127 922 curtem
1148 901 1216 922 non
1242 888 1427 934 proculab
1453 888 1545 929 aliis.
1572 889 1607 921 in
1628 888 1704 921 villa
1727 900 1818 934 quae
1841 886 1972 921 dicitur

456 947 654 989 Moucellis.
677 947 871 980 construxit
884 974 892 989 ·.
914 959 1005 994 quae
1024 953 1141 980 tamen
1162 959 1232 980 non
1253 959 1293 979 ox
1312 947 1418 980 unius
1432 945 1493 980 sed
1508 958 1547 979 ex
1568 946 1762 980 multorum
1781 945 1972 980 donatione

456 1012 489 1039 et
515 1006 730 1052 agricultura
753 1006 921 1039 consistit.
948 1006 1031 1039 Post
1056 1005 1199 1051 aliquod
1222 1018 1303 1039 vero
1322 1012 1480 1050 tempus„
1507 1017 1588 1038 cum
1613 1005 1791 1051 praefatus
1817 1004 1973 1038 Thomas

454 1063 498 1097 de
518 1063 643 1106 Marla.
672 1062 791 1097 videns
810 1070 945 1097 curtem
966 1070 1122 1097 nostram
1141 1063 1359 1097 abundantia
1378 1075 1547 1108 pecorum
1568 1063 1755 1109 repletam.
1777 1061 1971 1108 cupiditate

455 1122 600 1165 ductus.
619 1135 694 1155 eam
721 1122 956 1168 depraedatus
974 1123 1094 1156 fuisset
1108 1150 1115 1156 .
1133 1122 1287 1169 indeque
1306 1123 1632 1156 excommunicatus
1650 1122 1780 1155 absolvi
1800 1121 1972 1167 deposce-

454 1187 526 1213 ret.
548 1181 655 1214 altare
674 1193 785 1213 uuum
807 1181 841 1213 in
862 1181 939 1214 villa
958 1193 1048 1227 quae
1071 1180 1202 1214 dicitur
1219 1180 1430 1221 Froz'mzm-s,
1455 1192 1519 1226 pro
1544 1179 1694 1226 praedae
1717 1179 1971 1213 restauratione

454 1239 554 1272 nobis
570 1238 684 1281 dedit.
702 1245 737 1272 et
750 1239 931 1286 privilegio
946 1239 1099 1284 episcopi
1115 1238 1375 1281 Laudunensis.
1392 1238 1436 1271 de
1455 1251 1527 1284 quo
1543 1237 1630 1271 illud
1643 1238 1678 1270 in
1693 1237 1798 1271 feodo
1812 1237 1967 1279 tenebat.

455 1298 654 1331 confirmari
683 1298 784 1339 fecit.
814 1297 933 1343 sicque
954 1297 1043 1331 illius
1066 1298 1148 1331 facti
1175 1298 1432 1331 absolutionem
1459 1297 1602 1342 recepit.
1626 1297 1693 1330 Has
1712 1309 1796 1344 ergo
1817 1302 1972 1342 quatuor

455 1362 570 1389 curtes
588 1368 689 1401 saepe
707 1355 822 1389 dietus
837 1355 1044 1401 Radulphus
1058 1356 1091 1389 iu
1108 1368 1199 1403 pago
1216 1355 1441 1389 Laudunensi
1457 1356 1670 1389 construxit.
1691 1362 1725 1388 et
1744 1367 1806 1401 per
1823 1367 1880 1388 eas
1898 1367 1969 1389 non

456 1427 581 1460 parum
601 1415 781 1448 ecclesiam
800 1421 955 1448 nostram
975 1415 1167 1460 ampliavit.

504 1473 613 1506 Aliam
632 1472 639 1492 ¹
660 1473 764 1505 etiam
790 1479 925 1506 curtem
949 1473 984 1505 in
1004 1473 1207 1518 episcopatu
1224 1472 1463 1506 Suessioncnsi
1486 1473 1681 1506 construxit.
1699 1473 1735 1505 in
1759 1484 1901 1505 nemore
1925 1470 1970 1505 de

459 1531 574 1565 Phaon
590 1538 624 1565 et
642 1531 824 1579 privilegio
840 1531 1003 1573 Lisiardi.
1026 1531 1233 1565 Suessorum
1248 1531 1420 1577 episcopi.
1442 1531 1643 1565 confirmari
1662 1531 1762 1571 fecitg
1785 1530 1970 1576 filiumque

456 1602 559 1623 suum
584 1589 780 1622 'walterum
802 1589 847 1623 ad
866 1589 1145 1623 construendum
1165 1590 1200 1622 in
1219 1589 1344 1623 eodem
1365 1590 1440 1623 loco
1460 1590 1578 1635 posuit
1595 1616 1603 1632 .
1630 1590 1676 1622 ita
1696 1595 1736 1622 ut
1753 1588 1968 1622 ecclesiolam

455 1647 625 1694 lapideam
640 1675 648 1691 e
674 1660 713 1680 ex
740 1647 968 1693 eleemosynis
990 1647 1147 1681 fidelium
1173 1648 1209 1680 in
1235 1648 1369 1681 honore
1391 1654 1529 1681 sanctae
1551 1647 1610 1680 Dei
1629 1647 1809 1695 genitricis
1836 1646 1968 1680 ibidem

453 1706 691 1748 aedificatam.
717 1719 735 1740 a
758 1706 914 1751 praefato
937 1707 1102 1752 episeopo
1127 1706 1322 1740 consecrari
1348 1707 1599 1752 impetraverit.
1626 1704 1823 1739 Radulfus²
1851 1711 1968 1739 autem

454 1766 561 1798 suasit
577 1764 723 1797 domino
739 1763 856 1797 Odoui
872 1764 1004 1807 abbati.
1020 1771 1061 1798 ut.
1075 1765 1102 1798 si
1117 1765 1196 1811 quis
1210 1765 1373 1798 ecclesiae
1390 1771 1528 1798 nostrae
1545 1764 1647 1798 vellet
1659 1763 1743 1797 dare
1762 1764 1881 1798 altaria
1895 1764 1968 1798 sine

455 1825 602 1857 simonia
617 1828 681 1869 p'ro
695 1823 812 1856 anima
825 1835 905 1865 sua.
920 1836 991 1857 non
1006 1831 1169 1857 renueret
1179 1836 1232 1866 ea.
1249 1836 1347 1857 more
1360 1823 1510 1857 aliorum
1526 1823 1769 1870 religiosorum
1779 1823 1947 1856 abbatum
1958 1849 1966 1865 7

454 1883 641 1928 suscipere.
669 1883 854 1915 Annuente
879 1882 1022 1925 abbate.
1051 1883 1186 1928 primus
1214 1882 1314 1916 dedit
1340 1882 1441 1916 nobis
1467 1882 1574 1916 altare
1599 1881 1798 1928 (l'Espliez'n
1821 1880 1966 1927 quidam

454 1941 642 1976 eanonicus
670 1940 704 1974 S.
735 1941 883 1984 Mariae7
918 1942 1060 1975 nomine
1088 1942 1267 1981 We1·icus;
1295 1940 1424 1975 deinde
1452 1940 1662 1974 Balduinus.
1688 1946 1829 1983 cautor7
1861 1940 1969 1974 altare

454 2000 497 2034 de
517 2001 694 2041 Samiumq
724 2000 908 2034 Letbertus
934 2012 1079 2047 quoque
1105 2001 1295 2035 canonicus
1315 2000 1422 2034 altare
1446 1999 1490 2033 de
1513 1999 1726 2041 Pascendal,
1751 2005 1786 2032 et
1805 1998 1969 2032 Gerricus

453 2060 642 2093 canonicus
658 2071 739 2092 cum
755 2059 967 2092 wenemaro
983 2060 1091 2093 milite
1110 2066 1226 2106 partes
1239 2059 1410 2106 quasdam
1425 2059 1542 2092 altaris
1556 2058 1600 2092 de
1613 2059 1639 2091 T
1643 2058 1836 2104 emploviog
1856 2056 1967 2091 Adam

454 2130 597 2164 quoque
614 2118 804 2151 canonicus
816 2145 824 2160 .
845 2130 1034 2165 germanus
1050 2119 1191 2164 Alulphi
1205 2146 1212 2159 .
1234 2124 1380 2166 rogante
1391 2125 1489 2163 patre
1504 2130 1568 2151 suo
1588 2117 1710 2165 Sigei-0
1725 2122 1964 2163 praecentore,

454 2177 515 2222 qui
535 2189 616 2210 cum
640 2176 852 2209 Herimanno
878 2177 1078 2222 praeposito
1100 2176 1195 2223 apud
1219 2189 1282 2210 nos
1306 2176 1501 2210 monachus
1528 2176 1613 2217 fuit.
1642 2176 1801 2222 quinque
1824 2175 1964 2218 altaria7

455 2235 583 2268 scilicet
596 2234 640 2268 de
651 2235 767 2268 Haltra
777 2262 785 2275 .
801 2234 845 2268 de
861 2234 979 2277 Sarra.
997 2235 1040 2269 de
1052 2235 1230 2282 Isenyavz'n.
1246 2234 1290 2269 de
1305 2235 1563 2281 Gndelentqain,
1580 2234 1624 2268 de
1639 2233 1851 2280 Estenputli.
1869 2233 1962 2277 Ode,

455 2294 637 2339 presbyter
654 2292 698 2326 de
716 2293 895 2335 Boveuiis.
923 2293 1029 2327 altare
1048 2293 1092 2327 de
1114 2294 1248 2327 Ostiolo
1267 2300 1302 2327 et
1319 2292 1364 2327 de
1382 2293 1593 2340 Papenqain
1602 2308 1614 2333 ,-
1635 2292 1842 2326 Mascelinus
1858 2292 1966 2325 altare

456 2351 499 2384 de
515 2351 674 2384 Boveuiis
691 2357 725 2384 et
738 2350 782 2384 de
800 2351 1013 2386 Brauteniis:
1032 2353 1213 2395 Albertus,
1236 2352 1344 2386 altare
1360 2351 1404 2385 de
1419 2351 1541 2385 Simu.
1560 2351 1780 2398 Erpulphus,
1797 2350 1961 2393 clericus.

496 2482 502 2496 ¹
526 2479 627 2505 Herim.
645 2478 714 2514 §78-
785 2479 797 2496 2
819 2479 886 2505 [bid.
907 2480 918 2515 ᾗ
937 2480 971 2506 75
983 2501 989 2511 ,
1013 2481 1123 2515 passim.
1143 2481 1215 2507 Haec
1230 2481 1310 2507 latius
1323 2481 1433 2516 exponit
1446 2480 1549 2506 Herim.
