2137 3131
443 394 514 428 804
1052 380 1341 418 APPENDICES.

443 511 509 529 sem.
526 502 613 527 Primo
622 499 740 525 omnium
751 497 788 522 sic
797 504 839 521 res
851 493 962 519 diffinita
977 496 1017 517 est
1028 496 1059 516 nt
1068 495 1165 516 neutra
1177 488 1290 515 ccclesia
1304 489 1471 524 praescribat
1484 489 1652 515 contrarium
1664 488 1738 524 longi
1751 489 1881 524 temporis
1891 497 1954 520 usin

443 549 489 575 scd
504 549 573 574 sicut
588 547 685 572 veritas
698 544 799 570 ccrtins
820 541 919 577 poterit
933 539 1055 565 invenire
1066 559 1072 570 ⁷
1091 538 1129 563 sic
1141 537 1229 562 mittat
1244 536 1403 562 utramlibet
1417 536 1557 563 ecclesiam
1582 537 1609 562 in
1628 537 1827 572 possessionem
1848 541 1875 562 et
1893 545 1959 571 pro-

444 595 595 630 prietatem.
610 591 737 618 noverint
751 591 842 624 itaque
855 586 975 613 universi
987 585 1061 621 quod
1078 584 1229 610 Ninivensis
1241 583 1354 610 ecclesia
1368 589 1473 610 curtem
1489 583 1572 609 habet
1586 583 1721 610 vocabulo
1732 584 1842 609 Scoram
1853 604 1860 616 ,
1875 593 1957 619 quam

444 643 526 668 abbas
545 637 801 665 Gerahliinontcnsis
815 636 891 661 sitam
911 643 969 659 csse
983 632 1091 659 dicebat
1105 632 1130 657 in
1146 640 1194 657 sua
1209 631 1337 666 parochia
1351 631 1385 657 de
1402 630 1550 667 Okenyem,
1566 636 1593 657 et
1606 631 1658 657 sibi
1673 631 1723 657 nisi
1740 631 1788 665 jus
1803 629 1960 666 parochiale

445 688 549 715 deberi.
564 687 652 721 Super
665 686 715 711 hoc
730 684 812 710 statui
826 681 898 718 qnod
912 680 1063 707 Ninivensis
1077 679 1190 705 ecclesia
1203 678 1290 704 solvet
1303 679 1443 704 annuatim
1459 679 1485 704 in
1501 679 1584 704 natali
1600 679 1706 704 Domini
1721 683 1842 714 quatuor
1856 677 1960 704 solidos

442 735 513 761 illius
527 739 649 759 mont-tae
660 754 666 764 ,
680 742 734 767 qna
747 731 862 757 solvitur
875 734 901 755 ct
916 728 1048 763 recipitur
1061 736 1158 753 census
1173 727 1198 752 in
1216 726 1304 761 burgo
1316 726 1349 752 de
1364 726 1458 752 Ninive
1469 747 1475 759 ‚
1490 726 1620 752 ecclesiae
1635 726 1668 752 de
1682 726 1774 752 Monte
1788 725 1896 752 Geraldi
1907 746 1915 757 ‚
1931 730 1960 752 et

444 782 481 807 sic
495 786 550 807 tota
564 780 662 806 familia
676 780 709 805 dc
723 779 804 804 Sem-a
819 776 1002 811 subscriptam
1015 783 1122 809 semper
1138 774 1292 799 libertatem
1308 774 1412 799 tenebit
1422 794 1429 806 ‚
1445 779 1579 809 quantum
1595 773 1628 799 ad
1641 773 1826 809 parochialem
1842 773 1961 799 exactio-

445 838 515 855 nem.
525 828 590 853 utin
600 836 772 863 quacumque
781 824 908 861 parochia
919 822 1058 858 praedicta
1069 821 1169 847 familia
1178 821 1288 856 nuptias
1296 820 1338 847 vel
1349 821 1480 857 exequias
1488 821 1680 853 celebraverit,
1693 821 1793 847 fratres
1802 821 1963 847 Ninivenses

445 875 506 900 inde
517 884 624 909 semper
639 874 755 899 habeant
769 871 945 898 oblationem.
961 869 989 896 Si
1001 874 1092 895 antem
1106 869 1182 894 curia
1195 868 1229 894 de
1242 868 1325 895 Scora
1339 869 1555 894 extraterminos
1565 868 1726 904 parrochiae
1740 868 1774 894 de
1791 867 1924 904 Okenyem
1934 867 1962 894 in

446 927 584 959 posterum
596 921 677 946 fucrit
690 918 836 951 translata,
852 918 939 944 libera
952 917 1004 943 erit
1018 926 1033 942 a
1047 916 1178 951 pensione
1191 917 1275 941 annui
1289 925 1387 941 census
1401 915 1514 942 ecclesia
1526 916 1689 942 Ninivensis.
1701 915 1729 942 Si
1740 916 1802 952 quis
1813 920 1904 943 autem
1914 925 1964 952 pa-

446 969 591 996 rochianus
605 967 638 993 de.
651 967 742 1002 aliqua
756 965 885 1001 parochia
899 964 1109 991 Geraldimontis
1124 963 1294 998 sepulturam
1309 963 1423 999 elegerit
1434 963 1507 998 apud
1524 963 1695 989 Ninivensem
1708 963 1849 989 ecclesiam
1861 984 1868 996 ‚
1883 973 1964 1000 sepe-

444 1017 527 1043 lietur
537 1016 572 1042 ibi
584 1036 589 1043 ,
606 1020 632 1041 et
644 1014 764 1040 reflexim
779 1014 800 1039 si
813 1013 874 1048 quis
885 1012 918 1038 de
931 1012 1116 1038 Ninivensium
1133 1011 1263 1046 parochia
1273 1011 1384 1046 sepeliri
1398 1010 1517 1037 voluerit
1527 1010 1599 1046 apud
1610 1010 1840 1037 Geraldimontem
1849 1031 1858 1045 ,
1869 1011 1965 1038 iicebit

447 1065 480 1096 ei,
490 1062 634 1096 salvojure
646 1060 794 1096 parochiali
803 1059 934 1086 ecclesiae
946 1069 960 1085 a
973 1068 1026 1094 qua
1035 1068 1135 1094 corpus
1148 1058 1296 1084 assumitur
1310 1058 1422 1089 mortui,
1435 1057 1486 1084 hoc
1500 1063 1541 1084 est
1551 1058 1678 1084 omnibus
1687 1058 1873 1084 oblationibus
1882 1059 1965 1085 unius

448 1112 542 1137 missae
551 1119 599 1145 pro
612 1108 749 1135 defunctis
759 1107 919 1134 solemniter
931 1106 1097 1133 celebratae.
1110 1107 1147 1132 Ut
1156 1111 1247 1132 autem
1259 1106 1309 1131 ista
1320 1106 1441 1131 conditio
1451 1106 1528 1132 firma
1537 1110 1564 1132 et
1574 1105 1679 1132 stabilis
1690 1111 1849 1141 perseveret
1859 1106 1964 1142 scripto

447 1163 540 1184 nostro
555 1155 766 1192 cyrographiato
781 1154 990 1185 confirmamus,
1011 1153 1174 1188 subscriptis
1193 1153 1349 1179 nominibus
1367 1162 1462 1179 eorum
1481 1153 1528 1188 qui
1542 1152 1741 1178 interfuerunt.
1759 1152 1787 1179 S.
1803 1152 1944 1179 Godel'ridi
1955 1173 1963 1185 ‚

447 1205 552 1231 abbatis
565 1203 598 1229 de
610 1202 828 1237 Geraldimonte3
844 1201 872 1228 S.
889 1201 1034 1233 Matthaei,
1049 1200 1156 1226 abbatis
1167 1200 1200 1226 de
1212 1200 1322 1234 Ninive3
1339 1200 1367 1226 S.
1383 1200 1505 1235 magistri
1518 1199 1636 1235 Philippi
1649 1199 1683 1225 de
1697 1199 1826 1235 Haltera;
1843 1200 1872 1227 S.
1887 1199 1966 1226 Wal-

448 1253 499 1279 teri
514 1251 638 1285 NVcllini3
660 1250 688 1276 S.
706 1250 832 1282 Henrici,
849 1249 942 1275 fratris
959 1249 1027 1283 mei5
1044 1248 1073 1275 S.
1094 1248 1215 1284 magistri
1233 1247 1384 1274 Salomonis
1404 1247 1438 1273 de
1453 1247 1674 1281 Geraldimonte3
1699 1247 1818 1280 Rubini,
1840 1246 1967 1274 monachi

450 1300 477 1326 S.
494 1298 605 1326 Arnoldi
618 1298 651 1324 de
665 1297 843 1333 Grimbergis.
858 1296 954 1323 Actum
970 1305 1041 1322 anno
1055 1295 1162 1322 Domini
1178 1294 1320 1321 MCXCW.

1166 1361 1274 1393 Original
1281 1380 1287 1387 ,
1300 1369 1369 1385 sceau
1377 1369 1407 1385 en
1417 1362 1466 1385 cire
1474 1366 1538 1385 verte
1549 1361 1577 1384 de
1587 1360 1669 1385 Sohier
1677 1380 1685 1394 7
1697 1361 1866 1393 endommagd.

1152 1648 1275 1682 vall
1284 1675 1291 1682 .

460 1749 637 1794 Godefroc',
655 1747 826 1782 chdtelam
838 1747 879 1780 de
896 1745 1096 1789 Brun-elles,
1116 1745 1230 1779 donne
1246 1743 1269 1778 (ὶ
1285 1745 1443 1791 l'abhaye
1459 1744 1646 1778 l'avouen‘e
1659 1744 1700 1778 cle
1718 1743 1968 1791 S‘-Ayclzadre

601 1805 624 1840 ἀ
652 1806 825 1848 Culcham,
845 1812 878 1840 et
888 1805 1071 1853 plusieurs
1090 1804 1295 1838 inmmmltds
1312 1802 1335 1838 ὰ
1355 1803 1572 1837 Βρίηίνδανί.
1586 1803 1807 1837 -ΩΑΤΤΗΕΜ,

1115 2004 1132 2026 Α
1150 2003 1237 2027 Feret.
1258 2002 1328 2026 1195.

497 2085 553 2120 Ego
564 2084 742 2117 Godesridus,
757 2084 921 2111 castellanus
934 2085 968 2111 de
982 2084 1109 2110 Bruxella
1120 2105 1126 2117 ,
1142 2089 1170 2110 et
1185 2093 1254 2109 uxor
1266 2092 1324 2109 mea
1340 2082 1485 2108 Helewidis
1496 2103 1503 2115 ,
1524 2087 1552 2109 et
1565 2081 1644 2108 liberi
1660 2081 1763 2114 nostri,
1779 2080 1905 2107 omnibus
1921 2080 1974 2107 hoc

461 2133 590 2167 scriptum
604 2132 715 2158 lecturis
728 2131 853 2158 salutem.
869 2132 959 2158 Sciant
974 2131 1097 2157 moderni
1109 2136 1136 2157 et
1148 2131 1252 2166 posteri
1266 2129 1340 2165 quod
1354 2129 1484 2155 ecclesiae
1497 2128 1531 2155 de
1544 2129 1639 2155 Ninive
1651 2128 1872 2164 recognoscimus
1886 2133 1914 2154 et
1925 2137 1975 2153 wa-

460 2179 569 2205 randirc
580 2184 705 2205 tenemur
719 2179 916 2214 eleemosynam
931 2179 1016 2214 patris
1027 2179 1077 2204 mei
1090 2178 1239 2204 Francouis
1253 2176 1409 2209 castellani,
1425 2176 1593 2202 advocatiam
1605 2175 1709 2201 scilicet
1717 2175 1752 2201 de
1764 2174 1865 2201 allodio
1877 2174 1906 2201 S.
1921 2174 1977 2209 Ay-

461 2226 554 2252 chadri
568 2226 639 2261 apud
656 2226 777 2260 (lathem,
792 2236 874 2261 quam
886 2226 1019 2252 Henricus
1034 2226 1067 2252 de
1079 2225 1158 2252 Lewa
1171 2224 1282 2251 tenebat
1294 2224 1327 2250 de
1341 2229 1420 2259 patre
1436 2224 1531 2249 meoin
1546 2223 1626 2249 feodo
1637 2243 1644 2255 ‚
1661 2227 1689 2249 et
1700 2221 1836 2258 quidquid
1849 2222 1975 2248 similiter

461 2273 530 2300 idem
545 2274 676 2300 Henricus
689 2274 722 2299 ab
736 2274 795 2309 ipso
808 2279 886 2308 patre
900 2283 960 2299 meo
973 2273 1117 2299 feodaliter
1129 2272 1240 2298 tenebat
1254 2271 1327 2307 apud
1342 2270 1479 2296 strithem.
1495 2271 1656 2296 Exactiones
1670 2278 1782 2305 quoque
1801 2269 1977 2296 mensurandi

461 2320 504 2346 vel
515 2321 720 2347 remensurandi
734 2326 821 2347 terras
831 2321 857 2347 in
867 2321 1011 2356 procinctu
1025 2320 1067 2346 vel
1078 2321 1175 2347 vicinia
1186 2320 1273 2346 curtis
1287 2319 1321 2345 de
1333 2319 1501 2345 Reinirsarto
1510 2339 1516 2351 ‚
1529 2317 1680 2344 secundum
1691 2317 1977 2343 commemorationem

465 2369 677 2402 quartariorum,
688 2369 739 2403 ipsi
751 2368 879 2394 ecclesiae
893 2373 1028 2404 perpetuo
1041 2368 1222 2402 ren1iuimus3
1238 2376 1395 2393 communes
1409 2376 1474 2392 vero
1487 2366 1624 2402 aysentias
1641 2365 1684 2391 vel
1697 2374 1764 2391 usus
1773 2385 1781 2396 .,
1796 2373 1866 2400 quos
1880 2374 1896 2390 a
1910 2373 1980 2400 qua-

465 2414 589 2449 draginta
604 2420 630 2441 et
645 2425 740 2441 novem
756 2416 834 2442 annis
854 2421 1004 2442 tenuerunt
1022 2415 1109 2442 eidem
1123 2415 1252 2442 eeclesiae
1269 2415 1462 2441 confirmamus
1479 2415 1506 2440 in
1527 2414 1636 2449 pascuis
1648 2434 1655 2445 ,
1679 2414 1774 2449 aquis,
1795 2413 1845 2439 viis
1861 2412 1978 2448 aliisque

465 2462 715 2495 opportunitatibus
727 2483 732 2493 ,
750 2471 799 2497 per
811 2468 895 2488 totam
910 2463 1067 2498 parochiam
1083 2468 1110 2488 et
1120 2467 1283 2498 potestatem
1294 2462 1328 2488 de
1341 2462 1454 2488 Seneffia
1469 2482 1476 2493 ‚
1490 2466 1604 2496 excepto
1618 2460 1693 2496 quod
1709 2469 1825 2496 capreae
1839 2469 1936 2487 eornm
1948 2460 1976 2486 in

466 2507 566 2541 sylvam
581 2517 633 2534 non
650 2508 746 2541 ibunt,
760 2509 811 2535 nisi
825 2509 941 2536 aliorum
954 2518 1070 2545 capreae
1083 2509 1149 2536 illuc
1165 2510 1263 2543 ierint3
1279 2514 1306 2535 et
1323 2509 1448 2544 quamvis
1464 2508 1620 2544 aliquorum
1636 2517 1752 2544 capreae
1765 2507 1829 2533 dato
1847 2507 1938 2543 pretio
1950 2508 1981 2539 iq
