2118 3184
581 399 811 434 canumet
840 400 1008 434 melun
1038 400 1079 434 Ll
1108 399 1272 435 Mt'lsls.
1632 402 1697 436 189

168 520 349 542 romanam
378 508 562 554 opinioni-s
585 507 739 541 diversas
766 508 990 542 babuerunt.
1014 522 1076 542 nos
1103 515 1222 542 autem
1250 510 1285 542 in
1320 509 1494 555 praesenti
1530 510 1691 542 man-ria.

167 579 274 612 super
301 579 372 613 qua
395 579 413 600 a
439 566 537 599 vobis
555 578 678 599 sumus
698 567 873 613 requisiti.
903 568 1133 600 intentionem
1159 574 1313 600 nostram
1340 567 1390 601 sic
1417 567 1638 601 declaramus
1661 574 1692 600 vt

168 625 350 660 uolumus.
371 623 470 671 quud
498 625 635 657 cunctis
661 637 768 670 super
786 625 855 658 boe
879 626 1088 659 facientibus
1112 626 1356 672 quaestionem
1386 626 1575 662 intinwtis.
1596 626 1695 672 quod

169 684 335 717 omnibus
360 695 439 716 vere
467 683 730 728 poenitentibus
754 690 789 717 et
815 685 1002 718 confessis.
1032 684 1302 718 accedentibus.
1334 692 1439 730 prout
1468 686 1503 718 in
1528 684 1693 719 decretali

169 743 388 779 continetur,
409 742 471 788 qui
491 748 681 775 venerunt.
712 743 772 788 qui
797 750 896 785 sunu
923 750 957 776 vt
981 743 1042 789 qui
1070 743 1227 776 wnient.
1251 745 1488 777 concessimus
1510 750 1545 777 et
1566 756 1694 778 eonce-

169 800 287 834 dimus
310 800 546 848 indulgentias
569 807 601 834 et
629 801 791 846 plenam.
822 802 1014 847 pleniorem
1037 808 1071 835 et
1099 802 1336 847 plenissimam
1366 803 1606 835 remissionem
1623 829 1630 835 .
1661 809 1693 835 et

167 866 342 905 quantum
366 859 478 893 claves
499 866 657 905 possunt.
683 876 699 890 n
728 860 785 894 Sic
804 861 891 895 mibi
914 861 980 895 fuit
1005 861 1210 895 testificatus
1229 861 1416 907 episcopus
1436 868 1469 895 et
1488 861 1614 895 doctor
1634 874 1694 894 su-

169 917 363 964 pradictus.

218 976 409 1010 Sciendum
429 983 479 1009 est
493 1003 501 1018 ‚
523 976 621 1022 quod
642 990 735 1010 anno
751 977 964 1011 MCCXCYH
986 990 1098 1025 usque
1113 978 1158 1012 ad
1173 990 1306 1012 annum
1325 977 1422 1012 CCC.
1441 979 1475 1011 in
1496 978 1560 1012 illis
1580 980 1693 1013 tribus

168 1035 269 1069 annis
288 1035 390 1068 multi
413 1041 582 1069 tractatus
607 1036 749 1070 fuerunt
773 1037 864 1070 inter
883 1036 1070 1071 dominum
1092 1050 1210 1084 regem
1241 1044 1275 1071 et
1297 1038 1462 1071 comitem
1491 1038 1692 1072 Guidonem

169 1093 316 1139 ejusque
331 1093 459 1127 liberos
469 1100 501 1127 et
513 1094 730 1128 consiliarios
739 1107 863 1128 eorum
877 1094 921 1128 ad
938 1108 1058 1141 pacem
1075 1094 1337 1128 reformandam
1349 1122 1356 1128 .
1371 1102 1403 1128 et
1420 1108 1520 1141 pares
1532 1097 1693 1131 franciae

169 1158 205 1185 et
219 1151 369 1185 barones
389 1151 540 1185 multum
570 1152 778 1186 laborabant
799 1152 843 1186 ad
866 1152 1166 1186 reconciliandum
1187 1153 1353 1186 comitem
1374 1152 1520 1186 domino
1541 1155 1626 1202 regi.
1658 1156 1696 1188 Et

168 1209 349 1244 dimiserat
367 1209 534 1243 dominus
549 1223 608 1243 rex
623 1211 946 1244 conestabularium
961 1210 1149 1244 dominum
1165 1209 1209 1243 de
1225 1210 1341 1244 Neella
1356 1210 1401 1244 ad
1418 1211 1693 1258 gubernandum

168 1275 304 1315 partem
328 1267 525 1305 Flandriae,
546 1280 638 1314 quae
658 1268 723 1301 sibi
743 1267 942 1310 obedierati
964 1268 1026 1314 qui
1050 1268 1202 1301 multum
1223 1268 1376 1315 gratiose
1391 1280 1449 1301 eos
1468 1270 1690 1315 gubernaxit.

170 1325 329 1360 Tandem
347 1325 439 1358 infra
452 1324 590 1358 dictum
609 1331 748 1370 teinpus
766 1337 867 1370 pares
886 1331 921 1358 et
936 1325 1086 1358 barones
1101 1325 1265 1358 franciae
1281 1331 1315 1358 et
1334 1326 1436 1359 amici
1455 1326 1540 1360 dieti
1555 1330 1693 1363 comilis

168 1383 346 1419 dederunt
367 1383 397 1416 ei
416 1383 602 1417 consilium
615 1409 625 1426 ,
649 1389 687 1416 ut
711 1382 858 1417 domino
878 1384 952 1431 regi
975 1383 1136 1417 obediret
1154 1390 1189 1417 et
1210 1390 1357 1429 poneret
1376 1396 1411 1417 se
1430 1385 1466 1417 in
1486 1397 1548 1419 sua
1568 1387 1695 1420 volun-

168 1449 259 1484 tate3
285 1449 320 1476 et
341 1441 509 1476 dominus
531 1441 693 1484 Carolus,
720 1441 829 1476 frater
853 1442 965 1490 regis,
995 1442 1158 1488 promisit
1183 1448 1217 1475 et
1242 1441 1311 1475 fide
1333 1442 1438 1487 jussit
1461 1443 1491 1476 ei
1519 1455 1600 1477 eum
1621 1445 1695 1479 aliis

167 1502 234 1536 sibi
249 1501 340 1535 ferre
353 1500 521 1534 auxilium
533 1527 541 1543 7
563 1506 598 1534 et
615 1512 698 1548 erga
713 1499 900 1534 dominum
913 1513 1019 1534 suum
1034 1507 1068 1534 et
1082 1501 1228 1534 fratrem
1244 1512 1308 1546 pro
1323 1499 1419 1534 dicto
1438 1501 1566 1535 comite
1585 1515 1695 1548 quan-

168 1567 247 1594 tum
273 1565 416 1606 possent
440 1559 666 1604 interponere
688 1564 805 1604 partes
831 1571 924 1592 suas.
950 1559 1070 1592 Dictus
1094 1565 1214 1592 autem
1236 1570 1371 1602 comes„
1399 1558 1521 1593 habito
1549 1562 1694 1596 consilio

169 1631 253 1654 cum
275 1618 348 1653 suis
370 1618 488 1651 liberis
512 1624 547 1651 et
569 1617 711 1661 amicis⁷
736 1618 890 1651 confisus
912 1618 949 1651 in
968 1617 1262 1664 promissionibus
1285 1616 1491 1661 antedictis7
1519 1620 1696 1653 consensit

168 1679 219 1713 ire
242 1677 288 1712 ad
313 1677 501 1711 dominum
527 1688 646 1724 regem
670 1682 704 1710 et
730 1677 868 1711 veniam
891 1683 1011 1723 petere
1034 1683 1070 1711 et
1089 1688 1126 1710 se
1150 1688 1282 1723 ponere
1305 1677 1341 1710 in
1368 1688 1431 1710 sua
1450 1677 1630 1711 voluntate
1658 1685 1694 1712 et

168 1736 335 1784 prisione.

221 1796 323 1829 Anno
354 1794 464 1842 igitur
490 1792 627 1837 MCCC,
656 1793 791 1838 Guido,
822 1806 940 1828 comes
968 1792 1171 1836 Flandriae‚
1200 1793 1376 1827 Robertus
1404 1800 1439 1827 et
1465 1794 1691 1838 Guillelmus,

172 1853 234 1887 filii
255 1853 349 1898 ejuS,
369 1859 406 1886 et
419 1852 546 1885 milites
566 1851 793 1886 flandrenses
807 1852 954 1886 inferius
969 1851 1159 1894 nominati7
1182 1851 1329 1885 fuerunt
1346 1851 1445 1886 ducti
1461 1852 1614 1887 Parisius
1632 1866 1695 1900 per

170 1911 358 1947 dominum
377 1910 559 1954 Carolum‚
588 1911 733 1945 fratrem
758 1911 862 1959 regis.
885 1911 927 1944 Et
944 1911 1040 1944 venit
1065 1909 1182 1944 dictus
1200 1922 1318 1944 comes
1341 1922 1404 1956 per
1431 1911 1632 1945 'fornacum
1660 1919 1696 1945 et

173 1972 210 2005 in
236 1969 449 2004 monasterio
468 1968 504 2002 S.
531 1969 673 2003 Martini
699 1969 941 2016 pernoctavit,
962 1975 997 2002 et
1015 1969 1156 2002 iverunt
1181 1969 1354 2012 Parisius³
1384 1975 1419 2003 et
1446 1969 1592 2003 domino
1621 1971 1694 2019 regi

171 2030 318 2064 fuerunt
337 2029 565 2074 praesentati7
586 2035 766 2075 sperantes
784 2028 980 2062 secundum
1001 2028 1172 2074 promissa
1189 2027 1226 2061 in
1245 2028 1340 2061 brevi
1360 2034 1520 2074 tempore
1536 2028 1690 2071 liberarL

169 2088 310 2134 fuitque
327 2085 582 2120 concordatum
609 2099 672 2132 per
698 2100 815 2135 regem
847 2087 994 2133 ejusque
1021 2086 1225 2129 consilium,
1254 2085 1353 2132 quod
1376 2087 1412 2119 in
1438 2086 1583 2120 diversis
1610 2087 1694 2121 locis

169 2145 356 2192 separatim
377 2150 613 2190 ponerentur3
634 2145 755 2192 sicque
773 2145 907 2179 factum
923 2145 991 2178 fuit
1010 2145 1044 2177 in
1065 2143 1213 2177 modum
1232 2144 1293 2190 qui
1313 2145 1485 2190 sequitur.

221 2202 338 2238 Guido
357 2214 476 2236 comes
494 2202 562 2236 fuit
578 2203 614 2236 in
637 2202 745 2237 domo
765 2203 856 2251 regis
879 2202 975 2250 apud
999 2201 1281 2248 Compendium7
1311 2209 1346 2236 et
1364 2215 1446 2236 cum
1466 2215 1507 2236 eo
1526 2203 1694 2239 dominus

174 2260 388 2297 Godefridus
409 2259 453 2294 de
471 2259 644 2303 Rosieres,
666 2261 861 2305 Robertus7
882 2262 956 2307 ejus
974 2260 1251 2308 primogenitus,
1273 2261 1339 2294 fuit
1358 2261 1393 2294 in
1413 2268 1528 2295 castro
1543 2261 1587 2296 dc
1610 2262 1694 2297 Cla·-

172 2320 269 2355 ποκ’
295 2331 414 2353 versus
437 2319 589 2352 Turonis
609 2326 644 2353 et
666 2332 748 2353 cum
768 2332 809 2353 eo
827 2319 995 2354 dominus
1015 2319 1227 2354 Wilhelmus
1247 2318 1292 2353 de
1317 2319 1487 2354 Scenelms
1497 2320 1521 2363 ²,
1549 2320 1695 2356 Guillel-

172 2391 271 2423 mus,
298 2378 389 2412 filius
413 2378 572 2420 comitis,
597 2377 665 2411 fuit
689 2378 725 2411 in
746 2385 861 2412 castro
884 2378 928 2413 de
949 2379 1062 2421 Say-ti,
1087 2378 1123 2412 in
1145 2378 1269 2420 Berri,
1296 2384 1330 2412 et
1354 2390 1437 2412 cum
1460 2391 1502 2413 eo
1526 2378 1694 2414 dominus

213 2465 221 2483 ¹
247 2465 306 2493 Van
322 2466 453 2502 Croysiris
466 2464 540 2500 apud
558 2464 661 2497 Cusus,
688 2464 749 2491 Van
766 2466 908 2493 Croisieres
996 2465 1010 2484 2
1029 2465 1159 2493 scribunt
1173 2464 1217 2491 alii
1233 2464 1385 2491 Robertum
1404 2470 1432 2492 et
1450 2464 1533 2492 Guill.
1551 2465 1585 2492 de
1604 2465 1696 2494 Stoen—

172 2511 248 2538 alibi.
959 2511 1044 2548 buyze
1057 2511 1178 2538 inclusos
1196 2510 1281 2538 fuisse
1295 2511 1322 2538 in
1336 2520 1398 2538 arec
1411 2511 1584 2539 Bituricensi.
