2137 3131
414 329 484 362 872
1019 318 1307 354 APPENDICES.

414 445 473 461 cum
489 434 600 461 ecclesia
617 432 768 463 Niniwnsi,
783 431 816 456 de
831 428 994 465 quibusdam
1012 426 1155 462 particulis
1174 425 1294 452 decimae
1309 426 1426 460 jacentis
1442 426 1468 451 in
1484 424 1613 460 parochia
1627 425 1661 451 de
1675 425 1801 458 Felseca,
1819 425 1894 460 quod
1907 426 1929 450 si

415 481 523 516 quidem
533 480 631 506 sactum
645 483 685 504 est
695 499 701 506 ,
720 483 773 503 tam
787 477 820 502 ad
837 475 1007 502 commodum
1021 479 1048 500 et
1064 473 1210 499 utilitatem
1226 478 1279 499 tam
1292 473 1382 500 dictae
1395 472 1526 499 ecclesiae
1539 482 1621 508 quam
1636 477 1746 498 nostrae
1759 481 1766 498 :
1781 472 1929 507 particulas

417 533 505 553 autem
520 532 546 552 et
561 526 618 552 illas
631 534 697 560 quas
712 534 726 550 a
746 524 822 549 nobis
835 523 935 557 accepit
952 521 1091 556 praedicta
1106 519 1232 551 ecclesia,
1247 520 1384 555 praesenti
1403 519 1518 555 paginae
1532 519 1740 556 assignavimus.
1757 518 1827 545 Sunt
1839 523 1929 544 autom

415 581 479 600 istac
494 572 641 609 particulae
655 581 725 607 quae.
744 572 769 597 in
785 575 885 597 sortem
902 569 1053 595 Ninivensis
1067 567 1197 593 ecclesiae
1210 567 1369 593 ceciderunt
1391 567 1416 593 in
1433 567 1527 602 Longo
1540 566 1640 602 Campo
1655 566 1688 593 de
1704 566 1793 592 tribus
1810 566 1931 592 bunariis

411 623 487 653 juxta
500 621 585 646 rivum
595 640 601 651 ‚
616 619 650 645 de
662 620 749 645 tribus
763 617 885 643 dietariis
895 616 929 642 de
942 614 1190 650 Nrderadolfvelde,
1206 615 1240 641 de
1251 624 1297 641 sex
1307 615 1429 641 dietariis
1440 614 1512 640 ultra
1527 615 1596 640 viam
1604 614 1684 648 juxta
1694 615 1799 648 rivum;
1813 613 1848 640 de
1861 613 1930 640 duo-

416 670 464 693 bus
479 667 597 692 bunariis
608 666 633 691 iu
646 665 811 701 anglojuxta
823 664 891 689 viam
903 684 909 690 .
924 662 957 688 de
971 662 1060 688 tribus
1073 661 1281 696 dietariisjuxta
1295 661 1467 697 Pnelwi'lqlze,
1483 661 1517 688 de
1531 661 1620 687 tribus
1632 661 1753 687 bunariis
1763 681 1770 691 ,
1781 660 1815 687 de
1828 660 1931 686 Schm-

416 713 556 745 leasbosclt,
573 712 606 738 dc
626 722 671 738 sex
686 711 806 738 dietariis
818 731 824 742 ,
846 711 867 736 si
885 709 1032 744 contigerit
1046 708 1106 734 illos
1125 708 1195 739 coti,
1219 709 1283 744 quia
1301 708 1439 743 quondam
1458 707 1511 734 coli
1532 707 1676 740 solebant,
1700 708 1764 734 licet
1781 707 1860 734 modo
1874 716 1928 734 non

414 760 546 786 colantur.
563 758 713 784 l'articulae
725 767 789 784 vero
802 766 872 792 quae
886 766 901 782 a
914 755 1071 791 supradicta
1085 755 1199 781 ecclesia
1213 755 1367 790 accepimus
1377 775 1384 785 ,
1400 755 1467 781 istae
1480 759 1545 781 sunt
1561 763 1568 780 :
1589 755 1623 781 de
1638 760 1711 781 terra
1727 754 1825 781 Boivin
1838 753 1930 780 Fullo-

415 808 468 835 uis.
484 807 517 832 de
534 811 653 841 quatuor
667 805 786 831 bonariis
805 810 832 830 et
846 803 957 829 dimidio
972 811 1055 837 supra
1069 802 1206 828 culturam
1217 822 1223 833 ⁷
1245 801 1278 827 de
1294 801 1408 827 bouario
1426 806 1453 827 et
1470 801 1671 835 dimidiojuxta
1685 802 1755 828 viam
1770 823 1776 833 ‚
1794 801 1827 827 de
1842 801 1931 827 tribus

416 853 532 879 bunariis
547 858 573 878 et
588 852 698 878 dnnidio
711 861 806 877 versus
819 850 926 876 r'ormin
936 871 942 883 ,
951 850 985 875 de
999 859 1054 875 uno
1066 849 1181 875 bouario
1194 849 1227 875 de
1242 848 1410 883 Letteldries‚
1421 849 1454 875 de
1468 858 1565 875 novem
1578 849 1710 875 dietariis.
1725 849 1760 876 Ut.
1773 854 1865 875 autem
1878 849 1929 874 ista

417 903 492 926 firma
506 909 612 934 semper
624 904 650 925 et
667 898 824 925 inconvulsa
839 902 1031 934 permaneant.
1051 897 1254 933 cyrographum
1274 896 1346 923 istud
1362 896 1444 932 sigilli
1461 897 1548 923 nostri
1565 897 1737 932 appositione
1758 897 1864 923 munire
1881 905 1930 922 cu-

417 948 541 973 ravimus.
558 947 653 973 Actum
667 956 737 973 anno
749 947 852 982 gratiae
865 944 1044 971 MCCXXXH.

1478 991 1608 1015 cartulaire
1620 991 1650 1015 de
1664 991 1772 1015 Malines.

1147 1062 1211 1073 ll

1093 1240 1245 1275 CLXIX.

418 1326 568 1373 Era-§me
590 1339 631 1371 de
654 1337 768 1372 Gavre
791 1343 823 1371 et
840 1336 965 1383 Sopha'e
974 1364 985 1379 ,
1005 1349 1068 1370 son
1088 1336 1210 1383 e'pousse
1220 1363 1229 1379 ,
1256 1337 1405 1382 fbndent
1422 1350 1492 1371 une
1510 1336 1719 1384 chapellem‘e
1740 1337 1832 1371 dans
1852 1337 1931 1371 leur

463 1399 604 1431 manozfr
621 1397 661 1431 de
678 1396 883 1430 Liedekerke
893 1423 902 1438 ,
923 1402 954 1429 et
975 1397 1155 1443 asszynent
1172 1393 1194 1428 cl
1214 1395 1369 1442 l’ahbaye
1390 1396 1431 1430 (le
1452 1395 1606 1438 Avium-e,
1628 1408 1725 1442 pour
1748 1395 1783 1429 la
1801 1395 1931 1430 desser-

468 1458 521 1488 1:2'7'
529 1482 538 1497 ,
555 1468 624 1489 une
638 1467 764 1489 somme
779 1454 941 1488 annzeelle
957 1454 998 1488 cle
1016 1460 1094 1488 cent
1107 1454 1171 1488 sols
1184 1454 1225 1488 de
1243 1454 1418 1497 Flanclre,
1438 1452 1461 1488 ἀ
1470 1454 1629 1501 prendre
1643 1467 1708 1488 sm·
1721 1454 1767 1488 les
1782 1466 1932 1488 remmus

465 1514 505 1547 de
519 1513 679 1560 quelques
695 1511 890 1559 proprz'e'te's
908 1510 931 1546 ἀ
949 1512 1171 1546 Lz'edelcerlce.

1038 1703 1054 1724 Α
1070 1700 1212 1725 Liedekerke
1219 1718 1225 1730 ⁷
1239 1701 1313 1724 1952.

455 1773 510 1808 Ego
524 1772 610 1798 Razzo
622 1793 628 1803 ‚
644 1773 769 1799 dominus
787 1773 820 1799 de
833 1773 950 1805 Gavera,
968 1774 1097 1808 pincerna
1112 1773 1255 1798 Flaudriae
1265 1793 1272 1803 .,
1291 1777 1317 1799 et
1331 1782 1383 1808 ego
1399 1772 1500 1808 Sophia
1512 1793 1519 1804 ‚
1534 1781 1604 1799 uxor
1617 1773 1677 1807 ejus
1687 1793 1694 1803 ,
1710 1778 1804 1799 notum
1818 1772 1931 1799 facimus

420 1819 606 1854 praesentibus
620 1820 722 1854 pariter
736 1825 763 1845 et
779 1820 879 1846 suturis
889 1841 896 1846 .
915 1820 988 1855 quod
1007 1820 1042 1845 ob
1061 1825 1200 1846 aeternam
1215 1819 1328 1856 gloriam
1349 1828 1420 1854 quae
1433 1820 1460 1845 in
1474 1819 1582 1845 Christo
1595 1824 1636 1845 est
1653 1820 1817 1854 propensius
1836 1829 1933 1846 conse-

420 1866 554 1901 quendam
566 1887 571 1897 ,
585 1871 610 1891 et
622 1867 706 1892 nostri
721 1872 933 1902 nostrorumque
945 1868 1063 1893 oninium
1079 1873 1131 1893 tam
1145 1868 1387 1903 praedecessorum
1400 1876 1481 1902 quam
1493 1876 1683 1892 successorum
1695 1867 1851 1893 memoriam
1864 1867 1934 1894 salu-

420 1918 504 1938 tarem
517 1933 523 1944 ,
540 1912 650 1938 fecimus
668 1919 694 1939 et
708 1914 875 1939 instituimus
890 1919 1050 1949 perpetuam
1070 1913 1249 1949 capellaniam
1264 1914 1290 1939 in
1305 1918 1394 1939 castro
1408 1919 1502 1939 nostro
1515 1913 1588 1948 apud
1604 1913 1755 1939 Lidekerke
1770 1919 1797 1940 et
1811 1914 1933 1940 eamdem

421 1960 593 1995 capellaniam
606 1960 771 1986 contulimus
786 1960 871 1987 libere
882 1966 909 1987 et
921 1961 1046 1987 absolute
1061 1961 1190 1988 ecclesiae
1203 1962 1341 1987 Ninivensi
1351 1982 1357 1993 ‚
1373 1970 1455 1997 quam
1468 1970 1519 1996 per
1531 1970 1616 1987 uuum
1625 1961 1795 1987 sacerdotem
1809 1971 1841 1988 ex
1853 1971 1935 1988 cano-

423 2007 488 2033 nicis
505 2008 561 2033 suis
572 2007 643 2033 dicta
658 2008 770 2034 ecclesia
784 2014 918 2044 perpetuo
936 2008 1017 2035 saciet
1035 2009 1179 2035 deserviri.
1196 2009 1285 2044 Quum
1300 2018 1365 2035 vero
1378 2009 1425 2044 qui
1439 2008 1555 2035 sustinet
1568 2008 1707 2042 laborem⁷
1723 2008 1836 2044 dignum
1850 2013 1893 2035 est
1905 2013 1936 2034 ut

422 2054 500 2080 etiam
521 2054 631 2090 aliquod
646 2055 746 2081 laboris
762 2055 861 2082 habeat
879 2056 1091 2083 emolumentum
1102 2078 1109 2088 ‚
1123 2057 1156 2082 ad
1172 2066 1241 2092 opus
1258 2056 1346 2082 dictae
1360 2056 1528 2092 capellaniae
1546 2056 1655 2082 nomine
1669 2061 1695 2082 et
1708 2056 1790 2082 titulo
1807 2057 1934 2092 perpetui

423 2101 544 2127 beneficii
557 2107 666 2128 centum
681 2103 781 2129 solidos
796 2104 957 2130 flandrensis
974 2109 1099 2130 monetae
1116 2105 1256 2130 annuatim
1269 2104 1435 2130 contulimus
1445 2125 1452 2135 ,
1469 2109 1496 2130 et
1509 2113 1556 2130 eos
1570 2104 1726 2139 praedictae
1739 2103 1877 2130 Ninivensi
1892 2113 1936 2130 ee-

421 2148 516 2174 clesiae
530 2149 563 2174 de
576 2149 728 2175 redditibus
744 2151 844 2176 nostris
859 2151 931 2186 apud
946 2151 1098 2177 Lidekerke
1111 2151 1283 2187 recipiendos
1298 2151 1385 2177 libere
1396 2151 1608 2187 assignavimus5
1625 2155 1653 2177 et
1667 2151 1711 2177 isti
1725 2156 1836 2177 centum
1853 2151 1935 2177 solidi

422 2195 540 2221 solvendi
553 2201 616 2221 sunt
628 2196 750 2231 quolibet
761 2207 831 2223 anno
844 2198 877 2223 ad
890 2198 979 2224 natale
994 2199 1113 2230 Domini,
1127 2204 1153 2224 et
1168 2198 1239 2224 infra
1250 2204 1353 2234 septem
1364 2198 1422 2224 dies
1433 2199 1555 2234 proxime
1566 2198 1655 2233 ipsum
1667 2197 1757 2224 natale
1767 2203 1933 2233 sequentes:

423 2242 455 2267 de
467 2243 566 2276 quibus
581 2243 698 2269 denariis
715 2244 802 2270 solvet
816 2245 955 2270 annuatim
971 2245 1134 2271 Lambertus
1151 2245 1235 2271 Faber
1249 2246 1283 2272 de
1300 2245 1453 2272 Lidelterke
1466 2245 1666 2281 quinquaginta
1678 2244 1780 2270 solidos
1792 2250 1820 2271 et
1830 2254 1876 2271 sex
1889 2245 1938 2271 de—

424 2290 512 2315 narios
523 2311 529 2321 ,
546 2290 645 2325 Symon
660 2291 693 2316 de
708 2291 819 2317 Drische
837 2292 1019 2328 quadraginta
1038 2294 1161 2328 quinque
1175 2293 1276 2319 solidos
1287 2314 1293 2325 ‚
1313 2298 1340 2319 et
1358 2293 1512 2319 Willelmus
1525 2292 1641 2318 Saladin
1661 2298 1782 2327 quatuor
1794 2291 1896 2318 solidos
1909 2297 1937 2319 et

424 2344 468 2361 sex
481 2336 616 2363 denarios.
631 2337 670 2363 Ad
686 2338 767 2372 hujus
783 2344 873 2365 autem
892 2339 1017 2366 beneficii
1032 2341 1212 2366 substantiam
1226 2341 1366 2376 pertinent
1380 2341 1461 2367 etiam
1474 2341 1530 2366 duo
1544 2340 1658 2366 bonaria
1672 2340 1804 2372 nemoris⁷
1818 2339 1936 2374 jacentis

424 2383 449 2407 in
464 2383 591 2417 parochia
604 2384 637 2410 de
651 2384 801 2411 Lidekerke
812 2407 818 2415 ,
834 2386 860 2411 in
878 2386 937 2412 loco
952 2387 998 2422 qui
1011 2387 1112 2413 dicitur
1125 2387 1211 2421 Have,
1227 2397 1298 2423 quae
1312 2387 1367 2414 duo
1381 2387 1495 2413 bonaria
1513 2387 1633 2413 nemoris
1651 2391 1811 2422 praenotata
1823 2386 1937 2413 ecclesia

420 2430 523 2461 jamdiu
540 2431 657 2465 possedit
674 2437 700 2458 et
714 2433 804 2460 adhuc
822 2434 958 2468 possidet,
974 2440 1000 2461 et
1013 2444 1121 2471 semper
1134 2435 1275 2471 possidere
1288 2435 1370 2462 debet
1380 2456 1387 2466 ,
1407 2441 1433 2461 et
1454 2435 1505 2462 hoc
1518 2435 1606 2461 eidem
1621 2434 1752 2460 ecclesiae
1764 2434 1937 2470 recognosci-
