2137 3131
428 393 493 427 116
765 391 938 427 CORPUS
965 391 1293 426 CHRONICORUM
1322 393 1585 427 FLANDRIAE.

426 501 659 548 Carpeutarii7
689 500 825 533 abbatis
854 499 945 532 tertii
969 498 1110 532 decimi.
1133 499 1201 540 Qui
1229 499 1375 546 quidem
1395 501 1503 534 abbas
1525 499 1669 547 quando
1695 501 1763 533 fuit
1781 508 1934 543 creatus„

426 561 553 594 invenit
584 558 833 592 monasterium
861 558 895 591 in
924 558 1163 604 spiritualibus
1185 565 1219 592 et
1240 560 1494 604 temporalibus
1518 560 1563 593 ita
1587 559 1811 595 ordinatum.
1840 559 1937 605 quod

426 619 517 652 nulla
535 616 742 650 monasteria
760 616 871 649 vicina
888 617 951 650 sibi
968 622 1131 662 poterant
1145 618 1348 663 coaequari:
1367 617 1427 650 sed
1443 618 1610 665 religione
1623 645 1631 660 a
1649 617 1885 663 hospitalitate
1904 625 1934 651 et

425 675 650 720 eleemosynis
675 674 843 708 faciendis
870 682 1004 709 caetera
1038 675 1151 708 vicina
1185 676 1394 709 monasteria
1428 677 1670 722 praecellebat.
1704 676 1752 709 Eo
1780 683 1938 722 tempore

424 736 566 769 vestitus
590 734 653 767 fuit
681 733 846 781 Aegidius
864 734 911 767 Lc'
930 734 1063 775 stlusz's„
1093 746 1186 767 anno
1204 732 1366 767 videlicet
1388 734 1477 768 MCC
1499 735 1714 782 octogesimo
1738 746 1851 777 nono7
1875 735 1937 781 qui

424 799 540 839 postea
567 793 674 826 abbas
699 793 824 825 claruit
850 799 885 825 et
905 793 990 826 haec
1014 793 1131 825 onmia
1155 792 1344 825 memoriae
1368 792 1641 826 commendavit.
1664 794 1703 826 Et
1727 799 1827 826 erant
1854 799 1937 827 tune

424 851 591 896 temporis
615 851 649 883 in
678 851 890 883 monasterio
915 857 949 883 et
971 857 1087 893 extra„
1118 850 1154 883 in
1185 850 1398 896 prioratibus
1425 857 1459 884 et,
1483 850 1649 884 domibus
1671 864 1731 884 seu
1757 851 1933 894 curtibus,

422 910 600 956 sexaginta
620 916 654 942 et
673 922 764 942 unus
786 909 951 942 monachi
975 915 1009 941 et
1035 909 1194 955 quinque
1223 909 1381 942 conversi
1406 916 1439 943 et
1465 909 1595 943 familia
1623 910 1734 944 multa
1755 910 1870 943 nimis.
1896 911 1938 944 Et

423 968 590 1001 instinctu
619 967 749 1000 diaboli
783 967 896 1012 coepit
924 967 1032 1000 abbas
1059 967 1260 1013 praedictus
1285 968 1462 1015 negligere
1488 968 1681 1014 spiritualia
1710 975 1742 1002 et
1773 980 1939 1014 expensas

423 1038 567 1073 magnas
594 1026 729 1067 faceret
751 1025 913 1059 omittere
932 1026 1168 1059 correctiones
1189 1032 1224 1059 et
1249 1025 1504 1071 eleemosynas7
1532 1026 1652 1073 sieque
1679 1027 1793 1072 coepit
1820 1026 1939 1061 debita

422 1086 535 1118 faeere
554 1083 764 1117 multimoda
783 1083 827 1117 ad
846 1096 969 1116 usuras
982 1111 989 1125 ·,
1010 1084 1157 1117 vallatus
1176 1083 1321 1117 consilio
1341 1084 1534 1117 multorum
1550 1085 1824 1118 monachorum.
1847 1098 1937 1132 quos

421 1143 583 1191 regimini
609 1142 809 1176 monasterii
831 1142 1067 1187 praeficiebat.
1091 1142 1178 1185 Qui,
1200 1142 1354 1175 volentes
1372 1142 1408 1175 in
1430 1142 1501 1175 suis
1520 1142 1640 1176 officiis
1659 1149 1694 1176 et
1712 1142 1937 1177 administra-

419 1203 576 1236 tionibus
609 1212 810 1243 remanere7
844 1199 931 1233 nihil
962 1199 1251 1233 contradicebant
1281 1199 1379 1245 quod
1407 1207 1495 1233 esset
1522 1200 1739 1234 contrarium
1767 1201 1937 1246 praedicti

421 1262 557 1296 abbatis
581 1259 769 1300 voluntatig
792 1259 871 1292 licet
893 1258 1023 1304 pluries
1045 1259 1151 1304 aliqui
1174 1258 1218 1291 de
1242 1265 1418 1292 conventu
1439 1259 1641 1304 supradicta
1665 1258 1851 1293 ordinariis
1869 1259 1936 1294 do-

419 1321 523 1354 minis
541 1320 712 1366 episcopis
740 1318 1021 1351 'fornacensibus
1046 1317 1324 1350 denuntiassent.
1352 1317 1420 1357 Qui
1444 1317 1590 1363 quidem
1609 1317 1777 1351 ordinarii
1800 1318 1835 1351 in
1864 1319 1935 1352 suis

421 1379 677 1413 visitationibus
701 1378 818 1423 plures
842 1377 1003 1410 fecerunt
1027 1388 1210 1422 processus
1236 1382 1357 1409 contra
1386 1375 1521 1409 dictum
1549 1376 1712 1410 abbatem
1745 1383 1779 1409 et
1802 1376 1937 1422 aliquos

422 1438 633 1480 monachos„
657 1436 824 1479 maxime,
853 1436 935 1482 quia
961 1436 1187 1469 alienationes
1214 1436 1391 1468 bonorum
1418 1435 1619 1469 monasterii
1643 1434 1687 1468 ad
1713 1435 1820 1468 vitam
1847 1435 1937 1469 inci-

421 1498 566 1544 piebant
583 1496 671 1529 fieri.
694 1495 735 1528 Et
752 1494 800 1527 sic
816 1500 909 1527 tanta
930 1493 1154 1527 incommoda
1173 1494 1398 1539 inceperunt5
1419 1492 1517 1540 quod
1539 1494 1684 1540 longum
1706 1500 1796 1527 esset
1818 1494 1937 1528 onmia

421 1557 567 1590 recitare
580 1582 587 1587 .
613 1561 647 1588 et
666 1553 790 1587 melius
812 1560 863 1586 est
886 1553 1031 1586 reticere
1052 1566 1159 1599 quam
1179 1552 1342 1600 detegere
1356 1580 1364 1592 ἢ
1386 1553 1468 1599 quia
1488 1551 1678 1598 aliquando
1697 1559 1801 1586 nocet
1817 1553 1936 1586 omnia

422 1627 502 1648 vera
519 1613 629 1659 loqui.
652 1612 810 1646 Praefuit
827 1618 945 1645 autem
962 1612 1069 1644 abbas
1088 1610 1310 1657 supradictus
1324 1611 1424 1644 annis
1438 1610 1565 1643 XXVII
1580 1625 1588 1651 ς
1605 1610 1751 1657 ejusque
1763 1617 1820 1645 ten
1829 1612 1936 1658 apori-

420 1674 500 1716 bus7
518 1673 608 1706 forte
622 1671 772 1717 peccatis
785 1670 1022 1717 exigentibus„
1040 1670 1286 1703 afflictionibus
1300 1669 1484 1702 antedictis
1497 1681 1730 1714 supervenere
1743 1669 1933 1717 graviores.

420 1733 509 1767 Nam
534 1743 680 1779 guerrae
706 1729 933 1763 Flandrenses
962 1729 1244 1771 insurrexerunt¹7
1272 1735 1306 1761 et
1328 1728 1473 1761 fuerunt
1499 1726 1661 1762 incendia
1684 1727 1874 1762 domorum
1899 1728 1935 1762 in

420 1798 559 1824 tantum
573 1817 581 1833 ἦ
604 1789 701 1836 quod
722 1789 844 1836 viginti
870 1795 905 1821 et
928 1787 1019 1821 duae
1041 1794 1157 1822 curtes
1178 1787 1222 1821 ad
1242 1788 1495 1821 monasterium
1515 1787 1730 1833 pertinentes
1749 1798 1936 1821 succensae

421 1850 586 1891 fuerunt.¹
609 1848 699 1881 inter
714 1859 800 1893 quas
822 1853 919 1879 crant
939 1846 1076 1892 aliquae
1095 1846 1259 1879 nobiliter
1276 1845 1491 1879 aedificatae.
1512 1845 1554 1878 Et
1571 1845 1616 1878 ab
1635 1845 1703 1878 hoc
1721 1846 1816 1879 venit
1832 1846 1935 1879 steri-

421 1908 497 1941 litas
523 1914 715 1949 terrarunL
746 1904 844 1952 quod
867 1905 1019 1938 incultae
1044 1911 1298 1938 remanserunt.
1327 1904 1397 1938 Nec
1419 1911 1535 1937 tamen
1559 1910 1705 1950 propter
1730 1903 1799 1938 hoe
1821 1916 1935 1938 cessa-

420 1967 506 2000 bant
520 1977 689 2011 expensae
708 1964 865 2006 illicitae7
887 1962 947 1996 sed
966 1963 1097 1997 fiebant
1112 1963 1337 1997 alienationes
1356 1963 1529 2008 plurimae
1543 1961 1588 1996 ad
1599 1962 1720 1996 vitam.
1742 1961 1935 2009 Coepitque

421 2024 589 2069 paulatim
610 2023 734 2057 caritas
761 2022 985 2070 refrigescere
1008 2022 1043 2055 in
1068 2022 1280 2055 monasterio
1301 2028 1335 2054 et
1352 2021 1571 2067 hospitalitas
1590 2021 1763 2065 rex‘oeari7
1785 2033 1825 2055 ac
1844 2021 1936 2055 elee—

422 2095 568 2128 mosyna
586 2082 753 2115 minorari
773 2088 807 2114 et
823 2081 951 2115 omitti.
974 2081 1015 2114 Et
1033 2080 1263 2114 dissentiones
1286 2081 1377 2113 inter
1394 2080 1559 2114 abbatem
1579 2086 1614 2113 et
1632 2079 1824 2113 monachos
1838 2080 1936 2114 ince-

419 2147 545 2186 perunt
560 2167 568 2183 .,
606 2152 646 2174 ac
680 2140 829 2173 invicem
861 2138 1044 2172 dissentire
1079 2145 1286 2184 coeperunt.
1335 2139 1375 2172 Et
1414 2138 1531 2185 coepit
1572 2137 1648 2172 dari
1682 2138 1831 2184 pecunia
1868 2150 1933 2184 pro

421 2198 635 2233 vestimentis
657 2204 689 2230 et
712 2197 955 2230 calceamentis
982 2197 1018 2230 in
1043 2196 1137 2230 dicto
1161 2197 1394 2240 monasterio,
1419 2203 1454 2230 et
1476 2196 1581 2230 etiam
1607 2197 1643 2229 in
1663 2196 1749 2230 aliis.
1776 2195 1933 2230 Tandem

420 2257 533 2290 dictus
555 2256 662 2289 abbas
684 2255 800 2301 eoepit
818 2254 993 2288 debilitari
1015 2261 1049 2288 et
1067 2266 1246 2288 senescere
1265 2262 1299 2288 et
1318 2255 1448 2288 habere
1469 2255 1687 2288 voluntatem
1709 2253 1931 2302 resignandi,

421 2322 474 2357 ct7
497 2321 671 2348 conventu
690 2313 865 2347 nesciente
878 2340 886 2352 r
907 2312 1005 2346 dedit
1023 2314 1085 2346 uni
1105 2313 1280 2346 monacho
1303 2313 1367 2346 sibi
1383 2313 1545 2346 familiari
1563 2311 1745 2359 quoddam
1763 2324 1935 2358 procura-

419 2374 550 2407 torium
569 2375 750 2408 continens
769 2380 978 2420 potestatem
1000 2372 1218 2421 resignandi,
1240 2373 1323 2420 quia
1341 2372 1521 2406 familiaris
1542 2378 1616 2406 erat
1634 2370 1827 2405 reverendo
1841 2371 1932 2417 patri

420 2431 566 2465 domino
580 2431 759 2477 Stephano
779 2431 822 2465 de
843 2431 1008 2477 Suysiaco
1027 2439 1113 2466 tunc
1132 2431 1301 2477 temporis
1319 2430 1501 2465 cardinali.
1523 2430 1622 2471 Quae
1641 2441 1694 2463 res
1713 2430 1872 2475 pervenit
1888 2429 1934 2463 ad

418 2490 579 2523 notitiam
602 2497 806 2524 conventus.
838 2490 988 2535 Propter
1005 2503 1113 2537 quam
1133 2502 1273 2525 causam
1296 2490 1411 2538 gravis
1428 2489 1524 2523 venit
1545 2488 1712 2522 dissentio
1732 2488 1768 2521 in
1791 2500 1934 2523 monas-
