2137 3131
483 382 554 418 6524
823 377 996 414 CORPUS
1023 375 1351 412 CHRONICORUM
1379 375 1641 410 FLANDRIAE.

483 490 669 524 voluerunt
681 514 689 530 ,
711 487 771 520 Dei
790 493 823 519 et
839 485 965 520 Christi
981 484 1055 529 ejus
1071 483 1265 529 potentiam
1282 494 1470 530 agnoscere
1489 490 1524 517 et
1538 484 1639 518 fateri
1656 491 1739 517 sunt
1757 486 1879 518 coacti.
1902 486 1985 519 Post

483 546 741 581 Theodericum
756 556 874 591 regem
889 543 1101 576 Francorum
1117 542 1275 589 regnavit
1290 540 1463 576 Hildricus
1477 543 1576 576 annis
1590 555 1623 576 x.
1642 541 1790 576 Sanctus
1808 542 1984 578 Hubertus

483 604 599 639 Leodii
621 603 781 650 migravit
801 601 845 635 ad
868 600 1072 634 Dominum.
1097 599 1281 633 Zacharias
1306 612 1397 646 papa
1416 599 1591 646 praesidet
1608 601 1640 646 xj
1661 601 1772 634 annis.
1798 600 1860 635 Hic
1879 601 1985 636 libros

481 663 699 709 dialogorum
719 660 877 708 Gregorii
896 660 931 693 in
950 671 1111 707 graecam
1130 659 1286 706 linguam
1305 659 1498 702 convertit,
1517 666 1551 693 et
1569 671 1650 693 cum
1666 659 1906 707 Longobardis
1921 672 1985 706 pa-

479 733 553 755 cem
569 720 732 762 firmavit,
744 725 779 752 et
794 730 957 766 magnam
967 717 1245 751 benevolentiam
1260 718 1296 750 in
1310 718 1475 751 omnibus
1489 717 1654 752 ostendit.
1672 720 1773 752 Anno
1790 717 1981 761 DCCXLII.¹

481 785 602 824 pacato
612 778 684 823 jam
700 784 734 811 et
747 777 891 811 dilatato
907 777 1119 810 Francorum
1135 788 1257 823 regno,
1274 776 1420 810 Karolus
1434 776 1610 810 Martellus
1621 777 1805 811 bellicosus
1820 777 1983 823 princeps

480 838 570 880 obit.
593 843 627 870 et
645 837 733 870 filios
756 848 836 870 suos
855 835 1131 869 Karlomannum
1150 841 1184 868 et
1202 835 1411 880 Pippinum7
1434 842 1669 883 cognomento
1690 836 1859 879 Parvum,
1881 836 1983 881 prin-

480 897 613 942 cipatus
627 907 842 929 successores
860 894 1015 940 reliquit.
1033 894 1082 928 De
1100 894 1168 927 hoc
1184 893 1309 928 Karolo
1328 900 1420 928 certa
1437 894 1626 928 traditione
1639 907 1701 940 per
1719 895 1849 928 litteras
1863 901 1983 940 poste—

477 954 569 988 ritati
592 953 796 987 mandatum
817 959 887 996 est.
909 951 1008 998 quod
1024 952 1097 998 ipse
1116 964 1170 985 res
1188 952 1413 986 ecclesiarum
1432 952 1444 973 ¹
1463 960 1498 986 et
1516 952 1669 986 decimas
1689 965 1752 999 pro
1772 953 1982 987 militaribus

476 1012 657 1059 stipendiis
676 1012 811 1058 primus
829 1010 927 1045 dedit
945 1011 1114 1044 militibus
1127 1038 1135 1053 7
1155 1023 1219 1057 pro
1238 1023 1310 1057 quo
1328 1012 1402 1045 solo
1420 1023 1515 1045 nunc
1531 1024 1551 1045 a
1569 1012 1696 1045 sanctis
1713 1023 1803 1058 quos
1821 1011 1982 1057 spoliavit

473 1070 651 1117 judicatus
666 1071 803 1104 inferno
818 1070 974 1104 inferiori
984 1097 992 1113 e
1009 1070 1114 1103 etiam
1128 1082 1211 1104 cum
1226 1082 1373 1116 corpore
1386 1071 1545 1117 torqueri
1558 1071 1652 1104 visus
1668 1077 1719 1104 est
1732 1071 1777 1104 ab
1792 1070 1978 1113 EucheriQ

477 1130 714 1164 Aurelianensi
728 1129 910 1175 episcopm
927 1128 971 1162 de
986 1129 1087 1175 cujus
1102 1128 1263 1174 sepulcro
1275 1156 1283 1171 7
1301 1141 1384 1162 cum
1399 1128 1493 1162 idem
1512 1129 1698 1175 episcopus
1713 1129 1762 1162 rei
1776 1128 1958 1162 veritatem
1968 1155 1977 1171 ‚

477 1188 642 1222 adhibitis
656 1188 819 1230 testibus.
838 1187 976 1220 Parisiis
990 1186 1034 1220 ad
1048 1193 1208 1220 sanctum
1225 1187 1430 1233 Dyonisium
1448 1187 1662 1233 exploraret.
1683 1186 1872 1220 draconem
1887 1186 1980 1220 exire

476 1246 563 1280 vidit
586 1246 728 1294 nigrum
751 1252 786 1278 et
807 1245 1026 1278 horribilem.
1051 1245 1250 1278 Bonifacius
1269 1245 1553 1291 archiepiscopus
1572 1245 1782 1279 coenobium
1807 1244 1980 1278 Voldense

476 1305 636 1339 fundavit
655 1305 690 1337 in
713 1316 803 1351 pago
825 1303 1084 1351 Moguntiensi3
1108 1303 1355 1337 Constantinus
1374 1304 1584 1349 imperator7
1605 1311 1702 1349 patre
1721 1304 1832 1351 magis
1849 1304 1979 1350 impius

476 1371 510 1397 et
528 1362 723 1397 antichristi
742 1374 968 1408 praecursor.
997 1361 1262 1395 Archabasdum
1276 1388 1285 1405 a
1310 1362 1371 1408 qui
1393 1369 1514 1396 contra
1536 1375 1617 1396 eum
1640 1362 1828 1408 imperium
1850 1374 1979 1408 rapue-

476 1428 542 1464 rat7
559 1421 664 1466 capit,
684 1427 718 1454 et
733 1420 763 1453 ei
778 1421 968 1466 multisque
981 1421 1175 1454 amicorum
1191 1420 1265 1466 ejus
1279 1421 1399 1454 oculos
1413 1421 1517 1454 eruit.
1536 1421 1636 1455 Tunc
1649 1421 1818 1466 temporis
1833 1421 1919 1454 cinis
1933 1420 1978 1455 de

476 1480 572 1514 coelo
594 1486 634 1513 ut
657 1480 773 1525 pluvia
796 1479 934 1513 cecidit.
962 1479 1131 1525 Lapidato
1154 1478 1352 1525 Stephano7
1378 1481 1620 1525 persecutione
1643 1481 1679 1512 in
1705 1479 1838 1513 ,Iudaea
1861 1486 1975 1521 mota7

475 1551 566 1573 unus
580 1538 623 1572 de
640 1539 693 1572 lxx
705 1538 831 1572 Christi
845 1537 1024 1584 discipulis
1037 1537 1081 1571 ad
1097 1538 1221 1571 Gallias
1235 1539 1406 1572 transiens
1416 1565 1423 1571 .
1440 1538 1586 1572 Mariam
1601 1538 1843 1586 Magdalenam
1857 1549 1977 1571 secum

475 1597 639 1640 adduxit7
666 1608 814 1643 eamque
837 1596 932 1642 apud
956 1598 1154 1642 Aquensem
1178 1597 1302 1630 urbem
1326 1597 1503 1642 sepelivim,
1525 1609 1615 1643 quae
1633 1603 1752 1642 postea
1770 1608 1832 1641 per
1849 1595 1977 1630 Gerar—

474 1656 560 1690 dum
573 1683 581 1699 e
602 1655 827 1703 Burgundiae
850 1655 1014 1688 comitem
1027 1681 1035 1697 ·,
1057 1654 1102 1688 ad
1123 1654 1336 1689 Viceliacum
1354 1655 1565 1688 coenobium
1586 1655 1621 1688 in
1640 1653 1847 1702 Burgundia
1861 1660 1977 1688 trans-

474 1715 540 1748 lata
559 1720 622 1747 est.
644 1713 788 1761 Legitur
806 1720 923 1746 tamen
945 1712 1043 1759 quod
1062 1712 1156 1759 apud
1176 1713 1353 1759 Ephesum
1371 1714 1510 1760 integro
1528 1725 1693 1759 corpore2
1715 1713 1853 1746 nullum
1871 1724 1977 1759 super

473 1785 508 1806 se
527 1779 668 1820 tegmen
688 1772 837 1813 habens.
860 1771 1067 1817 requiescat.
1090 1771 1213 1804 Petrus
1232 1772 1467 1805 Damascenus
1491 1772 1747 1817 martyrizatur.
1772 1771 1973 1819 Atalingus,

472 1831 654 1877 presbyter
677 1841 819 1872 caecus.
845 1829 994 1863 inventis
1016 1830 1224 1875 corporibus
1247 1837 1449 1864 sanctorum
1475 1829 1599 1863 Kiliani
1624 1836 1658 1863 et
1682 1830 1858 1863 sociorum
1879 1829 1972 1875 ejus,

471 1890 584 1923 visum
599 1889 749 1934 recepit3
767 1901 831 1934 pro
849 1900 918 1934 qua
933 1900 969 1921 re
983 1888 1183 1922 Bonifacius
1200 1888 1482 1935 archiepiscopus
1500 1888 1544 1922 ad
1559 1888 1763 1922 eorumdem
1779 1895 1974 1935 martyrum

471 1949 643 1982 honorem
661 1947 935 1990 Wirsenburch,
952 1947 1053 1993 cujus
1067 1948 1182 1981 fuerat
1195 1947 1350 1981 Kilianus
1368 1960 1387 1981 a
1401 1947 1544 1982 Conone
1564 1960 1654 1993 papa
1673 1948 1857 1993 episcopus
1875 1946 1975 1981 ordi-

472 2012 591 2048 natus7
613 2006 799 2051 episcopali
822 2004 903 2039 sede
924 2006 1114 2053 insignivit.
1145 2006 1419 2050 Karlomannus,
1447 2006 1555 2040 frater
1579 2006 1741 2052 Pippini,
1765 2018 1784 2039 a
1806 2005 1974 2040 Zacharia

471 2076 560 2110 papa
575 2064 611 2097 in
626 2064 840 2098 monachum
857 2070 1032 2105 attonsus„
1050 2065 1165 2110 primo
1180 2065 1216 2098 in
1231 2064 1366 2111 Sarepti
1380 2072 1518 2108 monte7
1535 2064 1663 2099 deinde
1682 2064 1778 2110 apud
1792 2064 1972 2098 Cassinum

471 2121 636 2156 laudabili
655 2122 723 2156 vita
738 2122 876 2156 enituit.
895 2122 1066 2168 Pippinus
1082 2122 1277 2166 Grifonem,
1294 2124 1438 2157 fratrem
1457 2135 1580 2166 suum.
1601 2123 1665 2156 sibi
1681 2122 1846 2156 rebellem
1864 2123 1971 2168 capit,

470 2181 572 2227 eique
585 2180 621 2213 in
640 2180 801 2215 Neustria
818 2181 862 2226 xij
882 2181 1068 2215 comitatus
1085 2181 1260 2216 concedit.
1277 2182 1436 2225 Racisus,
1457 2194 1516 2216 rex
1535 2181 1869 2230 Longobardorum,
1885 2181 1972 2215 dum

470 2238 616 2272 Romam
634 2239 828 2285 inquietare
852 2239 993 2283 nititur,
1021 2252 1040 2273 a
1061 2240 1229 2274 Zacharia
1251 2253 1341 2287 papa
1367 2253 1437 2275 non
1461 2241 1574 2274 solum
1595 2253 1614 2274 a
1640 2240 1732 2274 malo
1749 2240 1972 2286 reprimitur,

470 2296 530 2330 sed
548 2298 622 2343 ejus
639 2297 807 2331 instinctu
824 2309 906 2331 cum
920 2310 1028 2331 uxore
1046 2304 1081 2332 et
1095 2298 1174 2332 filiis
1193 2299 1340 2333 Romam
1358 2299 1501 2333 veniens
1520 2298 1715 2332 monachus
1729 2298 1896 2340 efficitur3
1916 2298 1972 2332 cui

470 2355 625 2390 succedit
642 2356 832 2390 Haistulfus
850 2357 958 2390 frater
974 2357 1062 2402 ejus.

508 2440 516 2457 ¹
538 2441 612 2467 Hanc
622 2442 646 2467 ei
658 2441 745 2468 labem
756 2442 917 2469 inurendam
928 2452 981 2469 non
992 2452 1066 2473 esse,
1078 2443 1196 2478 probare
1244 2444 1314 2479 sense
1326 2443 1357 2470 de
1369 2443 1477 2470 charles
1488 2443 1593 2471 Marlel.
1608 2443 1731 2470 Olim-ns
1745 2453 1851 2475 nonin,
1864 2448 1931 2469 tom.
1945 2442 1971 2477 1,

469 2490 581 2512 conatus
597 2492 637 2513 est
650 2486 772 2513 Cl.-J.-J.
786 2488 920 2523 Raepsaet
932 2488 959 2514 in
974 2488 1108 2523 opusculo
1122 2498 1129 2515 ι
1144 2489 1197 2515 De'-
1246 2499 1310 2525 pag.
1325 2490 1376 2516 ⁶281
1394 2491 1505 2526 et-suiv.
