2137 3131
505 382 573 415 616
850 379 1024 414 CORPUS
1051 378 1380 413 CHRONICORUM
1410 378 1674 413 FLANDRIAE.

508 490 598 524 fatus
627 502 705 522 sum
721 515 729 530 7
759 500 815 521 sex
844 487 968 535 genuit
994 486 1122 519 liberos
1138 513 1146 528 ‚
1180 486 1395 520 Dalmacium
1421 486 1553 520 scilicet
1579 492 1613 519 et
1640 485 1909 520 Constantinum
1935 500 2017 521 curn

508 547 647 593 reliquis
672 552 825 591 quatuor
850 558 856 577 ε
880 556 1034 590 quorum
1058 544 1253 577 Dalmacius
1272 544 1396 591 genuit
1414 543 1522 577 alium
1544 544 1761 578 Dalmacium
1783 551 1817 578 et
1845 544 2016 578 Constan-

506 606 619 638 tinum
636 630 644 645 ,
670 610 805 648 patrem
830 602 977 648 praefati
1003 602 1089 636 Galli
1116 608 1150 635 et
1177 602 1305 635 Juliani
1331 602 1442 635 istius.
1475 603 1535 636 Hic
1563 601 1649 635 dum
1678 601 1796 635 adhuc
1822 603 2016 636 monachus

505 669 593 696 esset
606 689 613 703 τ
634 661 695 694 sed
715 661 821 694 falsus
838 667 873 694 et
887 661 1086 706 hypocrita7
1108 660 1310 708 diligentiae
1325 673 1407 694 suae
1421 661 1682 695 commendavit
1697 660 1871 707 quaedam
1893 661 2018 694 mulier

504 728 573 754 tres
597 720 681 753 ollas
708 720 809 762 auri7
836 719 988 765 desuper
1010 726 1188 753 contectas
1210 720 1347 762 cincre.³
1377 720 1442 753 sibi
1468 720 1593 753 timore.
1620 732 1750 753 werrae
1775 718 2014 753 reservandas.

504 780 571 820 Qui
592 792 718 812 aurum
742 779 831 812 clam
854 778 1063 812 exhauriens
1083 778 1221 812 mulieri
1246 779 1433 812 revertenti
1451 779 1535 812 ollas
1554 778 1710 812 reddidit
1727 779 1860 824 opletas
1878 778 1994 811 cinere
2008 805 2017 820 ⁷

503 845 609 883 atque
632 837 838 883 hujusmodi
864 837 1053 877 thesauro,
1084 836 1199 882 primo
1222 836 1265 870 ad
1290 837 1513 870 consulatum
1532 864 1540 879 7
1565 836 1710 870 demum
1734 843 1874 870 evectus
1897 842 1949 869 est
1974 835 2018 869 ad

504 896 704 941 imperium.
725 894 912 928 Idololatra
929 901 963 928 et
976 895 1250 928 christianorum
1267 901 1471 940 persecutor
1484 894 1629 928 effectus
1643 901 1705 928 est.
1725 894 1793 935 Qui
1805 894 1912 927 vitam
1932 905 2019 940 quo—

503 966 572 1000 que
599 954 768 999 profitens
791 953 1073 999 philosophicam
1093 980 1101 996 7
1126 953 1220 986 solus
1247 959 1326 998 post
1350 952 1482 986 Julium
1509 952 1689 986 Caesarem
1716 953 1751 986 in
1778 959 1901 986 senatu
1926 963 2019 986 com-

503 1019 621 1046 menta
641 1012 813 1045 librorum
829 1012 1000 1046 recitavit.
1020 1012 1087 1045 Iste
1103 1011 1235 1046 Judeos
1253 1011 1297 1045 de
1315 1012 1401 1045 orbe
1415 1018 1590 1045 terrarum
1606 1024 1803 1045 convocans
1816 1039 1824 1054 7
1845 1011 2018 1057 templum

504 1072 538 1104 in
558 1071 828 1116 Jherosotymis,
857 1071 1092 1116 imperatoriis
1115 1070 1274 1116 expensis
1296 1083 1355 1103 eos
1378 1082 1529 1118 cogens„
1552 1069 1776 1104 reaedificare
1795 1070 2018 1103 hortabatur.

504 1129 572 1169 Qui
600 1141 689 1174 opus
717 1128 943 1174 pertinaciter
965 1129 1118 1176 aggressi
1147 1129 1275 1162 talibus
1303 1135 1386 1162 sunt
1412 1128 1550 1163 indiciis
1575 1128 1744 1162 divinitus
1766 1128 1949 1174 prohibiti.
1980 1128 2019 1162 ln

503 1195 606 1222 nocte
625 1200 716 1234 quac
736 1187 781 1221 ad
801 1187 1041 1233 incipiendum
1062 1200 1152 1233 opus
1169 1188 1240 1221 sola
1260 1188 1430 1230 restabat,
1454 1194 1565 1221 terrae
1585 1194 1681 1221 motu
1704 1187 1903 1220 vehementi
1918 1199 2020 1221 saxo-

505 1259 583 1280 rum
604 1245 786 1293 congerics
805 1245 1043 1293 dispergiturg
1070 1246 1227 1291 porticus
1250 1246 1285 1278 in
1310 1246 1441 1292 quibus
1464 1246 1661 1291 pausabant
1683 1245 1849 1291 praefecti
1869 1257 2021 1291 operan-

502 1306 614 1349 tium2
641 1305 725 1351 ipsis
751 1305 927 1350 oppressis
945 1331 953 1347 7
983 1305 1275 1350 complanantur:
1304 1305 1431 1352 globus
1458 1305 1582 1352 igneus
1607 1310 1684 1337 orto
1707 1305 1780 1349 jam
1804 1304 1875 1337 sole
1901 1304 2019 1337 subito

503 1375 739 1410 prorumpens
753 1363 798 1396 ab
817 1362 902 1396 aede
918 1363 952 1395 in
968 1375 1038 1409 qua
1058 1363 1288 1396 servabantur
1308 1363 1521 1396 ferramenta
1540 1369 1573 1395 et
1598 1375 1661 1408 per
1680 1361 1837 1395 medium
1858 1362 1991 1408 plateae
2009 1390 2016 1404 ·,

504 1424 632 1456 iterum
648 1421 858 1467 saepiusque
873 1427 908 1454 et
922 1421 1205 1467 frequentissime
1220 1433 1283 1466 per
1292 1427 1401 1454 totam
1413 1421 1506 1454 illam
1520 1421 1628 1463 diem,
1646 1432 1869 1466 percurrens5
1886 1420 2020 1454 adustis

504 1492 594 1526 quos
612 1480 743 1525 reperit
761 1478 881 1512 Judeis
900 1478 1052 1513 flammis
1070 1479 1267 1518 ultricibus.¹
1284 1480 1518 1512 temeritatem
1537 1480 1694 1525 ipsorum
1711 1479 1907 1512 coercebat.
1927 1479 2021 1512 Tali-

502 1546 555 1572 ter
577 1539 695 1584 itaque
713 1550 835 1571 omnes
854 1537 1032 1570 Christum
1054 1538 1243 1570 Dominum
1263 1537 1405 1571 credere
1427 1538 1645 1585 cogebantur
1665 1537 1784 1580 inviti,
1810 1544 1845 1570 et
1866 1549 1910 1570 ne
1933 1537 2019 1571 haec

505 1609 586 1631 casu
614 1596 689 1629 fieri
717 1595 947 1629 crederentur
964 1622 972 1638 7
1000 1596 1036 1628 in
1065 1596 1224 1641 sequenti
1253 1602 1355 1629 nocte
1384 1596 1418 1628 in
1445 1596 1661 1628 vestimentis
1687 1595 1848 1628 omnium
1877 1595 2018 1643 signum

505 1656 619 1689 crucis
644 1655 747 1702 nigro
767 1654 882 1688 colore
907 1654 954 1687 ita
977 1653 1119 1687 evidens
1142 1654 1327 1700 apparuit,
1353 1660 1393 1687 ut
1414 1654 1511 1687 nullo
1536 1665 1665 1701 genere
1687 1653 1731 1687 ab
1751 1653 1869 1699 aliquo
1892 1653 2021 1687 valeret

504 1714 660 1755 aboleri3
684 1725 724 1747 ac
745 1713 781 1746 in
809 1713 969 1759 sequenti
995 1719 1098 1746 nocte
1121 1719 1155 1746 et
1176 1712 1233 1746 die
1260 1713 1400 1760 signum
1427 1712 1539 1746 crucis
1562 1711 1749 1758 splendens
1774 1712 1810 1745 in
1832 1712 1929 1745 coelo
1957 1724 2021 1758 ap-

503 1773 632 1819 paruit⁴

552 1831 734 1864 Invenitur
747 1830 845 1876 quod
859 1830 927 1864 hoc
941 1837 1101 1876 tempore
1117 1831 1273 1864 Donatus
1287 1830 1538 1878 grammaticus
1552 1830 1682 1864 Romae
1697 1857 1704 1872 7
1721 1836 1928 1875 praeceptor
1940 1829 2019 1864 ,lhe-

505 1890 662 1936 ronymi7
680 1888 725 1922 ad
740 1889 955 1935 impietatem
968 1888 1195 1923 declinaverit
1209 1889 1337 1923 Juliani
1351 1916 1359 1932 ,Ι
1377 1895 1498 1923 contra
1510 1901 1616 1935 quem
1635 1889 1833 1922 Priscianus
1846 1900 1882 1922 se
1897 1889 2019 1933 erexit,

504 1948 619 1982 cultor
638 1960 848 1993 permanens
866 1948 1033 1981 veritatis.
1056 1948 1189 1996 Pagani
1209 1947 1305 1994 apud
1326 1947 1493 1981 Sebasten
1513 1948 1716 1994 sepulcrum
1735 1947 1906 1981 Johannis
1928 1948 2020 1993 Bap-

502 2005 803 2049 tistaeinvadunt7
821 2018 897 2040 ossa
908 2013 1136 2040 concremant
1150 2013 1184 2040 et
1198 2006 1419 2057 dispergurnt.
1440 2007 1516 2040 Duo
1528 2007 1714 2049 monachi7
1732 2019 1823 2052 quae
1837 2007 2019 2052 subripere

505 2071 712 2109 potuerunt7
726 2064 770 2098 ad
788 2064 994 2110 Philippum
1013 2065 1177 2098 abbatem
1192 2077 1295 2099 suum
1316 2065 1534 2099 detulerunt.
1554 2066 1712 2099 Julianus
1729 2065 1804 2113 lege
1817 2065 2018 2111 prohibuit,

505 2135 547 2156 ne
575 2123 756 2156 christiani
785 2122 947 2157 doctores
976 2130 1092 2157 essent.
1118 2124 1171 2157 vel
1199 2123 1379 2158 auditores
1404 2124 1533 2157 artium
1564 2123 1774 2157 liberalium.
1806 2124 1843 2156 ln
1874 2123 2020 2157 Tusciae

503 2181 643 2215 civitate
653 2181 784 2224 Aretio7
798 2181 955 2214 Donatus
969 2181 1156 2227 episcopus
1170 2182 1431 2228 martyrizatum
1449 2182 1511 2228 qui
1526 2182 1677 2215 fractum
1692 2194 1710 2214 a
1721 2182 1864 2229 paganis
1878 2181 2020 2215 calicem

504 2238 640 2273 orando
667 2240 886 2273 restauravit.
918 2240 1049 2273 Romae
1078 2240 1277 2274 Gordianus
1304 2247 1338 2274 et
1360 2240 1572 2286 Epimachus
1596 2240 1765 2286 martyrio
1788 2247 2016 2274 coronantur.

503 2297 756 2343 Jherosonmis
773 2297 981 2341 Quiriacus⁷
1003 2299 1064 2344 qui
1085 2305 1119 2332 et
1138 2298 1248 2332 Judas
1264 2326 1272 2340 ἢ
1297 2299 1358 2345 qui
1382 2310 1523 2332 crucem
1543 2298 1672 2332 Christi
1693 2299 1845 2341 invenit5
1868 2311 1932 2345 pro
1951 2298 2020 2332 fide

504 2356 638 2389 celebre
656 2356 865 2402 martyrium
885 2355 997 2390 duxit.
1021 2357 1060 2390 In
1080 2369 1172 2405 pago
1187 2357 1450 2391 Medenentensi
1471 2356 1701 2403 (Melentoz's)7
1723 2357 1843 2390 Piatus
1863 2357 1927 2390 kal.
1948 2356 2019 2390 Oc-

506 2414 615 2447 tobris
631 2426 696 2459 pro
716 2414 855 2448 Christo
869 2415 1015 2460 patitur.

553 2473 643 2505 Dum
660 2472 819 2506 Julianus
832 2474 1005 2507 Fortunae
1025 2475 1237 2508 sacrificaret
1249 2502 1257 2517 ,ι
1279 2475 1462 2523 redarguit
1478 2487 1560 2508 eum
1577 2475 1681 2508 Maris
1697 2502 1704 2517 ,
1727 2473 2019 2508 Chalcedonensis
