2118 3184
567 397 794 433 culmum
824 398 991 433 Alis-lon
1021 398 1061 432 Ll
1092 397 1258 433 Mtssists.
1618 401 1682 436 175

159 519 283 541 eorum
304 506 519 540 voluntatmn
545 513 748 540 tenuerunt.
776 506 815 539 Ei
836 518 938 539 mane
962 506 1071 549 facto,-
1100 514 1342 540 convenerunt
1365 519 1454 553 pene
1473 514 1545 542 tota
1564 508 1684 542 civitas

158 565 203 600 de
225 566 381 613 magnis.
411 564 650 599 mediocribus
671 571 705 598 et
727 563 771 598 de
795 565 909 610 parvis
931 564 1082 598 (lc-licere
1103 577 1174 598 non
1197 564 1380 599 audentes.
1408 566 1445 599 lit
1468 567 1517 600 sic
1546 566 1602 601 illa
1627 567 1683 601 (lie

159 631 372 670 acceperunt
392 624 536 671 triginta
551 624 736 658 electores.
757 630 788 657 et
811 624 857 657 illi
877 624 912 657 in
932 630 1035 657 nocte
1053 631 1087 657 ct
1104 623 1162 657 die
1176 625 1337 670 sequenti
1358 625 1515 659 fecerunt
1538 638 1684 672 praepo-

159 684 243 717 sitos
260 690 295 716 et
310 683 447 728 juratos
461 709 468 719 ,
490 689 523 716 et
543 682 628 716 alios
646 682 734 716 sicut
756 683 857 716 tiebat
875 683 1036 728 quolibet
1053 695 1146 716 anno
1162 683 1196 716 in
1212 682 1269 716 die
1285 683 1406 717 beatae
1426 685 1565 719 Lueiae.
1585 687 1683 721 Facta

161 749 278 776 autem
303 741 378 789 lege
403 741 599 788 praedicta,
629 742 729 775 multi
753 742 887 775 banniti
911 748 945 774 et
967 742 1171 787 proclamati
1198 748 1371 788 perpetuo
1392 743 1435 777 nd
1456 756 1566 777 annos
1588 746 1683 780 etad

161 800 328 848 pecunias
353 813 443 846 quos
476 807 653 846 receperat
681 801 884 834 connnunia
913 801 1092 834 venientes
1119 807 1154 834 et
1180 800 1399 847 applaudens
1425 803 1492 841 eis,
1522 803 1685 838 timentes

162 866 395 894 recesserunt.
422 860 461 892 Et
487 860 742 907 gubernatores
765 859 809 893 dc
836 860 1015 893 voluntate
1038 860 1199 893 omnium
1226 868 1440 906 aeceperunt
1462 861 1687 908 inquisitores

160 930 266 964 super
282 924 414 951 veteres
435 925 605 954 rectores.
630 919 691 964 qui
711 918 910 965 redigentes
930 919 965 952 in
985 918 1124 964 seriptis
1142 918 1303 952 omnium
1323 918 1416 953 dicta
1429 946 1437 962 a,
1459 926 1494 954 et
1512 921 1558 954 ob
1578 912 1695 967 quam*

161 988 303 1010 causam
327 976 480 1010 fecerant
505 977 653 1019 talliam,
680 977 897 1013 retulerunt,
922 984 957 1010 et
984 978 1019 1010 in
1047 977 1189 1023 publico
1218 990 1336 1011 coram
1360 979 1456 1012 omni
1484 981 1687 1015 communia

160 1034 304 1068 fuerunt
330 1034 416 1067 lecta
444 1041 477 1067 et
502 1035 691 1080 publicata.
725 1035 760 1068 lit
790 1035 837 1068 ibi
861 1034 1027 1068 dicebant
1052 1048 1175 1068 omnes
1194 1035 1238 1068 de.
1267 1037 1470 1070 communia
1497 1050 1604 1083 super
1629 1051 1688 1072 eos

162 1092 348 1126 mirabilia.
373 1088 565 1127 Sciendum
580 1100 629 1127 est
645 1094 749 1127 etiam
766 1093 865 1139 quod
880 1093 1027 1127 ballivus
1041 1093 1330 1127 Yiromandensis
1345 1095 1471 1129 missus
1489 1103 1541 1129 est
1553 1109 1573 1130 a
1589 1110 1683 1145 rege„

161 1151 257 1185 venit
272 1151 437 1196 privatim
453 1151 488 1184 in
509 1157 630 1185 nostro
649 1152 863 1185 monasterio
876 1164 959 1185 cum
973 1157 1128 1197 quatuor
1146 1152 1246 1197 equis
1259 1151 1386 1185 solum.
1405 1153 1554 1188 Causam
1569 1162 1687 1189 autem

161 1209 214 1243 sui
242 1208 415 1243 adventus
439 1215 470 1242 et
492 1208 580 1255 quid
604 1215 789 1255 quaereret
814 1209 902 1242 scire
924 1220 996 1241 non
1021 1209 1120 1253 potui
1135 1235 1144 1251 ,
1169 1208 1260 1242 facta
1283 1215 1402 1243 autem
1428 1210 1502 1257 lege
1525 1219 1559 1245 et
1583 1214 1688 1248 rebus

163 1268 344 1316 mitigatis⁷
363 1267 516 1300 recessit.
541 1268 590 1300 De
608 1267 776 1300 omnibus
793 1266 1036 1300 accidentibus
1057 1273 1093 1299 et
1110 1265 1154 1299 de
1174 1266 1311 1309 multis,
1334 1278 1426 1313 quae
1445 1279 1637 1305 evenerunt
1652 1273 1688 1306 in

163 1325 342 1373 praedicta
363 1324 598 1366 turbulentia,
619 1330 653 1357 et
672 1324 736 1370 qui
755 1324 845 1357 bene
863 1324 1025 1357 fecerunt
1038 1330 1100 1357 aut
1114 1324 1221 1367 male„
1243 1324 1390 1372 longum
1409 1333 1499 1359 essct
1517 1328 1686 1373 scriberffi

163 1391 198 1418 et
214 1384 305 1418 bene
323 1382 368 1416 de
387 1382 550 1429 pluribus
569 1395 642 1416 non
661 1382 790 1416 recolo.
816 1382 991 1428 Dijerinus
1009 1389 1128 1416 autem
1144 1382 1304 1416 Pourres
1327 1390 1362 1416 et
1383 1385 1614 1431 quamplures
1633 1388 1689 1421 alii

163 1442 275 1477 multa
288 1442 381 1477 bona
391 1442 552 1476 fecerunt
560 1448 596 1476 et
611 1441 701 1475 mala
716 1440 876 1475 facienda
885 1442 1075 1476 evitarunt.
1089 1442 1131 1475 Et
1141 1448 1293 1475 rectores
1307 1448 1441 1476 veteres
1451 1470 1459 1486 Ἴ
1472 1444 1642 1490 paulatim
1657 1452 1689 1479 et

163 1501 358 1537 successive
377 1501 421 1535 ad
441 1514 504 1535 sua
523 1507 557 1535 ct
574 1501 619 1535 ad
638 1513 718 1535 suas
732 1500 859 1535 domos
873 1499 1070 1534 redierunt.
1090 1501 1225 1534 Tamen
1243 1501 1373 1535 exclusi
1392 1509 1476 1536 sunt
1493 1510 1528 1536 et
1545 1503 1691 1538 fuerunt

164 1561 270 1609 longo
279 1566 440 1606 tempore
450 1587 459 1603 7
471 1559 516 1593 de
530 1559 605 1607 lege
615 1566 649 1593 et
659 1559 805 1593 consilio
816 1559 979 1593 civitatis.
997 1558 1181 1593 Praedicta
1191 1559 1310 1592 omnia
1320 1559 1417 1603 scivi„
1430 1560 1501 1594 vidi
1512 1568 1547 1594 et
1557 1561 1687 1596 audivi.

215 1621 318 1654 Anno
336 1618 538 1666 praedicto,
556 1619 659 1652 tertia
672 1617 729 1653 die
749 1618 985 1665 Septembris7
1004 1618 1154 1652 fullones
1169 1618 1330 1652 fecerunt
1345 1626 1507 1664 routam,
1524 1627 1557 1654 et
1576 1621 1694 1655 volue—

165 1685 250 1714 runt
268 1677 430 1713 occidere
445 1678 699 1724 praepositum.
718 1678 759 1711 Et
776 1677 894 1711 statim
914 1690 1008 1711 unus
1022 1690 1147 1711 eorum
1161 1677 1223 1724 qui
1238 1690 1274 1711 se
1288 1677 1439 1712 faciebat
1452 1679 1690 1725 capitaneum,

165 1737 234 1771 fuit
253 1749 316 1783 per
334 1749 446 1783 equos
465 1743 598 1771 tractus
623 1743 659 1770 et
676 1748 880 1782 suspensuS.
909 1736 952 1770 Et
976 1737 1012 1770 in
1036 1736 1189 1771 crastino
1216 1736 1286 1770 fuit
1306 1736 1432 1771 Petrus
1450 1737 1494 1771 de
1513 1738 1691 1772 ,Mousscz'n

163 1802 298 1830 tractus
323 1802 358 1830 et
379 1808 571 1841 suspensus
596 1807 661 1841 pro
689 1794 814 1828 eodem
840 1795 946 1829 facto.
975 1795 1018 1828 Et
1038 1795 1075 1828 in
1099 1794 1252 1828 crastino
1278 1795 1314 1828 in
1335 1795 1422 1830 feria
1447 1803 1596 1842 quarta,
1626 1797 1693 1831 fuit

166 1853 316 1888 Alardus
330 1853 375 1887 de
395 1853 599 1901 Bourgella,
620 1853 682 1900 qui
697 1853 813 1887 fuerat
830 1853 875 1887 de
894 1853 1040 1887 consilio
1059 1859 1093 1886 et
1107 1852 1236 1886 auxilio
1251 1852 1428 1887 fullonum
1446 1861 1482 1888 et
1498 1856 1693 1889 texentium

167 1912 203 1945 in
221 1911 318 1946 dicto
334 1912 428 1946 facto
439 1939 447 1955 a
468 1912 504 1945 in
519 1912 596 1947 foro
611 1919 692 1946 ante
709 1911 859 1946 domum
875 1912 920 1946 de
934 1912 1048 1946 Porco
1062 1911 1074 1933 ¹
1095 1912 1210 1958 capite
1223 1910 1474 1958 detruncatus,
1496 1920 1531 1948 et
1548 1914 1692 1948 fuerunt

166 1970 285 2017 plures
303 1969 509 2016 proclamati
527 1976 563 2003 ct
579 1970 728 2004 banniti.

217 2030 319 2062 Anno
347 2026 528 2061 MCCCVH
535 2028 546 2061 1
562 2055 570 2071 a
604 2041 725 2062 mense
760 2027 984 2074 Septembri,
1020 2027 1089 2061 fuit
1124 2034 1265 2074 tempus
1301 2028 1453 2074 pluviale
1485 2030 1521 2063 in
1554 2036 1693 2064 tantum

167 2086 267 2134 quod
296 2085 426 2120 fluvius
453 2085 597 2121 Scaldae
620 2099 704 2134 prae
731 2086 978 2135 magnitudine
1004 2087 1110 2121 exivit
1134 2093 1268 2131 metas⁷
1294 2094 1329 2121 et
1355 2088 1392 2122 in
1412 2088 1636 2134 processione
1658 2089 1694 2122 in

168 2145 331 2192 pluribus
348 2145 431 2178 locis
452 2145 656 2193 peregrinos
675 2158 738 2192 per
756 2157 860 2179 naves
878 2145 1029 2179 transire
1048 2146 1248 2191 oportebat.

218 2205 321 2238 Anno
339 2203 526 2247 MCCCIX‚
547 2216 590 2238 ex
608 2203 754 2239 diversis
772 2205 934 2251 partibus
952 2203 1077 2238 mundi
1102 2211 1291 2238 moverunt
1315 2205 1379 2239 viri
1398 2211 1433 2238 et
1452 2205 1617 2239 mulieres
1636 2217 1696 2239 ca-

169 2263 351 2306 tervatim,
372 2263 600 2297 transfretare
619 2270 858 2309 proponentes
877 2264 967 2297 ultra
988 2276 1102 2306 mare,
1118 2269 1154 2297 et
1170 2263 1387 2297 transierunt
1405 2263 1506 2297 multi
1523 2276 1586 2310 per
1605 2263 1697 2298 Tor-

169 2333 319 2364 nacum5
341 2327 377 2354 et
399 2321 504 2354 etiam
527 2320 571 2355 de
590 2321 751 2355 Tornaco
771 2322 872 2355 multi
891 2334 973 2355 cum
996 2322 1045 2355 eis
1067 2334 1103 2355 se
1121 2321 1337 2367 junxerunt,
1362 2328 1398 2355 et
1419 2321 1586 2355 dominus
1605 2334 1697 2368 papa

169 2380 232 2427 qui
251 2386 326 2414 erat
340 2380 502 2415 Avinioni
516 2407 525 2424 ‚
546 2379 669 2414 videns
691 2379 790 2426 quod
808 2380 947 2414 nullum
968 2380 1149 2415 habebant
1163 2380 1390 2426 capitaneum
1408 2387 1471 2414 aut
1488 2379 1674 2414 ductorem
1686 2408 1694 2424 7

211 2508 219 2526 ¹
243 2509 312 2536 Ante
323 2509 433 2536 domum
445 2509 488 2536 cui
500 2530 507 2543 ‚
522 2514 605 2545 prout
615 2518 630 2536 a
640 2509 733 2536 multis
745 2513 820 2536 retro
833 2509 911 2536 annis
921 2509 955 2536 ad
967 2514 1060 2536 nostra
1070 2514 1194 2545 tempora
1204 2518 1270 2536 usus
1281 2508 1392 2544 habuit,
1404 2509 1510 2546 insigne
1518 2519 1620 2546 porcus
1628 2516 1697 2537 erat.
