2137 3131
443 398 513 433 8:26
1047 388 1338 426 APPENDICES.

1171 515 1226 550 CI.

450 604 600 650 llo-asmo
622 613 662 646 de
685 611 842 646 Boulaer
863 611 977 645 donne
996 606 1019 642 ὰ
1042 607 1199 654 l'ahbaye
1222 608 1308 640 trois
1325 607 1491 640 honm'ers
1511 606 1553 640 de
1570 606 1749 654 pre'pour
1766 606 1959 640 l’entretieoz

471 673 575 706 cl'mte
588 671 702 717 lampa
715 672 780 716 qul
791 670 864 704 doit
878 667 1001 703 brdler
1012 665 1036 701 ὰ
1043 664 1245 714 perpe'tuz'te'
1258 665 1386 700 (levant
1403 665 1431 699 le
1444 664 1713 700 S‘—Sa0rement.
1729 685 1777 691 —
1791 665 1932 699 Lon'rsn.

1075 837 1091 859 A
1111 835 1224 865 Boutaer,
1243 835 1316 858 1210.

485 911 632 936 innomine
643 914 752 935 sanctae
764 914 791 936 et
800 908 957 935 individuae
967 907 1118 934 Trinitatis.
1133 906 1189 942 Ego
1200 906 1289 940 Razo,
1301 905 1428 932 dominus
1440 906 1474 932 de
1488 906 1593 932 Boular
1603 928 1610 939 ,
1624 907 1750 933 omnibus
1764 907 1815 934 hoc
1828 907 1978 942 scriptum*

443 957 553 984 lecturis
565 956 691 983 salutem.
706 956 804 982 Notum
815 956 849 982 sit
858 954 1049 991 praesentibus
1062 959 1089 980 et
1100 953 1216 985 suturis,
1230 952 1304 988 quod
1317 962 1368 988 ego
1379 958 1407 979 et.
1420 962 1490 979 uxor
1502 962 1561 979 mea
1574 952 1665 985 Antia,
1677 954 1713 980 ob
1722 959 1862 980 aeternam
1875 954 1963 980 nostri

446 1009 658 1039 nostrorumque
670 1004 827 1030 memoriam
841 1003 965 1030 dedimus
978 1002 1107 1028 ecclesiae
1121 1001 1260 1027 §inivensi
1272 1001 1324 1026 tria
1337 1000 1451 1026 bonaria
1466 1001 1537 1036 prati
1551 1010 1613 1027 cum
1631 1001 1674 1027 via
1692 1001 1838 1035 accedendi
1853 1001 1888 1027 ad
1900 1010 1965 1037 pra-

446 1058 501 1078 tum
514 1052 585 1077 inter
600 1052 736 1087 ldenylzem
747 1056 774 1077 et
788 1051 888 1086 Loyam
898 1050 1063 1077 allodialiter
1077 1050 1104 1075 in
1118 1053 1280 1085 perpetuam
1293 1048 1492 1084 eleemosynam
1503 1070 1510 1080 ‚
1526 1048 1560 1074 ad
1574 1048 1726 1084 lampadem
1739 1058 1830 1075 coram
1847 1058 1964 1085 corpore

446 1099 552 1125 Domini
565 1108 672 1134 semper
682 1098 822 1124 ardentem
831 1119 837 1130 ,
851 1097 1073 1124 etwarandisiam
1082 1106 1143 1122 cum
1158 1095 1373 1122 exfestucatione
1387 1096 1580 1131 promittentes
1593 1096 1627 1122 ab
1640 1097 1713 1122 omni
1724 1096 1803 1130 jure,
1817 1101 1965 1123 consuetu-

445 1146 507 1172 dine
515 1146 557 1172 vel
567 1146 706 1172 exactione
720 1145 806 1171 libera
819 1144 878 1171 fore
891 1145 918 1171 in
927 1149 1092 1180 perpetuum
1103 1165 1109 1176 ‚
1122 1143 1306 1170 decernimus.
1317 1142 1354 1169 Ut
1365 1147 1456 1184 autem
1468 1142 1535 1169 haec
1546 1148 1607 1169 rata
1616 1148 1643 1169 et
1655 1143 1816 1170 inconvulsa
1826 1144 1852 1170 in
1866 1153 1963 1170 aevum

445 1198 632 1228 permaneant,
644 1194 776 1228 scriptum
786 1192 837 1219 hoc
848 1192 929 1229 sigilli
941 1192 992 1218 mei
1005 1192 1173 1227 appensione
1184 1195 1211 1217 et
1222 1190 1363 1216 hominum
1373 1200 1497 1216 meorum
1509 1191 1666 1217 testimonio
1680 1191 1814 1222 confirmo
1828 1196 1856 1218 et
1869 1201 1966 1218 corro-

448 1241 525 1266 boro.
538 1240 649 1275 Signum
661 1239 806 1275 Aegidiide
818 1239 921 1266 Hasselc
931 1244 957 1266 et
970 1239 1085 1265 fratrum
1097 1248 1226 1272 suorum5
1240 1237 1268 1263 S.
1281 1238 1393 1264 Woitini
1406 1238 1439 1264 de
1449 1238 1589 1269 Licebroc;
1604 1238 1710 1264 Danieli
1724 1239 1836 1273 Aversi;
1851 1238 1965 1265 Gerardi

450 1289 582 1323 Auqurin.
603 1288 698 1314 Actum
713 1287 785 1323 apud
803 1287 921 1315 Boulaae,
941 1288 968 1313 in
983 1287 1138 1322 praesentia
1157 1286 1243 1321 patris
1257 1286 1306 1311 mei
1324 1290 1351 1312 et
1364 1285 1480 1311 fratrum
1496 1295 1618 1312 meorum
1630 1307 1636 1318 ,
1653 1295 1725 1312 anno
1740 1286 1846 1312 Domini
1860 1285 1967 1318 MCCX‚

447 1335 506 1361 idus
521 1336 645 1371 Augusti.

1364 1380 1472 1411 Original
1481 1399 1488 1410 ,
1502 1388 1571 1405 sceau
1582 1389 1611 1405 en
1627 1381 1674 1405 cire
1683 1381 1767 1405 brune.

1176 1631 1247 1666 CII.

451 1712 602 1758 Erasme
623 1725 663 1757 cle
692 1723 808 1758 Gavre
833 1721 1020 1758 reeommz‘t
1042 1729 1075 1757 et
1096 1723 1264 1769 confirmo
1290 1724 1336 1758 les
1356 1724 1467 1758 droz'ts
1487 1723 1528 1757 de
1552 1723 1710 1769 l'abbaye
1731 1735 1797 1757 sur
1819 1723 1855 1757 la
1873 1722 1967 1757 dime

498 1783 538 1816 cle
563 1782 770 1816 Lz'eclelzerlae
788 1788 820 1816 et
838 1795 904 1816 sur
916 1782 1100 1829 plusieurs
1119 1782 1303 1817 clomczz'nes
1323 1781 1347 1816 ἀ
1364 1782 1525 1824 Pamele,
1554 1780 1791 1823 Dmderkeu,
1811 1781 1970 1816 Rouslar

500 1847 532 1873 et
548 1841 714 1875 Bochout.
733 1861 781 1866 —
795 1841 1005 1875 LIEDEKERKE.

1172 2017 1243 2040 1210.

491 2088 519 2113 ln
540 2088 647 2113 nomine
661 2092 770 2114 sanctae
786 2092 813 2113 et
827 2087 984 2114 individuae
994 2088 1146 2114 Trinitatis.
1165 2088 1222 2124 Ego
1236 2088 1309 2114 Razo
1326 2088 1361 2114 de
1374 2087 1494 2120 Gavera,
1518 2087 1649 2122 pincerna
1666 2085 1811 2112 Flandriae
1823 2107 1831 2119 ‚
1845 2087 1972 2114 omnibus

452 2136 503 2161 hoc
517 2136 648 2170 seriptum
658 2135 771 2161 lecturis
781 2134 908 2161 salutem.
920 2135 1019 2162 Notum
1033 2137 1067 2162 sit
1079 2136 1274 2171 praesentibus
1287 2140 1314 2162 et
1326 2135 1428 2162 futuris
1437 2157 1444 2167 ‚
1461 2135 1535 2171 quod
1549 2143 1601 2171 ego
1613 2139 1640 2160 et
1656 2143 1726 2160 uxor
1736 2143 1795 2160 mea
1805 2133 1920 2161 Claricia
1933 2144 1974 2161 re-

453 2183 628 2218 cognovimus
642 2192 690 2209 nos
702 2182 848 2216 nihiljuris
861 2183 962 2209 habere
976 2185 1003 2210 in
1016 2189 1073 2210 tota
1088 2184 1192 2210 decima
1208 2184 1242 2210 de
1254 2183 1404 2210 Lidekerca
1415 2205 1422 2216 ‚
1437 2183 1486 2210 sed
1497 2183 1610 2218 iusuper
1624 2181 1760 2218 quidquid
1773 2182 1846 2216 juris
1855 2182 1973 2209 decima-

454 2240 514 2256 rum
532 2230 634 2256 habere
646 2230 777 2256 debemus
791 2231 817 2256 in
836 2231 975 2266 praedicta
989 2231 1119 2267 parochia
1130 2253 1137 2264 ‚
1152 2232 1195 2258 vel
1206 2232 1233 2258 in
1249 2231 1380 2267 parochia
1394 2231 1427 2257 de
1440 2230 1547 2257 Pamela
1561 2235 1588 2256 et
1601 2231 1662 2256 vico
1676 2229 1862 2266 Impenqhem‚
1874 2229 1932 2256 sive
1945 2230 1972 2256 in

455 2282 527 2303 terra
543 2277 638 2303 arabili
651 2282 753 2303 sartata
771 2277 813 2303 vel
826 2278 954 2304 sax-tanda
966 2299 972 2310 ,
993 2279 1049 2305 sive
1066 2279 1093 2304 in
1115 2278 1277 2314 paludibus,
1297 2278 1353 2304 duo
1370 2287 1482 2314 quoque
1503 2277 1617 2303 bonaria
1636 2276 1755 2303 nemoris
1775 2276 1849 2312 quod
1870 2276 1972 2303 dicitur

456 2324 529 2350 llova
540 2345 546 2351 ,
562 2324 596 2349 ab
611 2324 682 2349 omni
697 2333 810 2359 prorsus
820 2324 885 2358 jure
896 2325 1035 2351 liberrima
1050 2326 1085 2351 ob
1099 2330 1238 2352 aeternam
1253 2326 1340 2352 nostri
1354 2330 1570 2360 nostrorumque
1583 2323 1740 2350 memoriam
1760 2322 1891 2350 ecclesiae
1904 2323 1976 2350 Nini-

455 2372 529 2397 vensi
543 2376 570 2396 et
586 2370 718 2397 fratribus
734 2371 800 2397 inibi
813 2371 870 2398 Deo
882 2372 1078 2399 famulantibus
1094 2373 1120 2399 in
1134 2378 1297 2408 perpetuam
1316 2373 1515 2408 eleemosynam
1529 2371 1695 2398 contulimus
1711 2380 1718 2397 :
1735 2379 1842 2397 omnem
1861 2380 1973 2407 quoque

457 2418 594 2452 querelam
608 2417 770 2453 deponimus
783 2428 834 2454 pro
849 2419 952 2445 decima
969 2425 1059 2446 terrae
1072 2420 1174 2446 Nicolai
1187 2420 1221 2446 de
1240 2419 1386 2456 Okenqhem
1399 2424 1426 2445 et
1440 2419 1554 2445 Gozuini
1568 2417 1698 2451 militum,
1715 2422 1743 2444 et
1760 2417 1925 2445 Clementiae
1938 2418 1972 2445 de

462 2464 645 2499 Ghisenyltem,
664 2464 706 2490 vel
716 2457 773 2499 ⁴pro
787 2464 878 2501 aliqua
898 2471 971 2492 terra
981 2487 987 2499 ‚
1006 2467 1063 2493 sive
1076 2468 1102 2493 in
1115 2467 1244 2502 parochia
1257 2467 1291 2493 de
1308 2466 1470 2503 Okenyhem,
1487 2465 1531 2492 vel
1550 2465 1687 2501 ldenqltem
1698 2486 1705 2498 ‚
1720 2464 1764 2491 vel
1778 2465 1874 2499 Lewa,
1889 2475 1971 2500 quam

458 2510 576 2545 praefata
586 2510 699 2537 ecclesia
709 2520 797 2547 usque
808 2513 888 2539 modo
901 2514 1019 2540 tenuisse
1031 2514 1183 2541 dinoscitur
1195 2524 1203 2541 :
1215 2519 1241 2541 et
1252 2514 1410 2540 nominatim
1424 2523 1475 2549 pro
1485 2512 1603 2549 quadam
1613 2517 1688 2539 terra
1695 2512 1769 2547 apud
1780 2511 1970 2544 Lumbeccam⁷
