2137 3131
372 366 441 401 958
979 349 1269 387 APPENDICES.

375 483 399 498 ιιι
415 476 573 506 perpetuam
589 468 784 500 eleemosynam
799 461 965 489 contulerint
977 468 1025 485 seu
1040 458 1191 494 legaverint
1207 457 1372 483 monasterio
1387 454 1539 486 ninivensi,
1555 453 1628 489 quod
1644 457 1752 488 pratum
1763 462 1779 478 a
1793 462 1835 479 me
1850 457 1890 479 te-

377 524 456 544 netur
470 515 632 543 censualiter
647 521 696 548 pro
713 511 835 547 quinque
849 507 968 534 denariis
982 506 1121 532 annuatim
1137 504 1170 531 ad
1185 503 1274 530 natale
1286 503 1393 530 Domini
1407 501 1545 529 solvendis
1557 522 1564 533 ‚
1583 500 1617 527 ad
1631 500 1790 536 petitionem
1803 499 1890 526 dicto-

377 575 434 591 rum
446 563 574 590 nobilium
586 562 633 587 Ar.
643 565 669 586 et
681 559 716 585 M.
729 568 760 585 ex
770 567 822 583 nna
833 561 910 591 parte
922 560 948 581 et
957 553 1114 580 monasterii
1126 552 1259 588 praedicti
1270 561 1302 578 ex
1312 551 1400 577 altera
1410 571 1417 583 ,
1432 550 1531 576 dictam
1544 549 1744 582 eleemosynam
1754 547 1889 582 approbo.

377 612 454 638 lando
468 616 494 635 et
511 608 676 644 appensione
689 605 768 641 sigilli
784 604 834 629 mei
851 603 992 628 confirmo.
1008 601 1040 626 Et
1054 610 1105 636 ego
1120 600 1191 626 Raso
1203 620 1209 632 ‚
1226 599 1353 625 dominus
1371 597 1405 624 de
1423 596 1554 630 Βοεηίαν,
1570 595 1644 622 filius
1658 594 1761 620 domini
1777 593 1892 620 Rasonis

376 659 437 685 dicti
452 658 485 683 de
498 657 600 683 (lavere
611 677 617 685 ,
638 654 738 680 domini
752 652 785 679 de
799 649 967 677 Liedclxerke
978 654 1005 675 et
1018 648 1051 674 de
1065 647 1152 674 Breda
1165 668 1171 679 ‚
1187 648 1274 681 major
1286 651 1352 672 natu
1363 666 1370 677 ‚
1386 645 1456 671 hanc
1468 648 1640 680 praesentem
1655 642 1890 669 confirmationem

378 705 459 740 patris
471 704 520 730 mei
535 702 666 738 praedicti
681 700 762 726 laudo
774 703 802 725 et
815 697 953 733 approbo,
969 706 999 722 ac
1010 696 1090 722 etiam
1102 694 1183 731 sigilli
1197 695 1249 721 mei
1259 694 1380 720 eamdem
1389 692 1625 719 confirmationem
1638 689 1703 716 duxi
1716 689 1817 715 robore
1827 697 1894 715 con-

376 751 541 778 firmandam.
555 749 653 775 Datum
665 756 735 773 anno
748 745 854 771 Domini
868 742 1070 770 MCCLXXXIX
1082 763 1088 774 ,
1105 751 1196 768 mense
1208 740 1293 767 Julio.

1158 807 1267 839 Original
1277 825 1282 832 ,
1295 807 1357 830 deux
1368 813 1454 830 seeaux
1467 813 1496 829 en
1507 805 1554 828 cire
1566 808 1646 835 νει-[ες
1659 801 1718 826 celui
1729 798 1852 825 d'Erasme
1864 801 1892 824 de

1189 851 1265 874 Gavre
1275 868 1282 879 .‚
1299 849 1320 873 le
1333 848 1390 880 pere
1399 867 1404 877 ,
1418 852 1453 871 est
1467 847 1595 871 fortement
1604 846 1773 879 endommage.

1047 1120 1208 1156 CCLXX.

382 1227 561 1272 Godefhoi,
583 1229 689 1258 comte
703 1223 743 1256 cle
768 1222 893 1262 Vicme,
915 1218 1084 1264 confirma
1102 1217 1137 1250 la
1155 1217 1324 1250 donatz'on
1341 1216 1383 1250 cle
1401 1217 1664 1261 sioey'ourmzuoe
1680 1215 1721 1248 de
1735 1220 1828 1249 terre
1845 1215 1895 1248 la-

428 1283 605 1325 hourable,
629 1283 715 1327 saite
737 1293 812 1327 par
835 1278 941 1313 Gz'lles
964 1277 1004 1310 cle
1029 1276 1176 1310 Puttere
1197 1273 1221 1308 ὰ
1245 1275 1403 1321 I’ahhapse
1432 1273 1473 1307 de
1501 1272 1649 1307 Nineve.
1673 1294 1721 1299 -—
1741 1275 1895 1308 Armnuzs

427 1355 570 1377 DIVERSES
577 1369 582 1374 .

1100 1492 1170 1515 1289.

420 1578 473 1614 Ego
486 1577 660 1609 Godesridus,
678 1586 766 1603 comes
780 1576 941 1603 Viennensis
953 1597 959 1611 7
972 1575 1099 1601 omnibus
1116 1574 1165 1599 has
1177 1572 1282 1599 litteras
1297 1571 1397 1598 visuris
1416 1576 1443 1597 et
1457 1570 1593 1597 audituris
1608 1571 1635 1596 in
1650 1576 1828 1606 perpetuum.
1844 1571 1897 1598 No-

382 1631 437 1651 tum
452 1625 536 1657 laesio,
549 1624 622 1660 qnod
638 1633 698 1650 cum
713 1623 856 1659 Aegidins,
874 1623 964 1649 dictus
978 1622 1091 1648 Puttere
1101 1642 1107 1653 ⁷
1125 1621 1159 1647 de
1175 1619 1285 1646 Leebeke
1300 1618 1473 1645 transtulerit
1487 1618 1514 1644 in
1528 1618 1724 1644 monasterium
1735 1618 1769 1645 de
1782 1618 1878 1646 Ninive
1889 1640 1896 1652 ‚

381 1673 481 1698 ordinis
495 1671 769 1698 praemonstratensis
779 1692 787 1705 7
803 1680 848 1697 sex
859 1671 983 1705 jornaria
1001 1674 1028 1696 et
1042 1668 1225 1705 quadraginta
1237 1667 1328 1703 virgas
1347 1671 1395 1692 aut
1408 1665 1520 1692 circiter
1535 1670 1624 1691 terrae
1636 1665 1748 1692 arabilis
1758 1687 1764 1698 ⁷
1778 1666 1897 1700 jacentis

381 1721 408 1745 in
424 1720 548 1746 districtu
560 1724 586 1745 et
600 1719 720 1745 dominio
733 1719 766 1745 de
781 1718 971 1752 Herlinchove,
988 1718 1014 1743 in
1028 1716 1257 1750 culturajacente
1271 1716 1343 1740 inter
1356 1713 1447 1740 villam
1460 1713 1493 1739 de
1511 1712 1611 1747 Ontre,
1626 1718 1654 1739 et
1666 1718 1772 1740 curtem
1785 1713 1819 1739 de
1839 1713 1896 1740 Ru-

382 1768 437 1792 broc
451 1779 458 1796 ;
472 1776 552 1802 quam
567 1772 666 1793 terram
681 1771 783 1792 emerat
796 1766 866 1792 idem
880 1765 1009 1801 Aegidius
1023 1774 1088 1801 erga
1104 1764 1214 1790 Petrum
1230 1784 1237 1795 ‚
1257 1762 1345 1788 filium
1363 1761 1501 1798 quondam
1516 1760 1602 1787 Colini
1614 1761 1648 1787 de
1661 1761 1781 1797 Aspler,
1797 1770 1830 1787 ex
1844 1771 1899 1798 qua

382 1813 490 1849 quidem
505 1819 578 1840 terra
592 1814 686 1849 quinta
704 1813 788 1849 garba
803 1818 830 1839 et
844 1813 955 1849 quidam
976 1821 1074 1839 census
1087 1812 1144 1837 sive
1159 1810 1285 1837 redditus
1299 1809 1473 1835 debebantur
1486 1808 1627 1834 annuatim
1643 1808 1769 1835 dominae
1783 1809 1900 1841 Mariae,

380 1861 492 1887 dilectae
501 1861 581 1887 matri
595 1870 680 1893 meae„
694 1866 721 1887 et
733 1861 939 1887 successoribus
948 1861 1008 1895 ejus
1021 1858 1290 1892 haereditariojure.
1303 1857 1361 1894 Ego
1376 1857 1412 1883 ob
1426 1855 1547 1882 favorem
1558 1865 1639 1891 quem
1648 1855 1775 1892 religioni
1783 1861 1811 1882 et
1819 1865 1900 1892 prae—

382 1909 461 1943 cipue
470 1907 541 1934 dicto
556 1908 719 1934 monasterio
730 1908 867 1934 Ninivensi
877 1917 954 1943 gero,
965 1907 1065 1933 dictam
1078 1905 1285 1933 translationem
1294 1903 1455 1930 omnimodis
1467 1903 1629 1939 approbavi,
1643 1907 1670 1929 et
1682 1904 1815 1937 omnejus
1824 1904 1899 1939 quod

382 1956 407 1981 in
420 1955 498 1982 dictis
511 1957 606 1991 quinta
616 1955 699 1991 garba
718 1965 749 1981 ac
762 1965 845 1981 censu
859 1956 915 1981 sive
930 1955 1040 1981 redditu
1053 1975 1060 1987 ‚
1076 1959 1317 1990 quantuscumque
1332 1951 1438 1984 suerat,
1455 1951 1540 1977 habui
1554 1950 1597 1977 vel
1610 1951 1783 1986 postmodum
1796 1951 1900 1978 habere

382 2002 463 2028 debui
475 2024 481 2035 ‚
496 2003 568 2029 dicto
583 2003 747 2029 monasterio
759 2002 880 2029 totaliter
891 2002 999 2035 remisi,
1012 2002 1120 2038 quitum
1135 2000 1249 2028 clamavi
1266 2005 1293 2026 et
1307 2000 1334 2025 in
1347 2003 1514 2034 perpetuum
1527 1997 1642 2031 donavi,
1657 1997 1733 2024 salvo
1745 2003 1836 2025 tamen
1849 1998 1899 2025 do-

384 2050 464 2075 minio
473 2059 531 2076 meo
545 2055 571 2076 et
585 2050 703 2086 quodam
718 2059 801 2076 censu
816 2049 1001 2076 haereditario
1012 2070 1019 2082 ‚
1040 2049 1167 2076 videlicet
1184 2053 1305 2084 quatuor
1325 2046 1503 2073 denariorum
1523 2045 1720 2072 flandrensium
1737 2045 1772 2072 de
1785 2046 1899 2072 bouario

385 2097 521 2123 annuatim
532 2098 559 2123 in
571 2097 653 2123 natali
663 2097 769 2123 Domini
780 2097 917 2124 Ninivensi
930 2097 1040 2124 domino
1051 2096 1200 2124 solvendis.
1210 2096 1240 2122 In
1252 2096 1332 2130 cujus
1343 2095 1383 2121 rei
1392 2093 1577 2120 testimonium
1589 2093 1709 2129 sigillum
1720 2103 1810 2121 meum
1823 2104 1898 2130 prae-

384 2143 505 2170 sentibus
519 2143 618 2170 litteris
633 2143 697 2170 duxi
711 2144 914 2179 apponendum.
925 2144 1026 2171 Datum
1038 2153 1110 2170 anno
1125 2143 1233 2170 Domini
1248 2141 1451 2169 MCCLXXXIX
1464 2161 1471 2174 ‚
1487 2150 1579 2167 mense
1593 2140 1765 2176 Septembre.

1433 2207 1557 2239 Original,
1569 2214 1654 2231 sceaux
1667 2207 1776 2231 detruits.
