2118 3184
570 411 794 446 CffltONlCA
824 411 1146 446 TORNACENSls.
1556 410 1618 443 '⁶925

104 524 157 556 nis
174 529 338 557 emeatus
350 549 358 556 .
375 528 562 557 coronatus
575 528 626 554 est
641 521 675 554 iu
692 532 809 568 regent
821 546 829 553 .
847 528 878 553 ct
895 521 1040 554 karolus
1053 527 1290 567 cognomento
1302 520 1449 567 Magnus
1463 519 1619 565 appella-

104 587 174 615 tus.
188 581 374 627 Imperavit
398 587 468 614 tau]
490 580 654 614 Romanis
672 591 778 625 quani
800 579 938 613 Francis
955 585 1072 625 postea
1093 579 1172 612 xlll
1189 580 1302 613 anuis.
1325 578 1432 624 Cujus
1452 577 1620 612 haeredes.

105 652 168 686 per
194 640 238 673 xl
260 639 502 688 generationes
523 650 671 686 regnum
693 638 905 671 francorum
933 644 1134 671 tenuerunt.
1159 637 1226 671 Sed
1251 637 1352 685 Hugo
1374 636 1511 683 Capeti.
1537 649 1617 671 cuni

105 705 195 732 esset
206 698 278 732 dux
296 697 510 739 Parisiensis⁷
528 695 728 742 proditione
743 702 774 729 et
787 695 869 729 dolo
881 696 1050 729 Ancelmi.
1069 695 1311 729 Laudunensis
1325 696 1493 742 episcopi.
1514 703 1618 730 noctu

105 757 318 791 Laudunum
329 757 506 803 ingressus
519 762 571 789 est
581 755 722 788 militari
739 767 863 788 manu.
881 754 1043 789 Can-otum
1061 766 1197 802 regem.
1216 762 1406 803 cognatum
1422 767 1541 788 suum.
1559 757 1618 801 qui

106 816 425 864 cognominabatur
445 815 661 848 Infatuatus.
684 815 718 847 in
739 821 836 848 turre
854 813 1078 848 Lauduncnsi
1105 814 1217 860 cepit.
1242 814 1471 860 vinctumque
1491 815 1621 848 catenis

104 886 215 922 regno
234 874 394 920 privavit.
412 874 482 914 Qui
497 874 736 920 principatum
750 872 898 919 adeptus
912 886 931 907 a
946 874 1116 907 Gerberto
1129 900 1137 907 .
1160 873 1321 907 Remensi
1336 873 1619 919 archiepiscopo.

105 932 303 967 diademate
327 939 515 967 coronatus
537 939 571 966 et
590 944 647 966 rex
672 932 884 966 Francorum
907 932 1101 978 appellatus
1119 938 1182 965 est.
1214 931 1321 977 Cujus
1340 931 1430 965 filius
1446 932 1621 978 praefatus

106 991 294 1025 Robertus.
311 992 423 1025 sciens
442 990 654 1025 Balduinun]
674 990 883 1033 Barbatum.
902 989 1165 1023 Flandrensiuin
1181 990 1361 1030 comitem,
1379 997 1463 1024 tunc
1483 997 1622 1036 tempo—

107 1050 154 1083 ris
175 1061 322 1097 magnae
340 1061 413 1083 esse
433 1049 609 1095 potentiae
621 1076 630 1091 .
650 1048 757 1082 filiam
778 1047 921 1082 Adelani
941 1047 1059 1081 adhuc
1075 1048 1286 1094 puellulam.
1304 1048 1374 1081 filio
1392 1049 1466 1094 ejus
1485 1048 1622 1082 adoles-

107 1108 268 1150 centulo7
289 1108 462 1142 Balduino
479 1108 661 1150 Insulano.
678 1106 902 1154 desponsavit
914 1133 921 1139 .
941 1108 1102 1153 patrique
1122 1107 1197 1152 ejus
1215 1107 1440 1140 nutriendam
1460 1106 1617 1140 tradidit.

158 1165 287 1200 Eadem
312 1166 321 1186 ¹
356 1173 564 1212 tempestate
591 1166 745 1199 habebat
768 1165 943 1199 Robertus
975 1177 1032 1198 rex
1060 1165 1185 1198 turrim
1216 1165 1376 1199 Nox-imni
1404 1166 1505 1199 sitam
1534 1166 1622 1198 infra

108 1226 279 1259 terminos
307 1225 471 1259 ecclesiae
503 1224 541 1257 B.
577 1224 638 1257 Dei
669 1223 848 1271 genitricis
878 1223 1006 1257 Mariae
1021 1250 1028 1264 .
1065 1234 1164 1256 secus
1195 1224 1329 1256 curiam
1361 1223 1533 1269 episcopi.
1562 1237 1624 1269 per

107 1296 216 1331 quam
234 1283 344 1317 multa
364 1283 455 1317 mala
472 1282 630 1328 ejusden]
649 1282 734 1315 urbs
752 1282 884 1327 populo
905 1281 1037 1315 intulit.
1059 1281 1156 1314 Miles
1175 1282 1269 1314 enim
1288 1281 1344 1314 cui
1364 1293 1383 1314 a
1402 1293 1482 1329 rege
1505 1288 1624 1315 eusto-

108 1340 238 1376 dienda
263 1340 391 1374 tradita
416 1341 551 1382 fuerat.
583 1340 709 1373 ferocis
734 1339 842 1373 animi
867 1339 1056 1381 existebat,
1089 1339 1177 1372 adeo
1205 1345 1246 1372 ut
1270 1339 1466 1372 exactiones
1494 1341 1625 1385 episco-

108 1400 203 1447 pales
221 1400 294 1446 juri
315 1412 379 1434 suo
401 1399 601 1445 mancipare
619 1398 740 1440 velletg
766 1398 902 1432 cunctis
929 1398 1064 1444 placitis
1087 1398 1271 1444 causisque
1296 1398 1512 1441 forensibus.
1536 1411 1624 1444 quae

110 1460 147 1493 in
171 1459 268 1493 curia
292 1449 447 1505 episcopi
469 1457 738 1492 determinanda
764 1464 881 1500 erant7
908 1457 1099 1503 principari
1129 1457 1284 1499 volebat.
1316 1456 1476 1503 nihilque
1495 1457 1625 1502 episco-

109 1531 196 1565 pum
215 1519 429 1553 constituere
452 1518 597 1561 licebat.
625 1518 690 1551 nisi
709 1516 808 1564 quod
830 1517 903 1562 ipse
926 1517 1024 1562 prior
1044 1515 1286 1562 disposuisset.
1314 1515 1370 1549 Sic
1392 1516 1511 1562 itaque
1532 1516 1625 1561 epis—

111 1590 241 1624 copum
261 1584 297 1611 et
312 1577 404 1611 cives
422 1589 629 1623 exasperans
641 1603 649 1619 τ
672 1575 840 1610 nonnulla
858 1575 996 1609 servitia
1015 1575 1064 1609 eis
1089 1575 1283 1623 ingerebat.
1308 1574 1397 1609 Cum
1416 1587 1500 1622 ergo
1520 1575 1626 1622 longo

108 1643 269 1682 tempore
286 1635 322 1669 id
341 1642 461 1683 ageret
473 1663 481 1679 τ
503 1635 679 1681 nullisque
691 1633 995 1668 exhortationibus
1014 1633 1258 1681 religiosorum
1274 1633 1476 1679 resipiscere
1497 1633 1598 1666 vellet
1618 1647 1622 1664 :

109 1695 202 1729 ultra
216 1693 415 1728 vecordiam
439 1694 513 1740 ejus
532 1694 623 1727 ferre
642 1705 714 1727 non
728 1692 899 1735 valentes,
921 1692 1105 1738 episcopus
1119 1704 1201 1726 cun]
1220 1692 1312 1726 clero
1327 1699 1362 1725 et
1380 1692 1512 1738 populo
1527 1691 1626 1725 valde

110 1753 245 1796 afflicti.
274 1759 482 1800 proponunt
508 1752 654 1786 omnino
680 1751 862 1794 resistere.
895 1750 1116 1797 modumque
1142 1763 1216 1797 quo
1238 1750 1282 1784 ad
1310 1750 1474 1785 effectum
1502 1763 1624 1796 perve-

112 1813 212 1846 niant
228 1819 422 1858 coeperunt
440 1811 636 1858 exquirere.
660 1809 819 1844 Tandem
837 1810 886 1843 eis
905 1808 1044 1843 videtur
1061 1808 1177 1855 quod³
1199 1809 1227 1842 si
1244 1809 1352 1843 turris
1369 1821 1488 1843 eversa
1506 1809 1626 1843 fuisset

112 1882 204 1918 quae
229 1871 374 1905 materia
398 1870 609 1916 pertinaciae
631 1870 706 1915 ejus
724 1875 819 1911 erat.
844 1868 944 1902 facile
966 1880 1088 1913 pacem
1113 1868 1327 1902 obtinerent.
1354 1867 1490 1902 Accidit
1509 1874 1626 1901 autem

113 1929 268 1976 quadam
284 1928 362 1972 die7
391 1936 433 1962 ut
450 1929 478 1962 is
497 1929 557 1975 qui
578 1926 757 1962 custodire
777 1939 894 1961 arcem
912 1926 1081 1970 debehat,
1108 1938 1190 1960 casu
1213 1927 1363 1961 fortuito
1384 1926 1536 1961 deesset.
1565 1938 1627 1959 nee

113 1988 206 2022 ullus
222 2000 264 2022 ex
281 1994 355 2022 tota
372 1987 504 2021 familia
519 1987 594 2033 ejus
617 1993 814 2033 superesset
826 2013 834 2029 .
857 1986 922 2019 nisi
936 1985 1161 2020 solummodo
1176 1986 1304 2031 conjux
1322 1986 1397 2032 ejus
1415 1998 1497 2020 cum
1516 1986 1628 2018 famu—

113 2046 213 2080 labus
231 2047 315 2080 suis.
337 2045 490 2080 Cernens
505 2058 590 2094 ergo
607 2046 793 2092 episcopus
812 2050 1055 2091 opportunum
1073 2051 1214 2090 tempus
1233 2044 1415 2087 accidisse.
1438 2056 1510 2090 quo
1525 2056 1628 2089 prae-

113 2103 324 2138 meditatum
349 2104 535 2138 consilium
554 2103 598 2138 de
616 2103 842 2137 subversione
860 2103 967 2136 turris
986 2102 1163 2148 complere
1187 2109 1322 2149 posset7
1345 2103 1479 2136 civibus
1499 2114 1628 2148 appre-

116 2161 272 2196 hendere
290 2175 388 2196 arma
404 2162 603 2208 praecepit,
624 2169 843 2208 cunctosque
861 2160 986 2210 gladiis
1004 2161 1186 2209 accingere
1204 2162 1308 2205 fecit.
1331 2169 1371 2196 ut
1388 2162 1415 2195 si
1434 2161 1513 2208 quis
1533 2161 1628 2194 iner-

118 2221 184 2254 mis
203 2220 348 2254 obvians
366 2220 415 2254 eis
440 2220 599 2254 resistere
616 2220 736 2263 vellet7
764 2220 863 2254 facile
882 2225 1156 2267 expugnaretur.
1183 2220 1295 2254 Etiam
1319 2220 1427 2253 mittit
1449 2226 1628 2254 matronae

116 2279 303 2325 episcopus
317 2278 424 2312 verba
441 2279 596 2312 suasoria
614 2290 677 2324 per
692 2278 835 2312 nuntios
850 2278 1063 2324 quibuscum
1078 2276 1270 2323 deciperet.
1287 2290 1368 2312 cum
1385 2278 1468 2312 dolo
1486 2277 1624 2312 dicens:

121 2351 139 2368 α
153 2337 272 2371 Habeo
287 2336 432 2383 pallium
443 2337 607 2379 sericum„
624 2336 669 2370 de
685 2349 757 2383 quo
772 2336 948 2382 planetam
966 2336 1120 2371 casulam
1135 2336 1249 2370 facere
1263 2337 1355 2380 volo,
1372 2337 1433 2371 sed
1447 2349 1519 2371 non
1533 2350 1629 2384 repe—

118 2396 170 2430 rio
191 2396 253 2443 qui
273 2407 348 2429 eam
368 2396 454 2430 sciat
478 2402 549 2430 tam
569 2394 735 2429 decenter
757 2394 912 2429 incidere
933 2401 968 2429 et
991 2395 1240 2429 convenienter
1257 2407 1470 2442 componere
1488 2396 1578 2430 sicut
1596 2403 1629 2430 te

157 2525 164 2543 ¹
187 2524 302 2557 Hei-im.⁷
318 2535 382 2561 pag.
395 2525 441 2552 95.
