2118 3184
591 387 817 423 CHROMCA
850 389 1014 424 fxtiGtDlt
1047 391 1086 425 Ll
1117 391 1279 426 MUlSlS.
1635 397 1698 429 1-'025

178 497 337 530 moribus
365 498 571 545 theologicis
598 510 702 531 uiuis.
734 497 800 531 lste
829 498 995 532 Romuli-a
1023 499 1111 532 urbe
1137 498 1253 533 editus
1279 500 1432 534 animam
1463 500 1602 545 Trajani
1623 501 1695 546 jain

178 555 261 589 olim
289 557 410 602 poenis
437 556 602 590 traditam
633 556 844 602 (liberauit).
874 558 1002 591 sanctis
1029 558 1191 603 lacrymis
1218 559 1407 592 Dominum
1434 558 1602 604 placavit,
1636 560 1697 605 qui

177 626 253 647 eain
274 615 447 649 revocavit
463 615 507 648 ab
528 615 647 648 inferis
663 613 686 646 ¹.
705 614 782 660 lpse
797 615 901 648 etiam
919 616 953 648 in
969 615 1111 650 eeclesia
1126 615 1243 649 divina
1259 616 1371 651 officia
1387 617 1649 651 oculentissime
1664 624 1695 649 vt

179 673 438 720 religiosissime
457 672 598 706 ordinm
608 673 645 706 it.

228 733 329 765 Anno
356 730 429 772 DC,
456 730 628 765 Clotarius
642 759 650 770 ,
677 744 735 765 rex
757 731 936 773 Franciac.
959 731 1081 765 habito
1101 731 1250 765 concilio
1269 744 1376 777 super
1394 732 1494 766 factis
1515 733 1697 767 Brunecil·

176 789 230 824 dis
258 790 397 838 rcginae
420 802 511 836 quae
532 797 626 824 tanta
647 790 736 824 mala
757 790 835 823 fecit
850 817 858 833 .,
882 790 999 823 volens
1023 789 1214 824 vindictam
1241 791 1400 836 accipere
1419 803 1484 836 pro
1503 792 1693 833 «minibus,

179 849 260 882 fecii
280 861 356 882 eam
376 848 558 882 destruere
579 855 611 882 et
633 849 744 882 finire.

229 908 330 941 Anno
352 906 456 941 nclx
470 935 477 946 ,
500 908 547 941 illi
567 907 611 941 de
631 907 779 941 Saxonia
798 914 970 941 venei-unt
990 908 1026 941 in
1047 907 1263 941 Britanniam
1282 914 1317 941 ct
1333 907 1379 941 ibi
1400 908 1512 955 legem
1533 908 1696 942 christia-

178 978 257 1000 nam
277 973 489 1012 acceperunt
509 966 554 999 ab
575 966 788 1014 Augustino.
812 966 917 999 misso
936 979 954 999 a
976 966 1077 999 beato
1097 966 1279 1014 Gregorio.

228 1027 328 1058 Anno
358 1024 464 1067 DCX.
493 1031 635 1059 sanctus
659 1025 849 1072 Gregorius
877 1037 966 1071 papa
993 1024 1149 1058 discessit
1176 1025 1220 1059 ab
1249 1025 1314 1058 liae
1341 1024 1430 1067 vita.
1457 1031 1488 1057 et
1517 1036 1696 1058 successor

175 1083 251 1128 ejus
269 1083 337 1116 fuit
356 1083 541 1116 Fabianus.

226 1142 328 1175 Anno
351 1140 474 1175 DCXH
489 1169 497 1183 „
521 1142 721 1176 Bonifacius
742 1142 809 1175 fuit
832 1154 921 1187 papa
948 1142 1010 1187 qui
1030 1141 1204 1175 ordinavit
1225 1152 1407 1174 romanam
1428 1141 1602 1175 civitatem
1624 1154 1696 1175 esse

176 1206 283 1246 caput
300 1199 438 1233 mundi.
457 1200 589 1234 Eodem
606 1207 782 1246 tempore.
805 1199 996 1241 Clotarius,
1015 1211 1074 1232 rex
1089 1199 1270 1240 Franciac7
1289 1205 1452 1232 mortuus
1471 1206 1520 1232 est
1532 1226 1539 1232 .
1562 1207 1596 1233 et
1613 1213 1695 1234 suc-

175 1270 292 1292 cessor
306 1258 380 1303 ejus
401 1258 467 1291 fuit
490 1258 724 1305 Dagobertus.

225 1317 326 1350 Anno
346 1314 479 1357 DCXV.
502 1315 703 1348 Bonifacius
719 1314 786 1348 fuit
803 1326 893 1360 papa
907 1341 915 1357 7
937 1314 999 1360 qui
1018 1314 1199 1347 ecclesiam
1220 1314 1259 1346 B.
1283 1313 1412 1347 Mariae
1431 1314 1619 1348 rotundam
1641 1328 1696 1349 re—

174 1373 321 1420 paravit.
344 1373 392 1407 Eo
408 1379 569 1419 tempore
586 1400 595 1415 7
618 1373 686 1406 fuit
704 1373 897 1418 imperator
915 1372 1082 1406 Eraclius.

225 1433 328 1466 Anno
354 1430 516 1475 DCXXI.
543 1430 722 1465 Deodatus
744 1437 819 1464 erat
841 1442 953 1476 papa.
985 1430 1047 1477 qui
1075 1430 1217 1463 missam
1245 1430 1488 1464 matutinalem
1516 1431 1692 1464 stabilivit.

178 1490 309 1525 Eodem
329 1496 509 1535 tempore.
531 1488 656 1523 Judaei
678 1489 713 1522 in
732 1488 897 1535 Hispania
918 1487 1026 1522 fidem
1047 1487 1175 1522 Christi
1194 1494 1420 1533 acceperunt.

225 1550 326 1582 Anno
347 1546 532 1590 DCXXIV.
555 1546 756 1581 Bonifacius
775 1559 867 1593 papa
885 1546 1053 1580 stabilivit
1075 1545 1173 1592 quod
1194 1558 1316 1579 omncs
1340 1546 1377 1578 in
1400 1546 1552 1579 ecclesiis
1573 1547 1642 1579 sint
1662 1547 1696 1580 in

177 1618 262 1653 pace
280 1613 316 1640 et
333 1605 487 1640 habeant
506 1606 770 1639 munimentum
789 1612 825 1639 ct
842 1605 1034 1653 refugium.

227 1666 328 1699 Anno
348 1664 541 1707 DCXXIX„
564 1665 798 1713 Dagobertus‚
820 1676 879 1698 rex
900 1664 1064 1698 Franciae
1077 1690 1085 1705 7
1108 1669 1270 1697 moi-tuus
1288 1669 1358 1706 est7
1377 1669 1412 1697 ct
1431 1662 1543 1697 Clovis
1561 1675 1696 1697 succes—

176 1737 235 1758 sor
252 1724 328 1770 ejus
347 1723 427 1757 fuit.

226 1783 328 1816 Anno
348 1781 573 1825 DCXXXU,
597 1787 738 1816 sanctus
763 1780 932 1815 Odoe'nus
950 1780 1019 1814 fuit
1040 1779 1328 1825 archiepiscopus
1350 1779 1616 1827 Rotomagcnsis
1635 1791 1695 1813 or-

177 1840 332 1874 dinatus.
354 1839 486 1873 Eodem
509 1851 624 1883 anno,
652 1840 777 1873 heatus
800 1839 931 1887 Eligius
955 1845 1029 1872 erat
1047 1837 1266 1883 conjunctim
1290 1837 1533 1871 Noviomensis
1558 1844 1592 1870 et
1611 1837 1696 1871 Tor—

179 1899 336 1933 naceusis
361 1899 560 1944 episcopus.
589 1898 631 1932 Et
655 1910 748 1932 anno
774 1897 900 1932 eodem
915 1924 923 1939 ,
947 1897 1101 1931 Eraclius
1125 1895 1218 1941 cepit
1243 1895 1420 1929 civitatem
1441 1895 1634 1929 Jerusalem
1661 1902 1695 1929 et

179 1956 335 1991 reddidit
357 1968 434 1990 eam
454 1955 672 1990 Christianis.

229 2017 332 2049 Anno
352 2013 555 2058 DCXLYII.
581 2013 795 2058 Clodoveus7
820 2026 881 2047 rex
902 2013 1083 2055 Franciae⁷
1112 2019 1274 2045 mortuus
1298 2018 1367 2054 est„
1391 2018 1426 2045 et
1453 2011 1694 2044 Theodericus

177 2086 357 2108 successor
375 2073 450 2119 ejus
470 2073 537 2106 fuit
549 2100 557 2115 7
579 2080 614 2107 et
634 2080 714 2119 post
732 2073 800 2107 fuit
819 2073 984 2119 expulsus
1003 2071 1048 2105 de
1067 2071 1223 2105 Francia.
1245 2071 1287 2104 Et
1305 2070 1476 2104 Martinus
1494 2082 1585 2115 papa
1603 2076 1688 2103 erat.

226 2133 328 2166 Anno
349 2131 448 2166 DCLI
460 2158 468 2174 7
485 2138 627 2166 sanctus
646 2131 883 2180 Leodegarius
901 2137 975 2165 erat
993 2131 1179 2176 episcopus
1199 2128 1391 2163 Aeduensis
1406 2135 1441 2162 et
1460 2128 1527 2161 fuit
1542 2128 1690 2162 occisus.

228 2192 330 2224 Anno
350 2189 562 2233 DCLXXIV.
589 2190 712 2224 beatus
731 2189 942 2224 Benedictus
961 2195 995 2222 et
1013 2189 1114 2222 beata
1128 2187 1359 2230 Scholastica,
1381 2199 1480 2220 soror
1499 2186 1591 2231 ejus.
1615 2186 1694 2219 fuc—

179 2256 263 2284 runt
282 2249 318 2283 in
337 2249 516 2282 Franciam
535 2247 710 2294 deportati
724 2276 732 2292 a
754 2255 788 2282 et
808 2249 930 2282 beatus
950 2247 1118 2282 Odo'enus
1137 2245 1294 2279 discessit
1312 2246 1356 2279 ab
1374 2245 1440 2279 hac
1459 2245 1540 2278 vita.

230 2309 331 2341 Anno
351 2305 603 2349 DCLXXVIII.
628 2306 793 2352 Pipinus,
814 2313 913 2352 pater
928 2305 1042 2339 Karoli
1062 2303 1227 2346 Mai-tolli.
1248 2309 1410 2337 mortuus
1429 2309 1497 2343 estq
1520 2309 1555 2336 ct
1573 2303 1692 2336 Theo-

177 2365 318 2400 dericus
337 2371 499 2398 mortuus
518 2370 581 2398 est.

220 2500 228 2518 ¹
251 2500 356 2527 Anilem
367 2499 438 2527 hanc
447 2499 566 2527 fabulam
578 2500 650 2526 serio
658 2500 738 2526 nimis
747 2500 871 2526 confutat
883 2498 915 2525 D.
927 2498 1067 2526 Get-ardus
1077 2497 1181 2524 casieet
1194 2507 1201 2523 2
1215 2498 1335 2523 Controv.
1349 2495 1570 2522 ecclesiast.—lu‘st.
1584 2506 1611 2531 p.
1628 2496 1691 2522 422.

278 2548 365 2582 Toni.
397 2548 440 2581 11.
1553 2542 1596 2576 19
