2118 3184
609 379 836 414 CHROMCA
866 380 1033 414 Aliiitnll
1063 380 1102 415 Ll
1133 380 1294 415 MUlSlS.
1643 383 1705 418 131

190 488 404 523 Thorntam.
437 489 603 536 magister
628 488 672 522 de
699 488 888 522 (homolus
913 496 945 522 rt
975 490 1139 536 magister
1165 489 1293 523 doinus
1320 489 1364 523 (le
1390 489 1546 535 Merhys.
1583 490 1709 524 Omnia

187 546 300 580 ollieia
315 546 490 581 antedicta
505 554 584 580 sunt
607 548 641 581 in
661 547 807 580 arbitrio
822 547 958 581 abbatis
977 547 1193 582 ordinanda.
1216 555 1361 594 excepto
1377 548 1511 594 priore.
1532 549 1592 594 qui
1614 549 1708 582 insti-

187 606 300 638 tuitur
316 618 377 651 pcr
394 605 685 638 nominatioiwin.
706 606 944 651 l‘racpositus.
963 606 1134 639 cellarius.
1158 606 1254 652 prior
1267 607 1376 640 saneti
1395 605 1556 650 Amandi.
1574 605 1708 653 dejure

185 663 402 706 officiorum,
425 670 459 697 ct
481 664 646 711 magister
668 663 712 697 dc
742 664 946 698 (huntam.
973 664 1117 711 quamlo
1141 671 1220 697 sunt
1245 665 1279 698 in
1305 665 1537 708 monasterio.v
1562 672 1708 712 possunt

188 721 237 755 iri¹
252 722 286 755 in
306 723 382 756 xilla
400 723 473 756 sinc
494 723 643 756 licentia.
665 723 912 757 lleililituarius
937 730 1073 761 autem.
1096 730 1283 770 postquam
1303 731 1496 758 conventus
1516 725 1706 759 surrexerit.

187 786 220 813 et
241 793 352 827 usquc
371 780 415 814 ad
436 781 677 823 collationem.
696 788 806 828 potest
824 782 897 814 sinc
918 782 1054 815 licentia
1074 782 1122 815 irc
1138 783 1172 815 in
1189 782 1284 825 xilla.
1302 789 1335 815 et.
1350 783 1454 816 etiam
1469 784 1495 816 si
1513 784 1705 831 perignem

187 839 231 872 sit
249 839 438 873 domorum
461 841 628 873 crematio
642 868 649 874 .
673 847 743 873 tam
758 840 872 873 dedic
886 853 993 886 quain
1009 840 1053 873 dr
1073 847 1192 874 nocte.
1211 847 1323 886 potest
1345 841 1394 875 ire
1408 849 1439 875 ct
1457 854 1567 888 equos
1582 854 1705 888 capere

187 904 221 931 et
237 898 404 932 familiam
419 898 462 932 atl
479 899 711 933 haereditates
727 898 993 932 conservandas.
1012 899 1135 932 Nullus
1151 899 1238 933 alius
1257 899 1360 933 debet
1381 901 1474 933 exire
1493 907 1589 934 extra
1608 907 1705 946 septa

186 958 388 990 monasterii
412 957 545 1003 absque
572 957 709 990 licentia
737 957 872 990 abbatis·
898 970 959 990 scu
987 957 1128 1003 prioris.
1160 958 1211 991 vel
1241 970 1365 991 eornm
1391 958 1507 992 locum
1538 959 1700 992 tenentis.

184 1013 226 1048 Et
245 1027 368 1048 omnes
387 1015 587 1049 claustrales
604 1014 749 1062 quando
765 1015 885 1049 volunt
905 1015 997 1048 exire
1018 1016 1227 1049 claustrum.
1246 1015 1377 1049 debent
1392 1028 1453 1062 per
1472 1017 1571 1064 signa
1586 1023 1704 1062 petere

183 1072 361 1107 licentiam
380 1074 424 1107 ab
440 1086 511 1107 uno
529 1076 696 1107 existi-nte
711 1073 755 1107 ad
774 1073 948 1107 ordinem.
969 1074 1269 1119 lili-einos)narius
1283 1075 1356 1106 sine
1372 1074 1508 1107 licentia
1525 1081 1639 1120 potest
1654 1075 1703 1108 ire

181 1131 227 1165 ad
246 1132 516 1179 eleemosynam.
536 1133 790 1166 'l'ln-saurarius
805 1132 909 1165 ctiam
926 1133 960 1165 in
979 1132 1125 1165 introitu
1143 1132 1262 1177 templi
1283 1131 1326 1165 ad
1347 1139 1483 1177 portam
1499 1139 1531 1166 et
1547 1133 1612 1166 alia
1629 1133 1702 1167 loca

182 1197 298 1237 potest
317 1191 366 1225 ire
384 1191 458 1225 sine
485 1191 623 1224 licentia
644 1191 740 1224 horis
759 1190 1054 1235 competentibus.
1080 1190 1144 1222 Alii
1167 1190 1279 1222 officia
1299 1189 1469 1222 habentes
1489 1198 1635 1235 possunt
1653 1191 1702 1224 ire

180 1248 226 1283 ad
245 1262 307 1283 sua
325 1250 437 1283 officia
453 1248 658 1283 exercenda.
678 1249 718 1281 Et
736 1248 780 1281 dc
799 1247 1056 1281 consuetudine
1070 1248 1215 1293 antiqua
1229 1247 1410 1281 vinitarius
1425 1254 1459 1281 et
1474 1250 1701 1294 coquinarius

182 1308 313 1343 debent
330 1308 447 1342 dicere
465 1320 547 1341 cum
567 1307 715 1340 infirmis
734 1306 917 1340 monachis
932 1306 983 1339 vel
999 1318 1081 1339 cum
1099 1306 1328 1339 existentibus
1351 1312 1447 1339 extra
1469 1306 1619 1340 chorum
1633 1334 1641 1350 ‚
1663 1314 1703 1341 ut

182 1366 319 1401 dictum
338 1373 409 1409 est.
434 1366 539 1400 horas
559 1366 783 1399 nocturnales
802 1366 837 1398 in
855 1365 986 1411 capella
1006 1365 1126 1398 beatae
1143 1364 1271 1398 Mariae
1285 1364 1330 1398 ad
1346 1365 1559 1398 breviarium
1573 1392 1581 1408 a
1600 1365 1699 1412 quod

182 1437 321 1472 semper
335 1424 467 1459 ibidem
483 1423 589 1458 debet
602 1436 675 1457 esse
686 1451 694 1467 a
712 1424 747 1458 in
766 1423 892 1458 diebus
906 1424 1141 1470 simplicibus7
1160 1430 1194 1457 et
1210 1436 1282 1457 esse
1302 1423 1336 1457 in
1353 1423 1509 1457 secundo
1528 1430 1702 1458 nocturno

181 1485 218 1518 in
234 1484 344 1519 choro
360 1496 442 1518 cum
461 1490 656 1526 conventu,
675 1483 710 1517 in
728 1483 954 1517 inferioribus
972 1483 1095 1516 formis
1112 1482 1157 1516 ad
1178 1489 1314 1528 partem
1333 1494 1452 1516 versus
1471 1483 1578 1516 altare
1596 1494 1702 1528 supra

181 1542 437 1586 subdiaconos,
459 1548 494 1575 et
516 1542 552 1575 in
575 1541 742 1575 omnibus
765 1540 952 1575 dominicis
972 1547 1007 1574 et
1025 1540 1120 1574 festis
1139 1539 1329 1574 duodecim
1349 1540 1551 1574 lectionum.
1572 1540 1697 1575 Nullus

181 1614 201 1636 a
224 1602 406 1636 matutinis
428 1607 614 1635 excusatur
643 1600 793 1634 existens
816 1600 852 1634 in
875 1600 985 1634 choro
1008 1600 1072 1633 nisi
1100 1599 1249 1643 infirmi7
1275 1599 1428 1633 seniores
1449 1599 1484 1632 in
1508 1599 1700 1633 infirmaria

181 1661 367 1695 existentes
391 1666 426 1693 et
447 1659 615 1705 jacentes.
645 1659 686 1692 Et
709 1658 736 1692 si
761 1657 955 1702 deficiunt7
982 1657 1115 1691 debent
1138 1658 1173 1691 in
1197 1658 1350 1703 capitulo
1376 1670 1411 1691 sc
1433 1670 1695 1705 recognoscere.

182 1719 224 1753 Et
241 1717 413 1765 quamdiu
433 1717 631 1764 praedictae
654 1716 927 1751 consuetudines
945 1716 1077 1751 fuerint
1096 1717 1298 1750 observatae
1320 1723 1354 1750 et
1377 1717 1462 1750 aliae
1483 1717 1613 1750 multae
1630 1716 1699 1750 ho-

181 1784 296 1811 nestae
309 1804 317 1820 7
339 1777 434 1810 fama
449 1777 541 1810 bona
562 1782 636 1809 erat
649 1774 693 1809 de
713 1775 947 1819 monasterio7
969 1781 1004 1809 et
1023 1781 1124 1809 erant
1142 1786 1311 1821 personae
1330 1786 1452 1809 omnes
1470 1775 1514 1808 ab
1534 1775 1698 1809 omnihus

181 1836 422 1870 ecelesiasticis
443 1843 478 1869 et
499 1834 714 1869 secularibus
736 1834 942 1869 honoratae.

271 1984 430 2020 Nomina
455 1982 712 2016 monachorum
732 1988 766 2017 et
788 1993 1052 2024 conversorum,
1074 1994 1159 2028 quos
1178 1984 1301 2016 inveni
1317 1983 1358 2016 in
1375 1985 1597 2016 monasterio.

223 2098 318 2127 Abbas
332 2120 339 2133 ‚
367 2097 502 2125 dominus
526 2097 672 2126 ‚lohannes
694 2098 912 2136 Carpentarius.

220 2146 318 2180 Prior,
335 2146 481 2174 Johannes
501 2144 537 2173 de
557 2146 722 2174 Cameraco.

221 2194 364 2232 Supprior
377 2215 384 2228 ,
400 2193 536 2232 Aegidius
548 2193 583 2221 de
598 2194 710 2222 Brassia.

220 2243 336 2271 Tertius
348 2243 428 2280 prior
441 2263 448 2278 ‚
461 2242 606 2270 ,lohannes
623 2242 659 2270 de
673 2241 788 2280 Frigido
802 2243 911 2269 Monte.

219 2290 521 2325 Johannesssraibans,
530 2290 733 2318 tcnenslocum
741 2289 910 2328 praepositi.

221 2338 358 2378 Aegidius
372 2337 467 2366 dicius
481 2337 681 2376 praepositi=S‚
699 2337 844 2366 cellarius.

219 2388 366 2416 Walter-us
380 2385 416 2414 de
431 2385 560 2414 Condate
572 2408 579 2420 ‚
595 2385 851 2423 eleemosynarius.

220 2435 367 2464 =lohannes
378 2434 413 2463 de
426 2434 564 2469 Havines,
580 2433 788 2462 thesaurarius.

217 2484 375 2513 Balduinus
389 2483 496 2519 Faber,
513 2483 711 2522 pitantiarius.

1002 2096 1165 2125 Willelmus
1179 2097 1337 2135 Castagne,
1355 2097 1544 2126 infirmarius.

1003 2145 1134 2173 Helliuus
1149 2143 1185 2172 de
1200 2144 1326 2172 Brueriis
1336 2166 1343 2179 ‚
1360 2145 1524 2173 vinitarius.

1001 2193 1099 2221 Simon
1115 2191 1151 2220 de
1167 2192 1256 2227 Leda,
1274 2192 1474 2230 coquinarius.

1002 2240 1140 2279 Acgidius
1154 2239 1189 2267 dc
1204 2240 1373 2274 Warnavia,
1390 2241 1569 2278 capellanus.

1001 2289 1126 2317 Jacobus
1139 2287 1175 2315 de
1191 2288 1263 2315 Lens
1275 2309 1282 2321 ‚
1297 2287 1378 2325 prior
1392 2288 1482 2315 sancti
1498 2289 1632 2318 Amandi.

1003 2336 1140 2376 Aegidius
1156 2336 1303 2364 Dieulessst
1314 2358 1321 2371 ‚
1338 2336 1518 2375 magisterde
1526 2338 1692 2367 Chantelus.

1001 2385 1126 2413 Jacobus
1140 2385 1169 2412 Li
1187 2385 1326 2413 Karetons
1336 2407 1343 2420 ‚
1366 2385 1504 2424 magister
1518 2385 1554 2414 de
1564 2386 1693 2415 Merbiis.

1000 2434 1103 2462 Petrus
1116 2434 1254 2461 Ruscans.

1001 2481 1147 2510 lohannes
1164 2481 1300 2510 Tiebaus.
