2118 3184
817 442 961 478 APPEN
968 441 1107 477 DICES.
1645 440 1715 475 923

193 553 306 589 agendis
316 559 427 580 strenue
441 552 629 589 gubernabat,
645 562 686 578 me
702 558 767 578 tunc
782 553 912 587 temporis
926 553 952 578 in
961 552 1120 588 captivitate
1135 551 1276 577 Barrensis
1290 550 1396 577 comitis
1407 549 1553 581 existente,
1567 557 1658 575 coram
1670 549 1717 575 ho-

191 601 311 626 minibus
325 601 425 626 nostris
441 600 555 626 feodatis
569 600 683 626 inferius
697 600 850 626 subnotatis
863 593 891 626 et
908 600 967 626 aliis
975 599 1187 635 quampluribus
1198 599 1250 624 fide
1259 598 1348 634 dignis
1361 597 1458 623 adhoc
1469 606 1484 623 a
1497 596 1576 623 dictis
1589 597 1715 632 partibus

191 649 217 673 iu
234 649 420 674 testimoninm
439 648 573 674 evocatis.
586 647 692 681 jndicio
704 647 839 673 diciorum
855 648 995 674 hominnm
1011 647 1045 672 ad
1060 647 1110 673 hoc
1124 656 1155 673 ex
1167 652 1245 682 parte
1259 646 1348 672 dictae
1359 645 1459 671 Mariae
1474 645 1565 670 uxoris
1578 653 1654 670 meae
1667 654 1716 679 per

191 695 345 721 ,Iohannem
359 695 462 720 dictum
475 695 510 721 de
527 694 712 729 l'ensenflhem
725 714 732 720 .
749 699 815 720 tunc
828 695 958 720 ballivum
972 699 1112 720 nostrum.
1130 694 1182 719 rite
1195 693 1415 719 submonitorum
1430 691 1528 717 dictam
1543 692 1714 718 Ninivensem

189 741 331 768 ecclesiam
345 741 495 767 secundum
512 741 594 766 ritum
605 761 612 769 .
632 741 718 775 legem
733 745 759 767 et
769 742 948 776 approbatam
961 741 1188 767 consuetudinem
1205 745 1309 771 terrae,
1330 738 1486 774 praemissis
1502 739 1661 774 werpitione
1674 737 1716 764 es-

189 788 314 816 l'estucali
328 794 356 815 et
370 789 568 824 protestatione
581 789 656 824 quod
671 788 738 814 nihil
755 789 828 823 juris
842 789 952 815 indicto
971 798 1082 814 nemore
1095 787 1225 823 deinceps
1243 787 1293 813 sibi
1305 791 1485 822 cognosceret
1495 807 1501 818 ‚
1516 786 1647 812 adhibitis
1660 795 1713 812 om-

193 837 274 863 nibus
283 836 503 862 solemnitatibus
512 846 582 871 quae
595 841 659 862 sunt
668 836 701 862 de
711 836 776 870 jure
785 841 810 862 et
819 836 1019 862 consuetudine
1029 836 1054 861 in
1065 835 1222 870 hujusmodi
1233 833 1404 860 adhibendae
1413 834 1601 860 contractibus
1609 854 1615 866 ‚
1627 834 1717 859 inves-

189 884 321 918 tivitjure
333 883 518 910 haereditario
528 883 598 910 idem
614 893 710 910 nemus
720 893 734 909 a
743 884 814 909 dicta
826 884 939 910 ecclesia
950 883 983 909 ad
994 892 1115 909 :intutum
1129 892 1242 909 censum
1256 888 1377 917 qnatnor
1388 881 1563 908 denariorum
1575 880 1716 906 lovanien-

189 932 258 958 sium
277 931 312 957 de
330 931 445 967 singulis
455 932 575 957 bonariis
591 931 665 957 dieto
688 931 824 957 willelmo
838 932 922 957 certis
936 931 1058 956 terminis
1073 929 1268 956 solvendorum
1282 930 1307 955 in
1325 934 1489 965 perpetuum
1507 927 1713 963 possidendum.

190 978 247 1004 Hoc
256 977 368 1014 quidem
380 983 474 1004 notato
490 979 564 1014 quod
577 979 659 1012 hujus
677 979 880 1005 liaercdationis
893 983 1067 1009 contractus,
1083 987 1139 1013 qno
1156 977 1228 1003 dicta
1241 977 1354 1003 ecclesia
1369 977 1396 1003 in
1411 975 1581 1002 haereditate
1595 980 1636 1001 est
1650 975 1715 1000 dicti

190 1027 310 1052 nemoris
324 1027 452 1053 investita
462 1047 469 1058 ‚
482 1026 638 1052 celebratus
652 1031 692 1052 est
706 1036 756 1062 per
769 1026 892 1052 ordinem
902 1047 908 1052 .
925 1026 998 1060 apud
1014 1025 1117 1051 dictum
1134 1024 1222 1050 locum
1233 1024 1268 1050 de
1279 1023 1576 1059 (irinibergis,j1=dicio
1590 1022 1716 1048 scabino-

190 1082 251 1099 rum
260 1074 294 1100 de
302 1073 462 1109 Ledeberga
471 1073 691 1109 subscriptorum
698 1094 704 1101 ,
715 1073 747 1098 ad
758 1073 808 1099 huc
817 1073 869 1098 rite
876 1072 1096 1098 submonitorum
1109 1071 1210 1097 eisdem
1219 1071 1338 1097 scabinis
1347 1070 1488 1106 praedicto
1498 1069 1568 1100 loco,
1579 1077 1714 1094 consensu

190 1120 280 1146 dictae
289 1121 390 1146 Mariae
405 1120 497 1146 uxoris
512 1129 601 1146 meae.
613 1120 646 1145 ad
658 1121 817 1155 petitionem
827 1119 892 1145 dicti
902 1118 1030 1144 Willelmi
1041 1139 1047 1149 ,
1061 1128 1074 1144 a
1083 1118 1290 1144 dictoJohanne
1302 1117 1402 1143 ballivo
1412 1126 1472 1142 meo
1485 1125 1615 1143 concesso
1625 1136 1632 1148 .,
1644 1120 1673 1140 ut
1682 1115 1716 1141 de

189 1167 261 1194 dicta
274 1168 469 1194 haeredatione
479 1167 593 1193 liberius
605 1172 632 1193 et
640 1166 989 1201 effectuosiusjudicarent.
999 1166 1096 1201 Itaque
1104 1165 1138 1191 de
1149 1165 1276 1191 omnibus
1284 1164 1444 1200 praelibatis
1451 1184 1458 1193 ,
1467 1163 1594 1189 videlicet
1602 1162 1636 1189 de
1648 1162 1717 1188 resi—

190 1215 320 1249 gnatione
340 1215 406 1241 dicti
428 1214 501 1240 feodi
518 1219 545 1241 et
561 1215 713 1240 mutatione
728 1223 776 1239 seu
792 1213 970 1239 translatione
985 1212 1107 1247 ejusdem
1128 1213 1154 1238 in
1169 1212 1367 1237 haereditatem
1387 1216 1415 1237 et
1433 1210 1614 1241 investitura,
1632 1214 1715 1245 prout

190 1262 319 1298 superins
331 1266 394 1288 sunt
407 1270 534 1297 expressa
543 1282 550 1292 ⁷
562 1261 654 1287 taliter
667 1260 818 1287 secundum
827 1261 901 1294 juris
912 1260 1035 1286 ordinem
1049 1268 1208 1294 processum
1221 1263 1275 1285 est.
1291 1258 1365 1294 quod
1379 1257 1447 1283 nihil
1457 1258 1483 1283 in
1493 1257 1595 1283 eisdem
1607 1256 1641 1282 de
1651 1265 1718 1282 con-

190 1309 361 1346 tingentibus
376 1313 417 1335 est
434 1309 575 1334 omissum.
591 1307 669 1334 [nde
684 1317 735 1344 ego
747 1307 904 1342 Philippus,
924 1307 1013 1333 dictus
1028 1315 1135 1337 comes,
1159 1306 1250 1331 omnia
1269 1310 1428 1341 praetaxata
1442 1313 1491 1340 per
1509 1313 1671 1330 consensum
1689 1308 1716 1329 et

190 1357 312 1393 regimen
328 1356 418 1382 dictae
431 1356 534 1382 Mariae
548 1355 642 1381 uxoris
657 1364 732 1380 meae
746 1355 818 1380 inter
831 1354 917 1380 dictas
931 1359 1024 1389 partes
1041 1354 1094 1379 rite
1109 1353 1202 1378 habita
1219 1357 1246 1378 et
1260 1357 1416 1384 contracta,
1441 1361 1512 1387 quae
1526 1351 1631 1377 scilicet
1646 1359 1714 1376 uxor

191 1413 249 1430 mea
264 1413 427 1430 consensum
441 1412 529 1428 meum
545 1402 579 1428 de
590 1402 757 1428 omnibusiis
766 1401 846 1428 dictis
861 1402 986 1436 partibus
1000 1401 1171 1436 repromisit,
1184 1399 1281 1432 laudo,
1295 1399 1434 1435 approbo,
1447 1404 1473 1425 et
1486 1408 1517 1425 ea
1530 1399 1634 1430 omnia,
1651 1399 1715 1434 quia

188 1451 310 1487 legitime
327 1455 393 1476 sunt
411 1454 537 1485 peracta,
554 1454 683 1484 tanquam
699 1449 826 1484 superior
844 1448 970 1474 dominus
981 1469 987 1479 ,
1005 1457 1065 1474 meo
1082 1447 1188 1483 placido
1207 1456 1319 1473 assensu
1331 1467 1338 1479 ‚
1356 1446 1550 1472 ratihabitione
1563 1446 1712 1477 confirmo,

190 1507 252 1524 cum
265 1497 346 1533 plena
358 1502 386 1523 et
396 1496 520 1532 perfecta
534 1496 694 1522 warandisia
705 1516 712 1528 ‚
729 1505 811 1531 quam
827 1495 917 1521 dictae
931 1495 1063 1521 ecclesiae
1075 1500 1171 1521 contra
1185 1503 1375 1530 quoscumque
1389 1493 1423 1519 ad
1436 1494 1484 1528 jus
1497 1499 1525 1520 et
1538 1493 1609 1519 diem
1621 1493 1715 1519 venire

189 1545 314 1572 volentes
325 1554 409 1580 super
421 1545 515 1580 quieta
523 1543 695 1579 possessione
706 1543 770 1569 dicti
785 1543 905 1569 nemoris
918 1552 969 1578 ego
980 1547 1007 1568 et
1019 1551 1192 1569 successores
1206 1542 1257 1568 mei
1268 1541 1424 1568 tenebimur
1432 1541 1458 1567 in
1467 1546 1634 1576 perpetuum
1644 1539 1715 1566 exhi·

190 1593 268 1619 bere.
278 1593 317 1619 Ne
325 1601 391 1618 vero
403 1592 492 1618 omnia
506 1592 694 1627 suprascripta
703 1600 753 1626 per
761 1590 925 1616 oblivionem
935 1600 949 1616 a
959 1590 1088 1616 memoria
1096 1589 1237 1616 hominum
1247 1588 1401 1621 elabantur,
1419 1588 1576 1615 auteisdem
1584 1597 1712 1614 successu

190 1641 322 1676 temporis
329 1639 419 1666 valeat
429 1640 574 1675 quisquam
585 1648 653 1665 ausu
663 1639 808 1665 temerario
816 1638 965 1670 contraire,
977 1642 1148 1674 praesentem
1159 1637 1285 1673 paginam
1293 1657 1300 1666 ,
1310 1636 1344 1662 ad
1354 1637 1509 1662 instantiam
1517 1636 1713 1672 etpetitionem

189 1687 256 1714 dicti
266 1687 395 1714 Wittetmi
403 1687 490 1713 nostri
501 1686 618 1713 hominis
626 1685 738 1719 feodati,
749 1695 810 1712 cum
819 1686 1013 1712 subnotatione
1022 1685 1162 1711 hominum
1174 1684 1347 1711 feodatorum
1356 1689 1514 1710 nostrorum
1525 1683 1711 1716 scabinorum,

190 1740 245 1761 tam
259 1734 294 1761 de
308 1734 477 1770 Grimbergis
491 1743 572 1769 quam
594 1733 628 1760 de
642 1733 820 1769 Ledeberga‚
837 1742 868 1758 ae
881 1734 962 1759 etiam
977 1732 1086 1758 testium
1100 1732 1148 1768 qui
1167 1731 1360 1767 praesentibus
1377 1731 1564 1757 contractibus
1579 1730 1714 1756 interfue-

190 1787 256 1809 runt
265 1783 369 1819 rogati,
383 1791 432 1808 nec
444 1791 497 1808 non
509 1781 661 1817 sigillorum
674 1786 831 1807 nostrorum
843 1781 1022 1816 appensione,
1031 1780 1064 1805 ad
1077 1779 1187 1814 majoris
1194 1779 1304 1805 roboris
1315 1778 1470 1804 firmitatem
1485 1777 1612 1803 duximus
1624 1778 1715 1803 consi-

189 1830 337 1866 gnandam.
352 1829 482 1855 Homines
496 1828 597 1855 feodati
611 1833 676 1854 sunt
690 1829 733 1854 isti
748 1838 754 1854 :
768 1828 919 1859 Henrieus,
933 1827 1060 1854 dominus
1071 1827 1105 1853 de
1118 1826 1223 1858 Ascha,
1243 1825 1406 1861 Radulphus
1417 1825 1451 1851 de
1465 1825 1552 1851 wilra
1562 1846 1569 1858 ‚
1586 1824 1665 1861 Hugo
1679 1825 1713 1851 de

189 1875 337 1913 Sceplaken
347 1897 355 1911 ,
370 1876 519 1903 Balduinus
534 1876 567 1902 de
580 1875 665 1908 Eska,
681 1875 821 1902 lohannes
834 1875 868 1902 de
886 1875 972 1909 Cant,
990 1875 1128 1901 Arnoldus
1143 1874 1177 1900 de
1196 1874 1266 1910 Lyra
1276 1895 1282 1906 ,
1299 1873 1441 1900 Johannes
1455 1873 1488 1899 de
1504 1873 1583 1906 Lent,
1597 1872 1711 1903 milites,

188 1924 310 1961 Sygerus
327 1924 361 1951 de
379 1924 484 1961 Damp,
507 1924 628 1960 Sygerus
642 1923 676 1950 de
690 1923 778 1955 Maal,
796 1923 917 1959 Sygerus
935 1923 968 1949 de
983 1922 1092 1955 Castro,
1108 1922 1244 1948 Henricus
1256 1921 1290 1947 de
1305 1921 1375 1956 Lyra
1385 1942 1392 1953 ‚
1411 1921 1546 1947 Henricns
1559 1920 1592 1946 de
1606 1920 1694 1946 Nisela
1704 1942 1711 1950 ,

188 1972 328 1999 ‚lohannes
346 1971 389 1998 del
402 1972 505 1998 Donck.
527 1971 636 1998 Scabini
654 1971 688 1997 de
708 1971 877 2007 Grimbergis
896 1976 961 1996 sunt
979 1971 1022 1996 isti
1038 1980 1044 1996 :
1063 1970 1203 1996 Johannes
1218 1968 1248 1994 tle
1262 1968 1367 1994 Broder
1380 1967 1470 1994 wellen
1485 1967 1516 1993 de
1532 1967 1645 2001 Vorder,
1660 1968 1712 1994 Ar-

190 2019 312 2055 nulphus
325 2018 493 2055 Ilofnaqhel,
508 2018 650 2044 walterus
665 2017 698 2044 de
706 2017 816 2052 Boxem,
831 2017 993 2052 Arnnlphns
1005 2017 1039 2043 de
1052 2016 1222 2048 Molendino,
1238 2015 1372 2041 Henricus
1384 2014 1496 2040 Porcus.
1510 2014 1619 2040 Seabini
1629 2015 1710 2041 etiam

189 2066 224 2093 de
237 2065 416 2103 Ledebergha
430 2070 494 2091 sunt
511 2065 555 2091 isti
571 2075 578 2091 :
595 2064 797 2097 Theodericus,
812 2064 901 2090 dictus
916 2064 1021 2095 Mori-e,
1038 2063 1188 2090 Paridanus
1201 2068 1227 2088 et
1240 2061 1394 2088 willelmus
1409 2061 1442 2087 de
1457 2060 1601 2097 Berghem.
1617 2062 1712 2088 Testes

191 2118 284 2140 autem
298 2118 363 2139 sunt.
377 2113 437 2139 isti:
449 2112 600 2139 Gossuinus
611 2133 618 2144 ‚
635 2112 719 2138 abbas
727 2112 761 2138 de
773 2112 957 2148 Grimbergis,
973 2110 1059 2137 frater
1073 2110 1173 2146 Symon
1183 2131 1190 2142 ,
1201 2110 1374 2145 praepositus
1388 2108 1500 2138 ibidem,
1515 2108 1602 2135 frater
1610 2109 1713 2136 Willel-

192 2170 252 2187 mus
270 2161 347 2196 prior
357 2182 364 2193 ‚
388 2160 474 2187 frater
490 2160 661 2192 willelmus,
681 2159 814 2195 plebanus
824 2181 830 2191 ,
854 2159 941 2185 frater
959 2158 1099 2185 Walterus
1111 2158 1145 2184 de
1160 2157 1269 2184 Marcha
1279 2177 1286 2188 ,
1300 2158 1449 2183 canonicus
1463 2156 1527 2182 dicti
1540 2155 1608 2187 loci,
1624 2156 1710 2182 frater

191 2208 290 2239 Rasso,
301 2208 386 2234 frater
403 2208 560 2238 Wibertus,
580 2207 666 2233 frater
679 2207 836 2240 Johannes,
857 2207 1043 2242 praepositus,
1059 2206 1182 2232 canonici
1203 2205 1375 2238 Ninivenses3
1394 2203 1534 2230 Johannes
1551 2203 1585 2230 de
1599 2203 1708 2236 Castro,

190 2255 277 2291 Goloy
286 2255 320 2282 de
330 2255 415 2282 witra
426 2277 432 2288 2
447 2256 587 2282 Johannes
599 2255 634 2281 de
647 2254 747 2287 Ascha,
758 2255 857 2281 milites
866 2276 873 2288 ‚
884 2259 911 2281 et
923 2254 968 2280 alii
981 2254 1170 2290 quamplures.
1182 2253 1279 2279 Actum
1289 2252 1362 2287 apud
1371 2251 1566 2287 Grimberghes
1574 2271 1581 2284 e
1591 2251 1618 2277 in
1627 2252 1708 2284 atrio,

191 2312 262 2329 anno
277 2302 383 2330 Domini
399 2303 581 2336 MCCLM‘H,
597 2311 688 2329 mense
703 2302 784 2328 Maio.

903 2348 1011 2380 Original
1021 2367 1028 2377 ,
1041 2348 1102 2372 deux
1113 2355 1199 2372 sccaux
1211 2356 1240 2372 en
1252 2348 1299 2371 cire
1311 2347 1385 2371 brune
1398 2346 1582 2378 endommageS,
1595 2346 1711 2377 pendants

934 2392 947 2414 a
958 2390 1056 2414 doubles
1068 2398 1157 2422 qneues
1167 2390 1196 2414 de
1209 2389 1355 2421 parchemin.
