2118 3184
441 386 705 422 CHRONICON
734 387 948 423 BALDUINI
975 388 1280 424 NINOVIENSIS.
1546 393 1616 427 715

97 494 290 529 triennium
314 507 396 529 cum
419 497 564 544 paganis
588 495 701 537 facta,
729 508 767 529 ea
789 495 993 530 conditione
1014 503 1054 530 ut
1079 497 1251 531 Aschalon
1275 497 1361 532 urbs
1380 498 1615 532 munitissima

96 552 352 595 destrueretur,
365 566 446 587 cnm
462 554 654 588 christiano
668 554 821 587 exercitu
839 554 991 588 reditum
1009 562 1120 601 parat‚
1139 562 1173 589 et
1187 556 1354 603 reliquiae
1364 556 1614 590 christianismi

97 611 261 647 Henrico.
278 612 398 646 comiti
415 612 611 658 Hispaniae,
629 612 917 646 committuntur.
936 613 974 646 ln
990 613 1174 647 redeundo
1189 627 1271 648 vero
1286 614 1403 648 dictus
1418 615 1614 650 Richardus

96 670 163 704 sub
182 671 297 716 speeie
313 671 410 703 mimi
427 671 522 704 nisus
536 669 741 703 insidiantes
758 672 965 716 praeterire„
982 672 1026 705 ab
1041 673 1162 706 amieis
1180 679 1215 706 et
1234 674 1444 720 propinquis
1462 673 1614 708 Conradi

97 729 247 763 fortuitu
261 729 412 775 capitur,
429 728 492 762 sed
507 729 628 762 multis
642 741 841 763 marcarum
859 730 1014 764 millibus
1034 731 1238 777 redemptus
1253 732 1297 766 ad
1314 734 1456 779 propria
1471 732 1614 779 repeda-

95 789 156 822 vit.
179 788 248 828 Qui
266 795 386 834 postea
409 788 549 822 circiter
567 800 631 834 per
650 789 829 822 triennum
847 801 998 837 regnans
1018 790 1053 823 in
1073 790 1257 824 obsidione
1280 791 1464 837 cujusdam
1485 792 1614 825 castelli

95 847 132 880 in
151 857 242 894 pago
263 846 502 880 Lemovicensi
522 847 595 880 ictu
616 847 762 894 sagittae
782 847 936 890 interiit7
958 848 1014 881 cui
1031 849 1139 882 frater
1157 861 1242 883 suus
1259 849 1438 883 Johannes
1450 852 1616 884 successit

94 905 130 938 in
148 916 272 952 regno.

142 964 245 998 Anno
260 964 400 998 Domini
420 963 575 998 MCXCII
589 991 597 1007 ἵ
620 964 775 998 domnus
795 965 958 999 Albertus
971 993 979 999 .
997 966 1105 999 frater
1124 967 1281 1010 Henrici7
1304 966 1405 1001 ducis
1424 968 1615 1002 Lotharin—

94 1022 189 1071 giac,
220 1029 344 1056 eontra
367 1023 585 1057 voluntatem
609 1024 748 1057 Henrici
776 1024 998 1070 imperatoris
1019 1026 1187 1059 canonice
1211 1026 1457 1060 Leodiensium
1483 1028 1615 1061 electus

92 1081 280 1127 episcopus
292 1109 300 1123 ³
330 1081 543 1127 imperatore
572 1083 777 1116 canonicam
803 1083 1044 1117 investituram
1074 1084 1105 1117 ci
1133 1085 1294 1118 conferre
1322 1093 1523 1129 recusante7
1552 1087 1614 1132 qui

92 1139 285 1186 quemdam
298 1140 518 1183 Lotharium„
532 1140 675 1174 Bonnae
689 1141 943 1186 praepositum.
963 1141 1107 1175 fratrem
1121 1142 1260 1175 comitis
1274 1142 1318 1176 de
1329 1143 1508 1187 HostadiQ
1527 1145 1614 1190 epis—

94 1210 225 1245 copum
240 1198 306 1232 sibi
321 1198 581 1240 nominaverat,
600 1205 679 1244 post
692 1199 964 1244 appellationem
979 1199 1108 1232 factam
1124 1200 1271 1233 Romam
1288 1201 1389 1246 petiit
1402 1208 1436 1234 et
1450 1214 1468 1235 a
1483 1202 1616 1236 Coeles—

93 1257 169 1291 tino
187 1268 278 1302 papa
297 1255 468 1290 diaconus
482 1255 666 1289 ordinatus
680 1262 714 1289 et
730 1256 765 1288 in
779 1257 983 1302 episcopatu
999 1257 1247 1300 confirmatus⁷
1264 1257 1309 1291 ad
1325 1260 1615 1305 metropolitanos

93 1315 284 1350 Galliarum
301 1314 467 1348 remissus
482 1321 532 1347 est
545 1341 554 1357 7
573 1314 767 1360 apostolico
784 1314 850 1347 illis
869 1313 976 1348 dante
990 1315 1026 1347 in
1045 1314 1220 1348 mandatis
1234 1322 1409 1362 quatenus
1426 1329 1508 1350 eun]
1526 1319 1614 1364 epis-

92 1385 223 1420 copum
241 1378 489 1407 consecrarent
506 1378 541 1405 et
553 1372 628 1417 ejus
647 1371 863 1406 adversarios
881 1372 1116 1406 anathematis
1134 1373 1275 1407 vinculo
1289 1374 1484 1422 alligarent.
1508 1376 1615 1416 Quod

92 1431 239 1480 indigne
257 1431 373 1465 ferens
391 1431 584 1476 imperator
596 1457 605 1474 a
630 1431 675 1464 ab
700 1431 872 1464 universis
890 1431 990 1464 illum
1010 1430 1131 1465 Leodii
1149 1431 1305 1477 abjurari
1327 1433 1431 1476 fecit,
1452 1434 1614 1480 plurimis

94 1491 206 1525 sancti
229 1489 407 1524 Lamberti
427 1489 632 1524 hominibus
655 1501 720 1523 suo
745 1490 938 1524 simoniaco
962 1502 1088 1524 manus
1110 1490 1337 1525 dedentibus.
1360 1492 1471 1526 Porro
1498 1492 1614 1527 dictus

92 1550 256 1584 Albertus
271 1549 388 1583 Remis
404 1549 448 1582 ab
462 1548 728 1594 archiepiscopo
744 1548 936 1583 Wilhelmo
951 1556 1003 1583 est
1017 1556 1263 1592 consecratus3
1280 1551 1341 1584 ubi
1359 1551 1446 1585 dum
1466 1552 1614 1586 honeste

90 1614 358 1643 conversaretur
370 1634 379 1650 ,
398 1606 619 1641 advenerunt
635 1606 782 1654 quidam
803 1607 987 1641 Teutonici
999 1635 1007 1651 7
1029 1607 1149 1642 dolose
1168 1608 1325 1643 dieentes
1342 1622 1378 1643 se
1393 1617 1540 1657 propter
1557 1612 1615 1645 of-

92 1667 229 1701 fensam
251 1666 474 1712 imperatoris
499 1666 543 1699 ab
568 1666 644 1712 ipso
671 1678 744 1699 esse
768 1666 1006 1712 proscriptos7
1032 1679 1202 1713 quaerere
1224 1680 1260 1701 se
1283 1667 1470 1703 dominum
1498 1682 1517 1703 a
1539 1682 1612 1716 quo

91 1724 349 1767 detinerentur,
371 1723 485 1758 donec
502 1724 708 1770 imperatori
725 1724 942 1758 reconciliari
965 1731 1198 1758 mererentur.
1223 1725 1322 1767 Quos
1341 1726 1415 1772 ipse
1434 1739 1554 1762 secum
1576 1729 1612 1762 in

89 1796 154 1819 suo
171 1796 354 1818 assumens
371 1783 607 1817 contubernio
626 1783 662 1816 in
682 1795 802 1817 mensa
821 1784 916 1817 intus
935 1790 970 1817 et
987 1785 1139 1818 exterius
1157 1784 1311 1829 sodales7
1333 1792 1368 1819 et
1386 1787 1485 1832 quasi
1502 1787 1614 1821 consi-

91 1842 191 1876 miles
214 1841 350 1876 consilii
368 1841 511 1875 admisit
532 1842 661 1885 socios7
685 1842 751 1875 sibi
779 1849 898 1876 tamen
921 1842 1045 1876 callide
1067 1842 1286 1877 insidiantes.
1316 1844 1386 1885 Qui
1409 1844 1553 1880 tandem
1576 1858 1612 1880 se

89 1901 178 1935 velle
194 1899 376 1934 discedere
392 1900 474 1933 ficte
491 1899 647 1934 dicentes
661 1912 726 1946 pro
740 1900 904 1934 exhibitis
918 1901 1097 1934 beneficiis
1111 1902 1240 1948 gratias
1254 1902 1455 1937 referebant
1465 1931 1474 1947 7
1492 1916 1612 1952 egres-

90 1971 218 2006 sosque
231 1959 371 1993 civitate
385 1960 506 2005 paucis
524 1971 671 1993 suorum
687 1959 940 1993 comitantibus
954 1960 1027 2005 ipse
1041 1959 1252 1994 deducebat.
1275 1960 1345 2001 Qui
1361 1969 1462 1996 nacta
1477 1975 1612 2009 oppor-

90 2017 242 2052 tunitate
255 2016 418 2063 patrandi
434 2017 600 2051 facinoris
613 2018 648 2050 in
663 2018 796 2063 campis
812 2018 878 2051 late
894 2018 1114 2063 patentibus7
1133 2025 1208 2052 erat
1221 2020 1316 2053 enim
1330 2019 1405 2054 dies
1418 2021 1608 2066 nebulosa,

90 2077 207 2123 ipsum
226 2076 380 2124 aggressi
399 2076 521 2109 cultris
539 2076 795 2120 confoderunt,
819 2083 1034 2123 peractoque
1053 2077 1209 2111 facinore
1226 2090 1359 2124 equum
1379 2091 1451 2125 quo
1473 2079 1611 2114 sederat

91 2134 308 2169 abducentes
329 2133 375 2167 ad
394 2134 643 2179 imperatorem
665 2135 894 2183 aufugerunt.
913 2134 1020 2181 Cujus
1034 2141 1185 2169 mortem
1207 2147 1327 2170 coram
1343 2137 1416 2170 Deo
1434 2149 1507 2172 esse
1528 2150 1611 2185 pre-

88 2193 215 2227 tiosam
233 2192 345 2240 gloria
364 2193 616 2226 miraculorum
634 2199 832 2227 attestatur.

140 2250 274 2285 Eodem
289 2263 382 2285 anno
396 2278 403 2295 ᾖ
420 2251 512 2300 ignis
529 2251 565 2285 in
579 2258 658 2285 aere
675 2252 769 2286 visus
787 2259 839 2286 est
857 2264 920 2298 per
938 2259 1047 2286 totam
1063 2253 1210 2287 Galliam
1224 2260 1345 2298 nocte,
1367 2255 1414 2289 ita
1428 2261 1468 2289 ut
1481 2256 1611 2305 singuli

93 2310 255 2357 proxima
271 2310 337 2343 sibi
357 2309 431 2344 loca
449 2309 573 2343 ardere
592 2316 776 2356 putarentg
793 2311 982 2344 subsecuta
1000 2323 1082 2345 vero
1101 2318 1152 2345 est
1165 2312 1274 2346 fames
1294 2312 1366 2346 fere
1381 2315 1572 2360 septennis.

139 2369 242 2402 Anno
258 2368 398 2402 Domini
413 2367 567 2402 MCXCV
580 2395 588 2411 a
606 2367 760 2402 domnus
778 2368 940 2402 Matheus
953 2396 961 2412 7
977 2370 1125 2416 quintus
1139 2370 1247 2404 abbas
1261 2377 1399 2415 noster,
1418 2372 1471 2406 vir
1485 2373 1611 2422 singu-

92 2426 174 2461 laris
196 2427 376 2474 religionis
398 2433 433 2460 et
451 2427 699 2471 abstinentiae7
722 2427 908 2473 impatiens
926 2440 1093 2462 curarum
1112 2435 1146 2462 et
1164 2430 1457 2475 occupationum,
1480 2432 1611 2481 eligens

91 2485 316 2531 potissimum
335 2497 457 2519 vacare
483 2497 590 2532 quam
620 2486 835 2531 ministrare,
860 2487 1091 2534 contemplari
1117 2499 1226 2534 quam
1248 2489 1398 2537 negotiis
1424 2493 1608 2538 occupari7
