2118 3184
737 406 1024 442 APPENDICES.
1578 408 1644 443 891

800 562 964 600 CXCVII.

129 651 282 698 Ε’νῑιεηιι»
294 663 335 697 de
356 662 472 697 Germ-e
485 662 621 696 de'clare
634 662 754 708 qu’aela
774 662 892 696 clonne'
906 661 928 696 ἁ
949 675 1011 696 son
1024 669 1163 710 sergent
1181 662 1216 697 F
1215 663 1356 709 oulques
1373 676 1422 697 nn
1437 663 1536 710 plein
1548 676 1644 710 pou-

180 725 270 764 coir,
288 720 475 768 reprodm'c
490 723 540 753 ici
552 726 621 754 mot
640 718 662 753 ἀ
682 726 771 763 mot,
791 733 890 768 pour
907 721 996 767 qu'il
1009 723 1119 768 agisse
1141 734 1184 755 en
1203 733 1264 755 son
1285 733 1367 755 vom
1388 721 1480 755 dans
1495 721 1645 768 I'affizz're

176 781 284 814 d’une
304 780 471 813 donation
490 779 578 824 faite
597 777 619 812 ά
637 778 815 826 l’ahlmye5
837 779 864 813 t'l
878 780 1031 826 rappelle
1055 786 1162 814 toules
1180 780 1226 814 les
1240 779 1470 826 pre‘cautz'ons
1491 782 1597 827 qu'on
1621 795 1644 816 a

171 841 287 886 prisea
307 844 339 872 et
362 838 478 883 ratzfie
494 837 708 884 pleinement
729 838 758 872 Ie
777 839 845 872 [lon
863 839 934 883 fait
953 837 975 872 ci
1000 839 1158 886 l’abhaye
1174 839 1215 873 cle
1234 839 1268 872 la
1290 844 1382 873 terre
1403 852 1445 872 en
1466 843 1641 885 question.

174 896 322 944 clianye'e
336 896 377 930 de
391 896 524 941 fb'odale
540 909 583 930 en
602 896 772 931 allodiale.
791 919 836 923 —-
852 897 992 932 RostAn.

851 1073 921 1096 1244.

163 1153 220 1190 Ego
231 1153 315 1186 Raso⁷
332 1154 459 1180 dominus
469 1154 503 1180 de
516 1153 631 1181 Gavera.
648 1154 746 1180 Notum
761 1153 831 1180 facio
844 1155 1036 1190 praesentibus
1050 1159 1076 1181 et
1090 1153 1192 1180 suturis
1202 1175 1208 1186 ‚
1224 1153 1299 1189 quod
1313 1162 1375 1180 cuin
1386 1153 1515 1189 Aegidius
1527 1153 1561 1180 de
1574 1153 1646 1180 Lan-

124 1201 245 1238 derqltem
255 1222 263 1233 ,
278 1201 354 1228 miles
363 1222 369 1233 ,
385 1201 504 1238 legitime
514 1201 670 1228 vendiderit
681 1201 774 1227 abbati
786 1202 966 1228 etconventui
976 1202 1128 1228 Ninivensis
1136 1201 1267 1227 ecclesiae
1279 1200 1373 1226 decem
1383 1205 1410 1226 et
1421 1205 1523 1235 septem
1533 1201 1646 1227 bonaria

125 1255 217 1276 terrae
232 1269 240 1281 ‚
251 1249 320 1275 sitae
334 1250 360 1275 in
376 1249 505 1284 parochia
525 1249 559 1275 de
577 1248 824 1285 ll'onbreqlluenqem
838 1269 846 1283 ‚
863 1250 890 1274 in
908 1248 968 1275 loco
981 1249 1029 1284 qui
1047 1249 1148 1274 dicitur
1164 1248 1326 1284 lngelboudi
1344 1257 1470 1283 campus,
1494 1257 1574 1283 quam
1590 1253 1645 1274 ter-

124 1305 182 1323 ram
196 1295 286 1322 dictus
298 1295 428 1331 Aegidius
439 1295 516 1322 miles
527 1305 542 1322 a
556 1295 676 1330 Soykino
690 1295 724 1321 de
738 1295 886 1331 Aienyhem
897 1316 903 1327 ‚
920 1295 976 1321 [ilio
991 1295 1123 1322 Bernardi
1141 1295 1174 1321 de
1190 1295 1335 1331 sla'ernqliem
1345 1315 1352 1326 ‚
1368 1295 1479 1321 tenebat
1493 1296 1520 1320 in
1533 1294 1643 1321 feodum

123 1349 152 1370 et
165 1343 235 1370 idem
250 1342 387 1378 Soykinus
401 1353 416 1369 a
430 1353 473 1369 me
486 1344 549 1378 jure
563 1342 661 1369 feodali
680 1342 808 1377 tenebat;
824 1342 922 1368 adhoc
936 1348 966 1369 ut
979 1343 1113 1378 praedicti
1127 1342 1212 1368 abbas
1221 1348 1248 1369 et
1261 1347 1413 1368 conventus
1432 1342 1466 1368 de
1481 1342 1576 1368 Ninive
1590 1347 1646 1368 ter-

123 1400 184 1418 ram
196 1389 318 1417 eamdem
329 1389 424 1416 debito
433 1399 508 1416 more
519 1390 675 1425 reciperent
684 1394 711 1415 et
721 1389 873 1415 secundum
886 1389 972 1425 legem
986 1390 1090 1425 patriae
1105 1390 1131 1416 in
1144 1389 1342 1424 possessionem
1352 1389 1411 1423 ejus
1420 1389 1569 1421 intrarent,
1585 1388 1646 1414 Ful—

124 1447 237 1470 conem‚
251 1439 416 1464 servientem
432 1447 522 1463 meum
532 1458 539 1470 ‚
556 1437 618 1464 loco
632 1437 685 1463 mei
698 1446 789 1463 coram
805 1436 961 1463 hominibus
974 1438 1041 1463 meis
1059 1436 1174 1463 feodatis
1192 1437 1321 1463 constitui
1335 1441 1361 1462 et
1378 1436 1465 1462 eidem
1479 1437 1505 1462 in
1519 1437 1645 1462 omnibus

123 1490 258 1522 quantum
273 1485 307 1511 ad
321 1485 373 1511 hoc
393 1484 547 1512 faciendum
563 1485 636 1511 vices
654 1494 726 1511 meas
743 1485 864 1511 commisi
880 1494 930 1520 per
943 1485 1049 1512 litteras
1069 1495 1141 1511 meas
1161 1490 1301 1520 patentes,
1321 1484 1394 1510 dicto
1416 1483 1529 1510 Fulconi
1551 1484 1646 1519 plena-

123 1534 192 1560 riam
205 1542 290 1568 super
304 1532 356 1559 hoc
370 1532 515 1559 conserens
524 1537 687 1568 potestatem
697 1553 703 1564 ‚
719 1538 745 1559 et
757 1542 807 1568 per
819 1533 927 1559 easdem
939 1533 1101 1566 decernens,
1111 1538 1142 1558 ut
1154 1533 1244 1559 omnia
1255 1538 1281 1559 et
1292 1532 1399 1569 singula
1411 1541 1482 1567 quae
1494 1541 1544 1567 per
1555 1532 1643 1568 ipsum

122 1585 150 1607 et
163 1589 255 1607 coram
268 1580 328 1616 ipso
339 1580 366 1606 in
377 1579 428 1605 hac
439 1584 518 1615 parte
531 1578 600 1606 sacta
615 1578 719 1605 suerint
730 1579 851 1606 eamdem
863 1579 1020 1606 firmitatem
1030 1579 1149 1606 habeant
1158 1584 1185 1606 et
1193 1580 1315 1616 vigorem
1326 1588 1357 1605 ac
1365 1579 1387 1605 si
1401 1588 1451 1614 per
1460 1588 1501 1605 me
1510 1584 1537 1605 et
1545 1579 1572 1605 in
1586 1589 1643 1606 mea

123 1628 279 1664 praesentia
302 1627 373 1653 sacta
387 1632 489 1654 essent.
505 1627 626 1663 Quarum
645 1626 799 1653 litterarum
816 1633 940 1654 tenorem
954 1627 988 1654 de
999 1627 1084 1657 verbo
1098 1627 1131 1653 ad
1150 1627 1264 1653 verbum
1284 1627 1422 1662 praesenti
1439 1632 1532 1652 cartae
1549 1628 1643 1653 censui

122 1674 298 1701 inserendum
311 1685 318 1709 3
334 1679 412 1701 tenor
426 1679 516 1701 antem
532 1684 626 1701 earum
640 1674 701 1701 talis
715 1680 767 1701 est.
787 1687 798 1699 α
811 1675 952 1702 [nix-ersis
963 1680 1121 1710 praesentes
1134 1675 1240 1701 litteras
1254 1674 1354 1700 visuris
1365 1695 1371 1705 ‚
1388 1674 1459 1700 Raso
1469 1673 1596 1700 dominus
1611 1674 1644 1700 de

123 1722 240 1754 Gavera,
254 1721 370 1748 salutem
378 1722 404 1748 in
417 1721 544 1748 Domino.
554 1721 620 1748 Cum
629 1721 755 1748 dominus
763 1721 893 1758 Aegidius
903 1722 937 1748 de
949 1722 1131 1758 Landerqluem
1139 1743 1146 1752 ‚
1163 1721 1251 1752 miles,
1263 1721 1416 1748 vendiderit
1428 1721 1494 1747 viris
1502 1721 1647 1747 venerabi—

121 1770 194 1796 libus
205 1770 298 1796 abbati
309 1774 337 1796 et
348 1770 496 1796 conventui
505 1769 698 1796 Ninivensibus
709 1769 819 1796 circiter
831 1769 983 1796 octodecim
997 1770 1110 1796 bonaria
1119 1775 1209 1796 terrae
1218 1791 1225 1802 ‚
1243 1778 1313 1804 quae
1326 1769 1397 1795 idem
1411 1768 1460 1794 Ae.
1476 1768 1510 1794 de
1524 1768 1643 1803 Soykino

120 1817 154 1844 de
170 1817 318 1853 Aienqhem
339 1821 414 1843 tenet
428 1817 454 1842 in
472 1816 597 1849 feodum,
615 1826 686 1852 quae
700 1816 790 1843 dictus
803 1816 941 1852 Soykinus
962 1817 1042 1843 modo
1060 1816 1141 1843 simili
1154 1816 1187 1843 de
1202 1826 1244 1843 me
1260 1821 1335 1842 tenet
1353 1817 1379 1841 in
1399 1814 1509 1841 feodum
1521 1835 1528 1846 ,
1548 1820 1575 1841 et
1593 1824 1644 1851 ego

124 1869 257 1900 tanquam
277 1863 404 1890 dominus
425 1863 553 1899 superior
573 1863 607 1890 de
625 1863 698 1890 dicto
720 1862 801 1890 feodo
822 1863 891 1890 facio
914 1864 1044 1890 allodium
1058 1885 1065 1896 ,
1085 1864 1241 1890 testimonio
1261 1862 1448 1898 praesentium
1466 1862 1642 1896 litterarum5

124 1910 304 1937 nihilominus
317 1910 479 1942 Fulconem,
500 1910 663 1936 servientem
681 1919 785 1950 meum,
803 1910 917 1937 latorem
932 1911 1117 1946 praesentium
1136 1910 1195 1936 loco
1218 1919 1278 1936 meo
1298 1909 1452 1936 constituo.
1470 1914 1501 1934 ut
1521 1908 1555 1934 ad
1575 1918 1645 1944 opus

123 1959 260 1985 dictorum
274 1958 381 1984 abbatis
401 1963 429 1984 et
449 1963 600 1984 conventus
616 1958 719 1984 dictum
739 1957 849 1984 feodum
864 1958 994 1984 allodium
1011 1957 1091 1984 saciat
1109 1958 1276 1993 ubicumque
1289 1966 1400 1983 necesse
1415 1956 1514 1991 suerit5
1533 1956 1645 1983 consero

123 2006 205 2033 etiam
223 2005 310 2032 eidem
329 2004 442 2032 Fulconi
459 2009 622 2040 potestatem
644 2004 794 2040 plenariam
816 2005 906 2031 omnia
927 2010 955 2031 et
971 2004 1078 2041 singula
1099 2004 1214 2031 faciendi
1234 2004 1267 2030 ad
1290 2003 1439 2040 praemissa
1461 2003 1643 2038 pertinentia,

126 2061 198 2089 quae
210 2061 262 2089 ego
277 2051 393 2078 facerem
408 2051 451 2078 vel
465 2050 555 2078 facere
570 2061 675 2087 possem
688 2073 695 2084 ⁷
711 2052 733 2077 si
748 2061 878 2087 praesens
890 2052 1045 2087 praemissis
1058 2052 1230 2078 interessem.
1244 2052 1391 2077 Praeterea
1405 2051 1428 2076 si
1441 2050 1475 2076 de
1491 2050 1646 2085 praemissis

127 2098 231 2135 aliquid
244 2097 378 2125 defecerit
388 2098 431 2125 vel
444 2097 529 2124 suerit
539 2097 687 2124 obscurum
703 2119 710 2129 ‚
731 2099 805 2133 quod
821 2098 884 2124 dicti
906 2098 991 2124 abbas
1005 2103 1031 2124 et
1050 2103 1202 2124 conventus
1220 2098 1320 2124 addere
1335 2096 1376 2123 vel
1397 2096 1527 2132 supplere
1540 2096 1648 2123 deside-

126 2151 189 2173 rant
208 2150 271 2181 post
292 2145 412 2171 reditum
433 2154 540 2176 meum,
563 2145 654 2170 statim
670 2154 732 2171 cum
747 2144 781 2170 ab
801 2145 867 2180 ipsis
884 2145 1034 2180 requisitus
1053 2144 1133 2171 fuero
1149 2144 1183 2170 ad
1205 2144 1375 2170 voluntatem
1395 2143 1516 2178 ipsorum
1533 2164 1540 2173 ,
1563 2150 1646 2179 prout

124 2193 218 2225 decet,
233 2191 373 2228 perficiam
391 2197 418 2217 et
435 2191 602 2226 adimplebo.
616 2191 673 2217 Hoc
685 2196 778 2217 autem
793 2201 843 2226 pro
861 2201 954 2217 amore
967 2191 1074 2217 abbatis
1086 2197 1114 2218 et
1128 2196 1280 2218 conventus
1302 2190 1506 2226 praedictorum
1525 2190 1588 2216 duxi
1608 2190 1648 2216 sa-

125 2239 264 2267 ciendum.
277 2239 308 2265 ln
322 2239 402 2273 cujus
412 2239 451 2265 rei
466 2239 650 2264 testimonium
665 2244 691 2264 et
706 2239 844 2264 munimen
860 2243 1019 2274 praesentes
1033 2238 1139 2265 litteras
1157 2238 1237 2265 dictis
1251 2238 1343 2264 abbati
1359 2243 1385 2263 et
1398 2238 1545 2263 conventui
1557 2238 1647 2274 sigillo

125 2296 185 2314 meo
192 2286 296 2313 contuli
307 2285 448 2322 sigillatas.
465 2285 563 2311 Datum
575 2295 646 2311 anno
654 2285 760 2311 Domini
772 2285 942 2317 MCCXLIV⁷
954 2285 1070 2312 sabbato
1082 2291 1144 2321 post
1154 2286 1289 2311 lntocavit
1304 2295 1352 2311 me.
1364 2297 1374 2306 »v
1392 2284 1462 2311 Sane
1479 2284 1557 2311 lectis
1571 2294 1647 2320 prae>

127 2334 207 2361 dictis
219 2333 318 2360 litteris
331 2337 358 2358 et
372 2332 523 2368 vulgariter
534 2333 561 2358 in
576 2331 734 2358 teuthonica
749 2332 842 2368 lingua
855 2333 984 2368 expositis
1000 2333 1026 2358 in
1049 2333 1204 2368 praesentia
1224 2332 1364 2358 hominum
1383 2341 1506 2358 meorum
1524 2331 1648 2359 feodato-

127 2390 189 2408 rum
208 2386 236 2407 et
255 2381 436 2416 quorumdam
457 2379 574 2406 aliorum
588 2379 723 2405 bonorum
743 2380 864 2405 virorum
878 2401 885 2412 ,
905 2380 978 2415 apud
997 2380 1147 2416 Aienqliem
1167 2380 1194 2406 in
1214 2379 1328 2406 ecclesia
1343 2400 1350 2410 ,
1373 2379 1439 2405 dicti
1457 2379 1579 2406 homines
1595 2381 1646 2406 mei

126 2427 228 2455 feodati
238 2449 245 2455 ,
259 2427 361 2454 scilicet
377 2426 532 2453 Bernardus
548 2426 582 2452 de
600 2427 745 2462 Aienqhem
758 2447 765 2459 ‚
779 2426 915 2462 Soykinus
927 2426 962 2452 de
982 2426 1148 2462 Ydenqlnem,
1165 2426 1295 2452 Boidinus
1309 2425 1438 2451 Stubbone
1451 2425 1485 2452 de
1499 2425 1603 2453 Gavera
1619 2432 1646 2453 et

128 2474 266 2502 Arnotdus
290 2474 324 2500 de
346 2473 370 2500 le
389 2473 486 2500 Weida
498 2493 505 2505 ‚
527 2472 561 2499 ad
584 2473 744 2508 petitionem
765 2473 859 2499 fratris
878 2472 997 2499 Danielis
1015 2473 1133 2508 prioris,
1156 2478 1182 2499 et
1200 2472 1293 2499 fratris
1311 2472 1478 2508 Ingelberti,
1499 2474 1648 2509 praepositi

126 2521 256 2549 ecclesiae
270 2521 304 2548 de
314 2520 408 2547 Ninive
417 2541 425 2553 ⁷
442 2520 489 2556 qui
499 2518 554 2546 illic
561 2524 639 2546 erant
647 2529 679 2546 ex
691 2525 770 2555 parte
781 2520 867 2555 ipsius
880 2519 1010 2546 ecclesiae
1021 2540 1027 2551 ‚
1043 2529 1058 2545 a
1070 2519 1143 2546 dicto
1154 2519 1274 2547 Fulcone
1282 2520 1418 2546 serviente
1430 2529 1490 2546 meo
1500 2530 1585 2556 super
1595 2521 1647 2547 hoc
