2118 3184
583 413 808 448 CHROMCA
837 414 1156 449 'l‘ORNACENSlS¹
1555 418 1625 451 497

115 521 292 567 respondit
314 522 498 568 episcopus
521 534 526 554 :
559 536 575 551 «
597 521 761 555 Possideo
785 521 818 554 in
846 522 988 569 regione
1008 522 1208 556 Flandrensi
1228 536 1318 570 quae
1342 523 1466 558 ditioni
1491 530 1623 558 vestrae

112 580 269 625 subjacet
291 580 410 613 altaria
429 579 657 625 quamplura,
685 591 725 612 ex
751 579 880 625 quibus
904 579 1092 614 duodecim
1118 581 1344 627 locupletiora
1363 582 1460 616 vobis
1487 589 1521 616 et
1545 582 1621 616 filiis

112 639 233 672 vestris
248 650 309 684 per
324 644 392 671 tres
405 636 648 684 generationes
663 636 812 670 tenenda
832 637 968 671 tradere
979 638 1106 683 (volo),
1128 646 1253 685 quarta
1269 647 1386 673 autem
1403 647 1621 674 revertantur

112 695 157 730 ad
176 697 400 742 episcopum7
421 701 454 728 et
473 707 516 728 ne
536 695 626 727 inter
643 706 858 728 successores
879 709 973 729 meos
991 703 1025 729 et
1045 703 1202 742 posteros
1218 704 1348 731 vestros
1366 698 1490 732 exinde
1504 699 1619 745 aliqua

111 754 346 789 controversia
370 754 521 795 oriatum
545 760 792 787 testamentum
817 755 1092 788 confirmationis
1116 756 1213 789 vobis
1237 756 1343 799 faeio7
1371 757 1405 790 in
1430 769 1502 803 quo
1530 764 1620 791 tem-

110 825 175 860 pus
192 812 466 847 determinatum
486 818 519 845 et
539 812 680 845 nomina
699 813 860 846 altarium
883 819 989 859 atque
1007 814 1147 847 testium
1167 814 1284 848 curiae
1310 828 1406 849 meae
1427 828 1467 849 ae
1486 822 1619 849 vestrae

110 873 172 919 qui
188 872 426 906 interfuerunt
443 884 694 917 assensumque
712 872 950 917 praebuerunt
964 871 1154 906 adnotabo.
1177 889 1193 904 υ
1217 873 1340 907 Comes
1358 886 1442 921 ergo
1458 873 1618 908 mercede

109 930 240 964 effusus
259 942 378 978 regem
398 942 558 963 socerum
578 929 638 962 filii
653 929 705 962 sui
725 929 828 963 adiit.
851 942 990 975 precem
1010 942 1074 976 pro
1094 931 1259 976 episcopo
1274 930 1386 974 fudit⁷
1410 933 1545 965 veniam
1565 934 1619 965 fa-

110 989 174 1023 cile
195 989 411 1035 impetravit.
440 1001 594 1034 eumque
614 989 686 1035 regi
718 995 751 1021 et
778 989 921 1035 proprio
952 990 1024 1022 solo
1053 990 1121 1023 cito
1156 990 1417 1024 reconciliatum
1450 990 1615 1024 reddidit.

111 1047 243 1082 Deinde
265 1048 384 1082 altaria
404 1048 470 1081 sibi
489 1047 648 1095 delegata
667 1048 798 1090 tenuit„
826 1060 979 1093 quorum
1000 1048 1086 1081 haec
1104 1054 1186 1081 sunt
1205 1049 1368 1091 nomina„
1390 1049 1615 1083 Cui-tracum.

108 1107 150 1141 de
167 1106 320 1140 Puthem
337 1106 365 1148 ¹,
392 1106 576 1148 Tlioroult,
607 1105 865 1149 Aldenardum5
886 1106 1032 1151 Eynsne„
1060 1106 1235 1148 (hmines,
1256 1106 1450 1150 H‘outliem,
1480 1108 1593 1141 Donza
1607 1135 1615 1149 7

110 1165 259 1207 Nivella,
281 1164 533 1206 Rodenbureh,
555 1163 772 1210 stladelyhem
786 1164 814 1205 ²,
837 1163 982 1210 Sclz'pfi.
1008 1164 1085 1204 Qua
1108 1163 1250 1197 datione
1274 1165 1318 1198 ab
1337 1165 1502 1211 episcopo
1527 1166 1617 1200 facta

109 1224 295 1270 optimates
310 1222 535 1257 flandrenses
548 1235 567 1256 a
582 1223 710 1255 comite
726 1223 903 1268 petierunt
920 1223 985 1255 sibi
1001 1234 1040 1255 ea
1055 1221 1200 1255 concedi
1219 1223 1254 1256 in
1270 1223 1494 1257 beneficium.
1518 1225 1616 1265 Quae

110 1289 252 1328 accepta
281 1282 467 1328 optimates
494 1281 663 1314 militibus
689 1281 754 1314 sibi
782 1281 1014 1314 servientibus
1042 1293 1162 1314 rursus
1187 1281 1224 1314 in
1253 1281 1397 1315 feodum
1425 1282 1617 1316 distribue-

109 1347 208 1383 runt,
229 1340 349 1386 sicque
370 1339 537 1385 paulatim
557 1338 601 1371 de
615 1339 696 1384 jure
714 1338 906 1384 pontificali
928 1338 1068 1384 penitus
1088 1339 1196 1384 injus
1215 1340 1367 1373 militnm
1386 1342 1611 1374 transierunt.

108 1399 181 1433 Hoc
199 1410 284 1446 ergo
303 1404 425 1444 pacto7
447 1396 591 1430 eeclesia
611 1396 840 1429 Tornaeensis
858 1397 902 1429 xii
925 1396 1044 1429 altaria
1066 1396 1232 1442 perdidit.
1257 1396 1363 1437 Quod
1381 1399 1408 1431 si
1432 1399 1616 1445 episcopus

108 1456 153 1491 ad
167 1468 324 1490 mensam
339 1467 438 1489 suam
452 1455 543 1488 sicut
560 1454 643 1488 olim
663 1454 770 1487 libera
788 1453 1001 1500 possideret3,
1019 1454 1147 1487 multos
1161 1454 1287 1488 exinde
1307 1468 1478 1501 pauperes
1497 1469 1615 1491 secun]

109 1515 250 1550 reficere
266 1521 382 1561 posset
394 1541 403 1557 e
423 1512 484 1547 sed
498 1513 589 1547 sicut
607 1512 772 1547 Salomon
791 1512 877 1546 dicit
902 1526 908 1546 :
938 1527 956 1543 «
975 1513 1053 1547 Noti
1072 1513 1222 1546 fenerari
1238 1514 1426 1559 potentiori
1444 1521 1497 1557 te„
1520 1515 1617 1561 quod

107 1575 135 1608 si
155 1574 333 1608 feneratus
352 1572 460 1606 fueris
479 1572 579 1618 quasi
594 1570 774 1617 perditum
789 1571 897 1614 habe,
919 1587 937 1603 »
961 1572 1052 1605 sieut
1074 1578 1108 1605 et
1132 1571 1177 1605 de
1201 1572 1242 1605 iis
1261 1572 1430 1606 altaribus
1452 1574 1612 1622 contigit.

107 1632 217 1666 Facile
235 1630 380 1678 quidem
398 1636 592 1676 potuerunt
610 1629 704 1672 dari,
721 1628 782 1663 sed
801 1629 940 1663 difficile
954 1629 1103 1673 auferri,
1121 1642 1326 1676 quanquam
1343 1630 1450 1665 iidem
1470 1633 1616 1666 comites

108 1689 334 1724 Flandrenses
355 1689 425 1722 sint
447 1688 651 1734 parochiani
672 1688 903 1721 Tornacensis
927 1688 1102 1722 ecclesiae.
1134 1689 1303 1722 Altarium
1328 1702 1410 1723 vero
1430 1691 1615 1736 parochia—

107 1761 171 1783 nos
197 1748 324 1782 nostris
350 1747 569 1792 temporibus
594 1746 641 1780 ita
667 1745 835 1780 adauctos
861 1753 897 1780 et
927 1746 1176 1792 multiplicatos
1203 1746 1376 1791 vidimus,
1407 1755 1445 1782 ut.
1478 1762 1615 1783 neeesse

107 1806 215 1841 fuerit
239 1805 321 1839 alias
347 1805 394 1838 xii
419 1805 580 1838 ecelesias
601 1804 779 1847 construi7
803 1817 894 1851 quae
925 1804 971 1838 ad
993 1804 1237 1839 distribuenda
1262 1805 1379 1840 divina
1405 1807 1615 1842 charismata

105 1865 269 1900 fidelibus
284 1864 423 1910 populis
445 1863 576 1897 eisdem
595 1863 866 1906 auxiliarentur,
892 1875 983 1910 quae
1006 1876 1088 1897 cum
1110 1864 1288 1909 prioribus
1306 1864 1450 1910 junctae
1468 1866 1614 1914 singulis

106 1923 206 1958 annis
224 1922 374 1968 amplius
398 1921 492 1956 mille
510 1922 680 1955 librarum
699 1921 879 1955 redditum
902 1928 1080 1968 praestant
1092 1949 1100 1965 ,Ι
1125 1929 1165 1956 ut
1182 1929 1256 1956 tota
1275 1924 1372 1971 regio
1390 1924 1608 1959 testificatur.

106 1981 338 2017 Generatione
357 1993 439 2014 vero
457 1980 629 2014 comitum
650 1980 683 2013 xi
701 1986 737 2013 et
754 1980 1000 2026 episcoporum
1021 1980 1095 2024 viii„
1117 1981 1153 2014 in
1175 1982 1350 2027 praesenti
1363 1994 1456 2016 anno
1473 1983 1612 2017 Domini

104 2039 276 2075 MCXLVI
289 2066 299 2083 7
316 2038 476 2073 nondum
491 2038 650 2072 videmus
664 2051 703 2072 ea
716 2038 761 2072 ad
780 2039 1023 2085 episcopatum
1043 2038 1203 2083 rediisse7
1224 2039 1285 2074 sed
1302 2052 1417 2087 neque
1431 2053 1612 2086 speramus

106 2099 262 2133 reditura
280 2099 367 2132 fore.

155 2155 336 2190 Harduino
355 2156 520 2190 successit
538 2155 732 2190 Herbatdus
745 2183 753 2199 7
774 2156 950 2190 Herbaldo
970 2155 1183 2200 Balduinus7
1205 2156 1377 2190 Balduino
1396 2157 1515 2205 Hugo7
1538 2159 1612 2193 Hu—

106 2215 190 2264 goni
209 2213 421 2255 Rabbodus7
443 2214 505 2260 qui
528 2214 596 2247 fuit
615 2214 810 2248 avunculus
834 2214 1017 2257 Everardi,
1040 2214 1315 2248 Tornacensium
1333 2215 1522 2259 castellani,
1551 2218 1613 2263 qui

105 2275 221 2321 ipsum
249 2273 469 2307 Tornacense
495 2273 675 2306 castellum
698 2285 780 2306 cum
808 2273 948 2306 castello
974 2273 1018 2306 de
1042 2272 1254 2306 Moritannia
1282 2280 1362 2307 ante
1388 2286 1518 2319 paucos
1539 2274 1612 2309 dies

104 2338 244 2378 ceperat
262 2337 297 2364 et
314 2330 546 2364 dominationi
560 2342 642 2364 suae
661 2330 886 2373 subdiderat7
907 2331 1080 2378 legitimos
1099 2330 1266 2364 haeredes
1284 2330 1328 2364 de
1346 2331 1394 2365 eis
1414 2333 1606 2378 expellens,

104 2390 326 2436 Gerulphum
345 2388 390 2423 de
406 2389 432 2422 T
435 2400 565 2423 ornaeo
583 2395 617 2423 et
635 2389 821 2436 Hugonem
839 2388 883 2422 de
903 2389 1126 2423 Moritannia.
1145 2389 1256 2435 Hujus
1277 2389 1438 2424 Rabbodi
1453 2396 1610 2436 tempore

144 2520 152 2536 ¹
175 2518 311 2545 Pitthem?
370 2518 382 2536 2
404 2518 558 2554 illaldeqem.
619 2517 630 2536 ³
651 2516 755 2553 Sluys?
771 2518 811 2544 vel
827 2517 957 2554 Slykens?

203 2565 290 2599 Toni.
322 2565 366 2599 ll.
1470 2565 1515 2600 53
