2118 3184
787 392 1076 428 APPENDICES.
1619 397 1690 432 969

165 510 260 527 nemus
274 501 376 527 dicitur
391 501 526 537 Esplwut,
544 506 570 527 et
586 500 828 536 contiguunijacet
844 501 948 526 nemori
963 502 1120 527 monasterii
1135 501 1356 537 praedictijuxta
1371 502 1440 529 viam
1460 511 1532 538 quae
1549 511 1578 529 se
1597 507 1691 528 exten-

163 549 245 575 ditde
257 549 409 575 Liedekerke
421 558 517 575 versus
532 547 704 583 Ledeberylte,
718 548 744 573 in
759 557 814 583 quo
829 540 940 574 neniore
953 548 1040 574 dictos
1056 549 1198 584 religiosos
1209 550 1448 576 inhaeredavimns
1460 549 1580 585 legitime
1597 559 1688 576 coram

165 596 282 622 scabinis
301 597 402 623 nostris
422 596 537 622 inferius
557 595 746 626 nominandis,
769 595 899 621 adhibitis
915 595 1134 623 solemnitatibus
1153 607 1225 632 quae
1245 598 1270 624 in
1289 597 1446 631 hujusmodi
1464 597 1689 624 inhaeredatione

164 643 252 670 solent
266 644 407 677 adhiberi3
425 643 608 669 mediantibus
621 642 766 668 duodecim
781 642 900 668 denariis
918 643 1114 669 flandrensium
1135 654 1269 671 novorum
1288 645 1367 671 nobis
1385 651 1412 671 et
1431 645 1532 672 nostris
1549 654 1690 671 successo-

165 690 242 717 ribus
254 690 446 717 solvendorum
461 690 494 716 ad
510 689 599 716 natale
611 689 718 715 Domini
733 689 899 716 censualiter
913 691 1069 724 annuatim,
1085 701 1166 726 quam
1180 692 1378 728 eleemosynam
1392 698 1418 719 et
1432 693 1605 719 collationem
1621 693 1689 728 peti-

167 747 226 763 mus
239 743 265 764 et
282 737 484 773 supplicamus,
500 746 548 763 nos
563 737 695 772 praedicti
713 736 746 762 R.
766 741 792 762 et
806 736 851 767 A¹⁷
867 746 882 762 a
898 737 990 767 vobiS,
1009 737 1108 764 nobilis
1122 739 1249 774 princeps
1264 749 1354 765 comes
1370 740 1514 766 Flandriae
1526 745 1553 765 et
1567 739 1688 766 marchio

167 785 356 811 Namnrcensis
366 805 373 817 ‚
387 785 529 815 roborari,
545 784 674 810 ratificari
689 789 715 810 et
730 793 779 819 per
792 789 897 810 vestras
912 784 1017 810 litteras
1032 791 1157 820 patentes
1170 787 1326 813 confirmari
1340 788 1366 813 in
1380 788 1466 813 robur
1481 793 1508 814 et
1521 787 1686 813 evidentiam

164 837 314 867 perpetuae
325 832 472 858 firmitatis.
484 832 514 858 ln
527 832 606 865 cujus
621 832 659 858 rei
673 832 828 857 memoriam
840 831 988 866 praedictis
1003 832 1138 867 religiosis
1151 843 1282 868 praesens
1293 835 1425 870 scriptum
1439 835 1606 861 contulimus
1619 835 1689 871 sigil-

164 879 196 905 lis
210 879 311 904 nostris
325 878 497 905 roboratum.
514 879 611 904 Actum
627 878 700 914 apud
716 877 869 904 Liedelcerh
881 899 888 910 ‚
903 888 994 904 coram
1006 879 1124 905 scabinis
1138 881 1254 913 nostris,
1271 881 1397 907 videlicet
1410 882 1521 907 Soikino
1533 881 1566 907 tle
1580 882 1666 907 Len-es
1678 903 1684 908 .

163 926 247 952 lvano
256 926 290 953 de
298 926 394 955 Leues,
408 926 511 952 Tltoma
520 926 554 953 de
565 925 702 960 Luudnyl,
712 926 816 952 Jacobo
826 926 925 954 Fabro,
938 926 1096 961 lngelberto
1109 927 1243 954 carnifice
1252 933 1278 954 et
1290 929 1442 961 Arnould0‚
1453 930 1526 956 dicto
1542 929 1670 955 Lokebout
1680 951 1685 961 ,

165 983 236 999 anno
248 973 354 1000 Domini
368 973 507 999 MCCXCII
519 995 525 1001 .
542 982 634 1000 mense
648 973 742 999 Junio.
757 984 767 996 n
786 973 864 1000 Unde
874 983 923 1000 nos
933 974 1035 1006 Guido‚
1049 984 1140 1001 comes
1154 975 1297 1002 Flandriae
1306 981 1332 1002 et
1344 977 1465 1003 marchio
1476 977 1668 1003 Namurcensis
1679 999 1684 1004 .

163 1020 197 1046 ad
212 1029 308 1056 preces
320 1020 456 1047 dictorum
473 1020 618 1047 feudalium
634 1026 792 1047 nostrorum
811 1020 910 1046 dictam
924 1021 1098 1048 collationem
1114 1027 1141 1048 et
1160 1023 1360 1058 eleemosynam
1376 1033 1426 1059 per
1443 1025 1637 1060 appensionem
1655 1025 1688 1051 si-

164 1067 220 1101 flilli
233 1068 318 1093 nostri
331 1068 493 1094 roboramus
507 1073 534 1094 et
546 1068 751 1094 confirmamus.
767 1067 866 1094 Datum
882 1077 954 1094 auno
969 1068 1075 1095 Domini
1094 1069 1233 1096 MCCXCH
1244 1091 1250 1102 ‚
1268 1080 1360 1097 mense
1375 1071 1526 1106 praedicto.

1232 1137 1363 1161 Cartnlaire
1372 1138 1401 1161 de
1414 1138 1521 1162 Manuos.

883 1197 948 1209 ΙΙ

803 1357 1044 1392 CCLXXXIV.

391 1444 590 1478 Testmnent
601 1443 752 1487 d'Ale'ee,
771 1445 874 1479 dame
892 1444 933 1478 de
948 1444 1170 1478 Lzeclekerke.
1188 1465 1235 1470 -—
1250 1445 1461 1479 mezxfflzmz.

891 1622 962 1646 1294.

205 1704 236 1730 ln
249 1704 356 1730 nomine
370 1705 457 1730 Patris
475 1710 502 1731 et
515 1704 575 1731 Filii
588 1710 615 1730 et
627 1704 746 1740 Spiritus
764 1705 851 1730 sancti
864 1714 953 1730 amen.
967 1704 1024 1740 Ego
1038 1704 1122 1730 Alieia
1133 1724 1140 1736 ⁷
1161 1704 1268 1730 domina
1284 1703 1317 1730 de
1331 1704 1473 1731 Lidekerke
1487 1705 1561 1732 etde
1578 1706 1665 1732 Bredn
1677 1727 1683 1737 ,

163 1761 274 1787 compos
287 1751 385 1777 mentis
396 1760 471 1777 meae
482 1756 509 1778 et
520 1752 633 1787 cupiens
645 1751 790 1787 providere
803 1751 884 1777 saluti
898 1751 1003 1777 animae
1016 1760 1091 1777 meae
1101 1771 1108 1783 ‚
1124 1751 1275 1786 proborum
1288 1760 1337 1776 usa
1347 1751 1460 1777 consilio
1471 1773 1478 1783 ‚
1489 1752 1523 1778 de
1537 1752 1622 1778 libera
1639 1762 1686 1778 vo—

163 1798 270 1825 luntate
286 1808 359 1830 mea,
375 1804 401 1825 et
416 1798 527 1825 hortatu
547 1798 639 1825 dilecti
657 1799 746 1825 mariti
765 1799 816 1824 mei
831 1799 944 1825 nasonis
961 1798 995 1824 de
1009 1798 1112 1824 Gavera
1123 1819 1129 1829 ,
1148 1798 1249 1824 domini
1263 1798 1297 1824 de
1311 1798 1464 1824 Liedvkwlw
1475 1804 1503 1825 et
1522 1799 1556 1825 de
1580 1799 1667 1825 Bredu
1678 1821 1683 1827 ,

163 1846 196 1872 de
210 1855 344 1872 consensu
354 1855 466 1881 quoque
480 1846 598 1872 tiliorum
614 1855 751 1877 meorum,
770 1846 885 1872 Rasonis
903 1850 968 1871 natu
987 1845 1097 1879 majoris
1115 1850 1142 1870 ct
1160 1844 1299 1880 Philippi,
1320 1850 1511 1872 testamentum
1527 1855 1616 1872 meum
1637 1856 1685 1872 seu

164 1892 333 1918 voluntatem
346 1902 430 1918 meam
442 1893 544 1923 condet
561 1892 659 1918 ordino
673 1902 704 1918 ae
717 1892 785 1918 facio
800 1893 826 1918 iu
840 1892 913 1918 hunc
927 1891 1048 1918 modum.
1062 1891 1092 1917 In
1105 1892 1198 1926 primis
1209 1892 1294 1927 igitur
1304 1891 1365 1927 lego
1379 1897 1407 1917 et
1418 1892 1561 1928 relinquo,
1577 1893 1686 1919 nomine

163 1939 329 1970 testamenti,
339 1940 486 1965 conventui
495 1939 651 1965 monialium
662 1939 696 1965 de
705 1939 869 1974 Bellum-ato,
883 1939 986 1965 ordinis
994 1938 1190 1970 Cistereiensis,
1200 1947 1284 1964 unum
1296 1938 1414 1964 modium
1423 1948 1524 1965 avenae
1533 1941 1685 1967 annuatim.

164 1986 238 2021 apud
252 1995 322 2021 quos
335 1985 465 2012 moniales
479 1986 550 2022 eligo
563 1995 648 2012 meam
662 1986 843 2021 sepulturam,
859 1986 934 2012 salvo
952 1986 978 2011 in
991 1985 1193 2019 omnibusjure
1212 1984 1376 2020 parochialis
1387 1985 1527 2012 ecclesiae.
1544 1986 1610 2012 Item
1626 1986 1687 2023 lego

163 2033 309 2059 conventui
324 2032 459 2059 dictarum
475 2033 631 2059 monialium
645 2042 758 2059 currum
774 2042 875 2059 meum.
894 2033 961 2059 Item
981 2032 1042 2068 lego
1056 2032 1203 2058 conventui
1220 2031 1415 2058 monachorum
1431 2033 1517 2059 sancti
1530 2033 1640 2059 Adriani
1661 2034 1686 2059 in

163 2079 366 2106 Geratdimonte
376 2088 461 2105 unum
472 2079 591 2105 modium
606 2089 719 2106 avenae.
737 2080 804 2106 Item
819 2080 966 2106 conventui
977 2079 1011 2105 (le
1020 2079 1114 2105 Ninive
1126 2079 1246 2104 modium
1255 2087 1357 2104 avenae
1368 2078 1401 2104 ad
1413 2088 1482 2114 opus
1491 2080 1624 2115 pitanciae
1639 2090 1687 2106 an-

163 2126 283 2157 nuatim,
299 2135 369 2161 quos
385 2130 442 2152 tres
457 2126 560 2152 medios
575 2126 656 2152 dictis
670 2127 852 2153 conventibus
867 2127 975 2162 assigno
994 2126 1027 2152 ad
1041 2125 1166 2152 redditus
1181 2135 1255 2151 meos
1271 2126 1344 2160 apud
1361 2125 1476 2158 Boular‚
1492 2127 1640 2162 capiendos
1652 2127 1685 2153 ad

163 2173 253 2200 natale
268 2172 373 2199 Domini
388 2178 416 2199 et
430 2172 545 2208 singulis
565 2173 642 2199 anuis
655 2173 680 2199 in
698 2179 863 2209 perpetuum
877 2173 1066 2200 exsolvendos.
1087 2172 1155 2211 Item
1167 2172 1229 2208 lego
1245 2171 1366 2207 capellae
1379 2171 1413 2198 de
1427 2171 1547 2207 Boular,
1562 2174 1686 2209 quinque

162 2220 264 2246 solidos
277 2225 303 2246 et
317 2219 457 2255 capellano
470 2219 570 2246 ibidem
585 2221 709 2255 quinque
718 2221 770 2246 sol.
785 2220 852 2246 Item
864 2220 1033 2256 pauperibus
1045 2219 1079 2245 de
1099 2218 1258 2245 Overboular
1268 2239 1274 2251 ‚
1292 2228 1306 2244 v
1319 2218 1369 2244 sol.
1385 2218 1452 2244 Item
1465 2220 1634 2255 pauperibus
1651 2221 1685 2246 de

164 2266 291 2293 Inferior-i
305 2266 416 2297 Boular,
427 2276 442 2292 v
453 2266 503 2293 soi.
515 2266 581 2293 Item
591 2267 760 2302 pauperibus
771 2267 806 2294 de
820 2267 1017 2304 Deflztinqltem,
1028 2277 1044 2292 v
1055 2266 1106 2293 sol.
1118 2266 1185 2292 Item
1196 2265 1365 2301 pauperibus
1373 2265 1407 2291 de
1417 2265 1601 2302 Vlusinqliem,
1610 2277 1624 2293 v
1633 2268 1684 2294 sol.

164 2313 230 2341 Item
239 2313 409 2349 pauperibus
416 2312 450 2339 de
464 2312 619 2349 Ytlinqlnem,
632 2323 648 2339 v
658 2313 710 2340 sol.
723 2314 790 2341 Item
798 2314 926 2340 ecclesiae
934 2313 968 2340 de
976 2313 1157 2347 Scendelbelte,
1169 2322 1202 2338 xx
1213 2312 1276 2338 den.
1288 2312 1451 2347 Presbytero
1463 2318 1559 2340 curato
1571 2314 1671 2341 ibidem
1682 2336 1688 2347 ‚

161 2371 194 2387 xx
212 2361 276 2387 den.
291 2365 319 2387 et
333 2359 502 2396 pauperibus
521 2360 638 2392 ibidem,
662 2370 693 2386 xx
711 2361 788 2394 dem,
808 2370 858 2397 pro
877 2361 1065 2387 anniversario
1085 2370 1145 2386 meo
1160 2359 1295 2385 faciendo.
1311 2359 1378 2384 Item
1393 2358 1523 2386 ecclesiae
1542 2360 1576 2387 de
1595 2360 1685 2387 Smer—

161 2408 238 2439 Ιιίίιε,
261 2418 293 2434 xx
313 2407 376 2434 den.
400 2407 500 2433 Curato
517 2407 554 2434 ibi
573 2417 605 2434 xx
621 2408 699 2441 dem,
719 2413 746 2435 et
763 2409 931 2444 pauperibus
951 2408 1051 2434 ibidem
1073 2418 1105 2434 xx
1123 2407 1187 2433 den.
1207 2406 1332 2432 similiter
1349 2415 1400 2442 pro
1419 2407 1606 2434 anniversario
1623 2419 1683 2435 meo

160 2455 296 2481 faciendo.
316 2454 384 2480 Item
394 2454 562 2490 pauperibus
575 2454 608 2481 de
628 2454 781 2488 Onkersele,
798 2465 813 2482 v
824 2455 875 2482 sol.
892 2455 959 2481 Item
976 2455 1145 2490 pauperibus
1161 2454 1195 2480 de
1213 2453 1364 2486 lsartheke,
1385 2463 1400 2479 v
1417 2453 1469 2479 sol.
1490 2453 1558 2481 Item
1579 2465 1683 2491 paupe-

160 2502 238 2527 ribus
255 2502 289 2527 de
306 2501 489 2533 Jiwenhore,
507 2510 522 2527 v
538 2501 590 2527 sol.
609 2502 674 2528 Item
695 2503 864 2538 pauperibus
881 2502 914 2529 de
932 2502 1052 2537 Asplnr,
1078 2512 1093 2528 v
1112 2501 1162 2527 sol.
1190 2501 1258 2526 Item
1276 2500 1446 2536 pauperibus
1466 2501 1500 2527 de
1524 2501 1681 2538 Ophussell7

285 2549 370 2582 Toni.
404 2548 448 2581 11.
1491 2548 1562 2583 192
