2137 3131
397 338 466 371 906
999 330 1286 366 APPENDICES.

1072 469 1218 504 CCXIV.

404 570 603 616 Goclefh’oid,
620 571 688 603 sire
706 569 747 602 cle
769 567 998 614 Grimherylee
1016 573 1050 601 et
1067 567 1108 602 de
1123 567 1282 610 Perwez,
1300 580 1481 615 approuve
1496 573 1528 602 et
1546 568 1663 614 ratzfie
1677 568 1830 602 l'accord
1841 568 1913 613 fait

446 636 542 664 entre
555 628 711 674 l’ahhaye
729 633 761 661 et
772 626 800 660 le
813 626 986 660 chevalier
1001 625 1106 661 Gz'lles
1118 626 1160 661 de
1176 626 1423 674 Landeryleem
1431 653 1442 669 ,
1462 626 1631 661 touchant
1650 626 1686 661 la
1702 626 1911 673 chapelleme

445 688 485 721 de
502 685 730 732 Ledeheoylw,
754 682 896 731 d’aprbs
917 684 945 718 le
965 684 1094 718 consee'l
1105 684 1164 718 cles
1181 685 1346 719 arbitres.
1357 684 1554 719 -Pimm

1117 864 1189 888 1249.

433 946 487 981 Ego
503 944 666 979 Godel'ridus
677 965 683 975 ⁷
702 944 829 970 dominus
845 944 880 970 de
899 944 1074 980 Grimberges
1087 949 1115 970 et
1133 944 1167 970 de
1181 944 1331 980 Pyreweis‚
1352 946 1488 971 universis
1506 950 1665 980 praesentes
1679 945 1786 972 litteras
1799 945 1909 971 visuris.

395 993 492 1019 Notum
508 992 589 1022 facio,
604 990 677 1026 quod
693 1000 753 1016 cum
768 991 852 1016 abbas
870 996 897 1017 et
911 996 1063 1017 conventus
1080 991 1114 1017 de
1129 991 1224 1018 Ninive
1242 1000 1275 1018 ex
1288 1000 1343 1018 una
1357 997 1436 1028 parte
1447 1012 1454 1025 ,
1475 997 1503 1018 et
1516 991 1647 1028 Aegidius
1661 992 1695 1018 de
1711 991 1909 1028 Landerqhem„

395 1039 469 1066 miles
479 1060 485 1070 ,
501 1048 533 1065 ex
548 1038 647 1069 altera,
666 1047 750 1073 super
765 1038 915 1075 capellania
928 1038 962 1065 de
977 1038 1138 1075 Ledeberga
1148 1060 1154 1071 ‚
1171 1039 1244 1066 uude
1261 1039 1331 1066 idem
1344 1039 1393 1066 Ae.
1410 1049 1460 1075 pro
1475 1039 1614 1066 willelmo
1624 1061 1630 1071 ,
1644 1040 1762 1077 ,domino
1776 1039 1811 1066 de
1826 1039 1913 1066 Lede-

395 1088 478 1122 berga
489 1107 495 1115 ,
509 1087 588 1119 cnjus
599 1091 640 1112 est
652 1090 738 1118 tutor,
754 1086 895 1121 querelam
914 1086 997 1112 movit
1010 1095 1100 1112 coram
1117 1095 1158 1112 me
1174 1091 1270 1112 eontra
1284 1087 1425 1114 ecclesiam
1438 1087 1611 1114 Ninivensem
1623 1108 1630 1120 ⁷
1651 1087 1677 1113 in
1691 1087 1764 1113 viros
1778 1087 1911 1113 discretos

393 1134 517 1161 videlicet
530 1134 668 1160 dominum
684 1132 821 1159 Danielem
833 1154 839 1164 7
859 1133 986 1159 abbatem
999 1133 1238 1169 Grimbergensem
1248 1154 1255 1166 ‚
1271 1133 1384 1161 fratrem
1400 1134 1563 1161 Gossuinum
1577 1134 1612 1160 ‹le
1626 1134 1748 1169 Ellm'te,
1769 1134 1911 1170 praeposi-

395 1188 450 1207 tum
469 1180 590 1215 ejusdem
603 1180 656 1206 loci
666 1201 672 1213 ‚
689 1185 717 1206 et
729 1179 899 1206 Bernardnm
911 1179 1023 1206 militem
1035 1201 1042 1212 ‚
1057 1179 1170 1206 fratrem
1185 1181 1249 1207 dicti
1260 1181 1322 1214 Ae.,
1338 1186 1468 1217 tanquam
1481 1182 1508 1207 in
1523 1181 1642 1207 arbitros
1655 1181 1908 1217 compromiserint,

392 1234 419 1255 et
431 1229 508 1254 iidem
521 1228 617 1254 arbitri
628 1227 728 1253 dictum
743 1236 821 1253 suum
833 1226 964 1253 arbitrale
975 1228 1027 1254 rite
1041 1227 1220 1262 protulerint.
1236 1228 1307 1264 Ego,
1320 1233 1435 1264 propter
1449 1229 1552 1254 bonurn
1565 1229 1654 1263 pacis,
1666 1228 1766 1254 dictam
1780 1237 1908 1263 compro-

395 1276 546 1301 missionem
564 1279 592 1300 et
608 1274 769 1300 sententiam
784 1283 798 1299 a
815 1274 961 1309 praedictis
976 1274 1087 1300 arbitris
1102 1274 1183 1300 latam
1199 1275 1270 1301 inter
1287 1275 1374 1301 dictas
1388 1280 1481 1310 partes
1493 1296 1501 1308 ‚
1520 1280 1605 1311 prout
1619 1276 1645 1301 in
1659 1275 1758 1301 litteris
1770 1275 1907 1301 dictorum

394 1323 560 1349 arbitrorum
576 1331 658 1357 super
672 1321 723 1347 hoc
736 1321 868 1348 consectis
883 1321 990 1357 plenius
1008 1322 1166 1349 continetur
1177 1343 1184 1355 ,
1196 1322 1295 1354 laudo,
1311 1328 1398 1349 ratam
1416 1322 1505 1349 habeo
1518 1328 1545 1349 et
1559 1328 1708 1358 acceptam.
1726 1322 1757 1349 In
1771 1323 1851 1358 cujus
1870 1323 1910 1349 rei

392 1369 574 1396 testimonium
591 1374 618 1395 et
636 1369 773 1394 munimen
791 1374 949 1404 praesentes
965 1368 1072 1396 litteras
1092 1369 1182 1406 sigillo
1204 1379 1263 1396 meo
1280 1369 1346 1396 duxi
1365 1369 1575 1406 consignandas.
1593 1370 1692 1396 Datum
1709 1379 1782 1396 anno
1800 1369 1908 1397 Domini

394 1416 543 1443 MCCXle
555 1437 561 1448 ,
577 1425 668 1442 mense
682 1415 843 1442 Februario.

1384 1463 1493 1496 Originnl
1503 1482 1509 1494 ‚
1523 1471 1592 1488 sceau
1604 1471 1633 1489 eu
1646 1464 1694 1488 cire
1703 1469 1776 1488 verte.

1081 1749 1210 1784 CCXV.

393 1845 441 1879 N.
446 1873 456 1888 ,
472 1845 592 1891 &oeque
609 1846 650 1880 de
672 1845 856 1888 Cambraz‘,
880 1858 1061 1893 approuve
1078 1852 1112 1881 et
1125 1846 1292 1893 confirmo
1309 1846 1344 1880 la
1357 1846 1517 1881 collatz'on
1533 1846 1575 1880 de
1589 1847 1623 1880 la
1641 1846 1858 1894 chapellem‘e,
1866 1847 1908 1881 de

440 1905 642 1952 Ledeherye,
659 1905 746 1950 faite
759 1903 782 1939 ὰ
799 1905 955 1952 Z’ahhaye
966 1918 1043 1952 par
1060 1905 1180 1948 Gz‘lles,
1196 1908 1360 1953 sezyffzeur
1371 1905 1413 1940 de
1426 1905 1860 1953 Ledeberqlte.—PA1=1131AE.

1107 2094 1179 2118 1249.

426 2172 470 2200 N.,
485 2172 533 2198 Dei
547 2173 634 2208 gratia
651 2173 851 2200 Cameracensis
866 2174 1011 2209 episcopus
1021 2195 1028 2207 ‚
1045 2176 1179 2202 universis
1194 2181 1354 2212 praesentes
1368 2176 1475 2203 litteras
1490 2177 1590 2203 visuris
1604 2175 1720 2202 salutem
1739 2177 1766 2202 in
1779 2175 1904 2202 Domino.

391 2219 517 2246 Noverint
528 2221 647 2247 universi
657 2241 663 2253 ³
679 2221 822 2256 quodcum
835 2221 978 2257 Aegidius‚
994 2222 1121 2250 dominus
1134 2224 1169 2250 de
1181 2224 1360 2261 Ledeberghe
1371 2245 1378 2257 ‚
1393 2233 1477 2261 agens
1487 2225 1514 2250 in
1527 2224 1671 2257 extremis,
1683 2222 1861 2259 capellaniam
1872 2222 1907 2249 de

391 2266 566 2302 Ledeberghe
579 2272 606 2293 et
620 2277 699 2293 omne
714 2268 761 2302 jus
777 2268 851 2303 quod
865 2268 984 2295 habebat
997 2269 1039 2296 vel
1051 2270 1154 2298 habere
1166 2271 1314 2298 videbatur
1327 2271 1354 2297 in
1369 2281 1401 2297 ea
1416 2271 1459 2298 vel
1473 2271 1500 2297 in
1516 2271 1577 2306 ejus
1589 2271 1749 2303 collatione,
1766 2279 1850 2306 quam
1862 2279 1909 2296 ca-

390 2312 532 2347 pellaniam
547 2318 625 2348 pater
639 2323 705 2340 suus
720 2314 807 2341 bonae
827 2316 973 2341 memoriae
987 2315 1155 2351 willelmus,
1171 2317 1249 2344 miles
1259 2339 1266 2351 ,
1285 2317 1412 2344 domiuus
1432 2318 1466 2344 tle
1483 2317 1663 2354 Ledeberghe
1673 2338 1680 2349 ‚
1699 2317 1733 2343 de
1754 2317 1834 2343 bonis
1848 2317 1906 2343 suis

390 2360 509 2386 instituit
519 2365 546 2386 et
556 2361 589 2387 de
600 2367 678 2396 parte
688 2371 769 2397 quam
781 2363 938 2397 possidebat
947 2365 974 2390 in
986 2363 1090 2391 decima
1102 2365 1248 2401 parochiae
1260 2366 1294 2392 de
1306 2366 1423 2393 Pamella
1431 2387 1438 2399 ‚
1449 2365 1585 2399 fundavit,
1599 2366 1643 2401 pie
1655 2369 1683 2391 et
1690 2364 1906 2391 misericorditer

392 2405 518 2432 ecelesiae
530 2407 665 2434 Ninivensi
680 2409 842 2443 contulerit,
858 2411 894 2437 ita
908 2412 983 2447 quod
997 2411 1095 2448 aliquis
1111 2412 1228 2440 fratrum
1241 2414 1275 2440 de
1287 2419 1425 2440 conventu
1436 2413 1574 2440 Ninivensi
1585 2422 1694 2449 semper
1707 2412 1807 2439 dictam
1820 2411 1908 2447 capel-

392 2451 488 2478 laniam
500 2453 663 2488 deserviret,
679 2460 706 2481 et
720 2454 826 2483 fructus
839 2458 939 2485 exinde
954 2460 1149 2494 provenientes
1159 2481 1166 2493 ,
1182 2470 1231 2487 seu
1245 2460 1279 2487 de
1292 2461 1395 2497 quibus
1409 2460 1481 2488 dicta
1495 2460 1645 2497 capellania
1660 2459 1774 2487 fundata
1788 2459 1904 2491 exstitit,
