<?xml version="1.0" encoding="UTF-8"?>
<!DOCTYPE html PUBLIC "-//W3C//DTD XHTML 1.0 Transitional//EN"
    "http://www.w3.org/TR/xhtml1/DTD/xhtml1-transitional.dtd">
<html xmlns="http://www.w3.org/1999/xhtml" xml:lang="en" lang="en">
 <head>
  <title>
</title>
<meta http-equiv="Content-Type" content="text/html;charset=utf-8" />
  <meta name='ocr-system' content='tesseract 3.04.00' />
  <meta name='ocr-capabilities' content='ocr_page ocr_carea ocr_par ocr_line ocrx_word'/>
</head>
<body>
  <div class='ocr_page' id='page_1' title='image "./corpuschronicoru02smetuoft_0932.png"; bbox 0 0 2137 3131; ppageno 0'>
   <div class='ocr_carea' id='block_1_1' title="bbox 394 325 1286 371">
    <p class='ocr_par' dir='ltr' id='par_1_1' title="bbox 394 325 1286 371">
     <span class='ocr_line' id='line_1_1' title="bbox 394 325 1286 371; baseline -0.012 0"><span class='ocrx_word' id='word_1_1' title='bbox 394 338 461 371; x_wconf 51' lang='lat'><strong>{200</strong></span> <span class='ocrx_word' id='word_1_2' title='bbox 995 325 1286 363; x_wconf 83' lang='lat' dir='ltr'>APPENDICES.</span> 
     </span>
    </p>
   </div>
   <div class='ocr_carea' id='block_1_2' title="bbox 393 433 1910 1274">
    <p class='ocr_par' dir='ltr' id='par_1_2' title="bbox 393 433 1910 1274">
     <span class='ocr_line' id='line_1_2' title="bbox 395 433 1904 470; baseline -0.007 0"><span class='ocrx_word' id='word_1_3' title='bbox 395 445 508 470; x_wconf 80' lang='lat' dir='ltr'><strong>Ravonis</strong></span> <span class='ocrx_word' id='word_1_4' title='bbox 523 454 537 468; x_wconf 77' lang='lat' dir='ltr'><strong>a</strong></span> <span class='ocrx_word' id='word_1_5' title='bbox 551 443 620 468; x_wconf 78' lang='lat' dir='ltr'><strong>dicta</strong></span> <span class='ocrx_word' id='word_1_6' title='bbox 635 440 745 467; x_wconf 83' lang='lat' dir='ltr'><strong>eeclesia</strong></span> <span class='ocrx_word' id='word_1_7' title='bbox 760 438 846 464; x_wconf 88' lang='lat' dir='ltr'><strong>eidem</strong></span> <span class='ocrx_word' id='word_1_8' title='bbox 861 436 960 463; x_wconf 77' lang='lat' dir='ltr'><strong>Rasoni</strong></span> <span class='ocrx_word' id='word_1_9' title='bbox 973 434 1166 461; x_wconf 81' lang='lat' dir='ltr'><strong>solvendorum</strong></span> <span class='ocrx_word' id='word_1_10' title='bbox 1178 454 1185 463; x_wconf 79' lang='grc'>,</span> <span class='ocrx_word' id='word_1_11' title='bbox 1201 438 1228 459; x_wconf 83' lang='lat' dir='ltr'><strong>et</strong></span> <span class='ocrx_word' id='word_1_12' title='bbox 1243 433 1277 460; x_wconf 85' lang='lat' dir='ltr'><strong>de</strong></span> <span class='ocrx_word' id='word_1_13' title='bbox 1291 433 1342 460; x_wconf 88' lang='lat' dir='ltr'><strong>hac</strong></span> <span class='ocrx_word' id='word_1_14' title='bbox 1356 438 1430 460; x_wconf 83' lang='lat' dir='ltr'><strong>terra</strong></span> <span class='ocrx_word' id='word_1_15' title='bbox 1443 433 1569 459; x_wconf 87' lang='lat' dir='ltr'><strong>similiter</strong></span> <span class='ocrx_word' id='word_1_16' title='bbox 1579 434 1669 460; x_wconf 82' lang='lat' dir='ltr'><strong>dietus</strong></span> <span class='ocrx_word' id='word_1_17' title='bbox 1685 433 1838 460; x_wconf 85' lang='lat' dir='ltr'><strong>Willelmus</strong></span> <span class='ocrx_word' id='word_1_18' title='bbox 1856 443 1904 470; x_wconf 87' lang='lat' dir='ltr'><strong>per</strong></span> 
     </span>
     <span class='ocr_line' id='line_1_3' title="bbox 396 479 1908 518; baseline -0.007 -1"><span class='ocrx_word' id='word_1_19' title='bbox 396 493 496 518; x_wconf 68' lang='lat' dir='ltr'><strong>:lictum</strong></span> <span class='ocrx_word' id='word_1_20' title='bbox 507 488 672 515; x_wconf 69' lang='lat' dir='ltr'><strong>Bernardum</strong></span> <span class='ocrx_word' id='word_1_21' title='bbox 685 485 795 511; x_wconf 87' lang='lat' dir='ltr'><strong>militem</strong></span> <span class='ocrx_word' id='word_1_22' title='bbox 806 505 813 515; x_wconf 75' lang='lat'>‚</span> <span class='ocrx_word' id='word_1_23' title='bbox 823 484 984 509; x_wconf 79' lang='lat' dir='ltr'><strong>advocatum</strong></span> <span class='ocrx_word' id='word_1_24' title='bbox 995 491 1074 507; x_wconf 87' lang='lat' dir='ltr'><strong>suum</strong></span> <span class='ocrx_word' id='word_1_25' title='bbox 1082 502 1088 510; x_wconf 75' lang='grc'>,</span> <span class='ocrx_word' id='word_1_26' title='bbox 1099 480 1188 506; x_wconf 78' lang='lat' dir='ltr'><strong>dictae</strong></span> <span class='ocrx_word' id='word_1_27' title='bbox 1197 480 1328 506; x_wconf 82' lang='lat' dir='ltr'><strong>ecclesiae</strong></span> <span class='ocrx_word' id='word_1_28' title='bbox 1341 480 1488 516; x_wconf 77' lang='lat' dir='ltr'>legitimam</span> <span class='ocrx_word' id='word_1_29' title='bbox 1502 479 1684 516; x_wconf 80' lang='lat' dir='ltr'><strong>garandisiam</strong></span> <span class='ocrx_word' id='word_1_30' title='bbox 1695 481 1863 516; x_wconf 67' lang='lat' dir='ltr'><strong>repromisit,</strong></span> <span class='ocrx_word' id='word_1_31' title='bbox 1874 481 1908 507; x_wconf 88' lang='lat' dir='ltr'><strong>ad</strong></span> 
     </span>
     <span class='ocr_line' id='line_1_4' title="bbox 396 527 1906 572; baseline -0.007 -8"><span class='ocrx_word' id='word_1_32' title='bbox 396 540 521 572; x_wconf 69' lang='lat' dir='ltr'><strong>majorem</strong></span> <span class='ocrx_word' id='word_1_33' title='bbox 536 537 615 561; x_wconf 79' lang='lat' dir='ltr'><strong>etiam</strong></span> <span class='ocrx_word' id='word_1_34' title='bbox 635 539 662 560; x_wconf 90' lang='lat' dir='ltr'><strong>et</strong></span> <span class='ocrx_word' id='word_1_35' title='bbox 680 533 829 568; x_wconf 75' lang='lat' dir='ltr'><strong>pleniorem</strong></span> <span class='ocrx_word' id='word_1_36' title='bbox 843 530 1016 557; x_wconf 83' lang='lat' dir='ltr'><strong>securitatem</strong></span> <span class='ocrx_word' id='word_1_37' title='bbox 1036 528 1124 554; x_wconf 84' lang='lat' dir='ltr'><strong>dictae</strong></span> <span class='ocrx_word' id='word_1_38' title='bbox 1136 527 1267 553; x_wconf 82' lang='lat' dir='ltr'><strong>ecclesiae</strong></span> <span class='ocrx_word' id='word_1_39' title='bbox 1282 527 1477 559; x_wconf 79' lang='lat' dir='ltr'><strong>exhibendam,</strong></span> <span class='ocrx_word' id='word_1_40' title='bbox 1490 527 1512 553; x_wconf 81' lang='lat' dir='ltr'><strong>si</strong></span> <span class='ocrx_word' id='word_1_41' title='bbox 1526 536 1610 563; x_wconf 83' lang='lat' dir='ltr'><strong>super</strong></span> <span class='ocrx_word' id='word_1_42' title='bbox 1623 527 1703 553; x_wconf 87' lang='lat' dir='ltr'><strong>dietis</strong></span> <span class='ocrx_word' id='word_1_43' title='bbox 1717 528 1798 554; x_wconf 77' lang='lat' dir='ltr'><strong>terris</strong></span> <span class='ocrx_word' id='word_1_44' title='bbox 1810 531 1906 554; x_wconf 85' lang='lat' dir='ltr'><strong>contra</strong></span> 
     </span>
     <span class='ocr_line' id='line_1_5' title="bbox 396 573 1908 615; baseline -0.008 -4"><span class='ocrx_word' id='word_1_45' title='bbox 396 587 492 611; x_wconf 82' lang='lat' dir='ltr'><strong>dictam</strong></span> <span class='ocrx_word' id='word_1_46' title='bbox 506 582 643 609; x_wconf 80' lang='lat' dir='ltr'><strong>ecclesiam</strong></span> <span class='ocrx_word' id='word_1_47' title='bbox 660 580 694 606; x_wconf 83' lang='lat' dir='ltr'><strong>ab</strong></span> <span class='ocrx_word' id='word_1_48' title='bbox 704 579 796 615; x_wconf 80' lang='lat' dir='ltr'><strong>aliquo</strong></span> <span class='ocrx_word' id='word_1_49' title='bbox 809 577 955 613; x_wconf 76' lang='lat' dir='ltr'><strong>contigerit</strong></span> <span class='ocrx_word' id='word_1_50' title='bbox 967 576 1131 603; x_wconf 85' lang='lat' dir='ltr'><strong>calumniam</strong></span> <span class='ocrx_word' id='word_1_51' title='bbox 1149 574 1346 610; x_wconf 85' lang='lat' dir='ltr'><strong>quoquomodo</strong></span> <span class='ocrx_word' id='word_1_52' title='bbox 1365 575 1492 600; x_wconf 82' lang='lat' dir='ltr'><strong>suscitari</strong></span> <span class='ocrx_word' id='word_1_53' title='bbox 1504 574 1546 600; x_wconf 86' lang='lat' dir='ltr'><strong>vel</strong></span> <span class='ocrx_word' id='word_1_54' title='bbox 1561 574 1718 610; x_wconf 74' lang='lat' dir='ltr'><strong>querelam,</strong></span> <span class='ocrx_word' id='word_1_55' title='bbox 1735 573 1908 610; x_wconf 84' lang='lat' dir='ltr'><strong>saepedictus</strong></span> 
     </span>
     <span class='ocr_line' id='line_1_6' title="bbox 399 620 1908 660; baseline -0.007 -4"><span class='ocrx_word' id='word_1_56' title='bbox 399 632 422 656; x_wconf 74' lang='lat' dir='ltr'><strong>u</strong></span> <span class='ocrx_word' id='word_1_57' title='bbox 433 631 533 657; x_wconf 70' lang='lat' dir='ltr'><strong>alturus</strong></span> <span class='ocrx_word' id='word_1_58' title='bbox 541 633 635 654; x_wconf 88' lang='lat' dir='ltr'><strong>contra</strong></span> <span class='ocrx_word' id='word_1_59' title='bbox 651 625 807 660; x_wconf 84' lang='lat' dir='ltr'><strong>hujusmodi</strong></span> <span class='ocrx_word' id='word_1_60' title='bbox 821 623 996 660; x_wconf 81' lang='lat' dir='ltr'><strong>querelantes</strong></span> <span class='ocrx_word' id='word_1_61' title='bbox 1009 631 1199 657; x_wconf 85' lang='lat' dir='ltr'><strong>quoscumque</strong></span> <span class='ocrx_word' id='word_1_62' title='bbox 1211 630 1240 647; x_wconf 88' lang='lat' dir='ltr'><strong>se</strong></span> <span class='ocrx_word' id='word_1_63' title='bbox 1254 630 1395 657; x_wconf 86' lang='lat' dir='ltr'><strong>opponere</strong></span> <span class='ocrx_word' id='word_1_64' title='bbox 1405 642 1412 653; x_wconf 57' lang='lat'><em>7</em></span> <span class='ocrx_word' id='word_1_65' title='bbox 1428 625 1457 647; x_wconf 84' lang='lat' dir='ltr'><strong>et</strong></span> <span class='ocrx_word' id='word_1_66' title='bbox 1467 620 1589 647; x_wconf 89' lang='lat' dir='ltr'><strong>eamdem</strong></span> <span class='ocrx_word' id='word_1_67' title='bbox 1604 620 1745 647; x_wconf 83' lang='lat' dir='ltr'><strong>ecclesiam</strong></span> <span class='ocrx_word' id='word_1_68' title='bbox 1757 630 1842 656; x_wconf 86' lang='lat' dir='ltr'><strong>super</strong></span> <span class='ocrx_word' id='word_1_69' title='bbox 1855 621 1908 647; x_wconf 89' lang='lat' dir='ltr'><strong>eis-</strong></span> 
     </span>
     <span class='ocr_line' id='line_1_7' title="bbox 396 667 1908 710; baseline -0.007 -6"><span class='ocrx_word' id='word_1_70' title='bbox 396 679 455 704; x_wconf 84' lang='lat' dir='ltr'><strong>dem</strong></span> <span class='ocrx_word' id='word_1_71' title='bbox 471 677 551 703; x_wconf 84' lang='lat' dir='ltr'><strong>terris</strong></span> <span class='ocrx_word' id='word_1_72' title='bbox 563 673 707 710; x_wconf 69' lang='lat' dir='ltr'><strong>garandire</strong></span> <span class='ocrx_word' id='word_1_73' title='bbox 721 672 811 708; x_wconf 88' lang='lat' dir='ltr'><strong>quoad</strong></span> <span class='ocrx_word' id='word_1_74' title='bbox 822 671 920 698; x_wconf 72' lang='lat' dir='ltr'><strong>vixerit</strong></span> <span class='ocrx_word' id='word_1_75' title='bbox 933 671 1004 696; x_wconf 88' lang='lat' dir='ltr'><strong>bona</strong></span> <span class='ocrx_word' id='word_1_76' title='bbox 1018 669 1071 695; x_wconf 86' lang='lat' dir='ltr'><strong>fide</strong></span> <span class='ocrx_word' id='word_1_77' title='bbox 1083 668 1200 694; x_wconf 81' lang='lat' dir='ltr'><strong>firmiter</strong></span> <span class='ocrx_word' id='word_1_78' title='bbox 1213 669 1380 703; x_wconf 75' lang='lat' dir='ltr'><strong>repromisit.</strong></span> <span class='ocrx_word' id='word_1_79' title='bbox 1389 668 1425 695; x_wconf 78' lang='lat' dir='ltr'><strong>Ut</strong></span> <span class='ocrx_word' id='word_1_80' title='bbox 1436 673 1527 694; x_wconf 86' lang='lat' dir='ltr'><strong>autem</strong></span> <span class='ocrx_word' id='word_1_81' title='bbox 1541 668 1710 703; x_wconf 85' lang='lat' dir='ltr'><strong>praescripta</strong></span> <span class='ocrx_word' id='word_1_82' title='bbox 1723 667 1838 694; x_wconf 84' lang='lat' dir='ltr'><strong>ecclesia</strong></span> <span class='ocrx_word' id='word_1_83' title='bbox 1851 667 1908 694; x_wconf 86' lang='lat' dir='ltr'><strong>dic-</strong></span> 
     </span>
     <span class='ocr_line' id='line_1_8' title="bbox 398 714 1908 757; baseline -0.007 -6"><span class='ocrx_word' id='word_1_84' title='bbox 398 731 436 751; x_wconf 81' lang='lat' dir='ltr'><strong>tas</strong></span> <span class='ocrx_word' id='word_1_85' title='bbox 459 730 544 750; x_wconf 74' lang='lat' dir='ltr'><strong>terras</strong></span> <span class='ocrx_word' id='word_1_86' title='bbox 555 744 561 753; x_wconf 79' lang='lat'>‚</span> <span class='ocrx_word' id='word_1_87' title='bbox 585 726 667 757; x_wconf 83' lang='lat' dir='ltr'><strong>prout</strong></span> <span class='ocrx_word' id='word_1_88' title='bbox 687 720 815 755; x_wconf 81' lang='lat' dir='ltr'><strong>superius</strong></span> <span class='ocrx_word' id='word_1_89' title='bbox 833 723 898 745; x_wconf 81' lang='lat' dir='ltr'><strong>sunt</strong></span> <span class='ocrx_word' id='word_1_90' title='bbox 916 726 1076 753; x_wconf 67' lang='lat' dir='ltr'><strong>expressae,</strong></span> <span class='ocrx_word' id='word_1_91' title='bbox 1093 717 1120 742; x_wconf 92' lang='lat' dir='ltr'><strong>in</strong></span> <span class='ocrx_word' id='word_1_92' title='bbox 1136 721 1300 751; x_wconf 87' lang='lat' dir='ltr'><strong>perpetuum</strong></span> <span class='ocrx_word' id='word_1_93' title='bbox 1315 716 1428 751; x_wconf 85' lang='lat' dir='ltr'><strong>pacifice</strong></span> <span class='ocrx_word' id='word_1_94' title='bbox 1443 715 1582 751; x_wconf 84' lang='lat' dir='ltr'><strong>possideat</strong></span> <span class='ocrx_word' id='word_1_95' title='bbox 1599 720 1627 741; x_wconf 87' lang='lat' dir='ltr'><strong>et</strong></span> <span class='ocrx_word' id='word_1_96' title='bbox 1647 715 1740 751; x_wconf 89' lang='lat' dir='ltr'><strong>quiete</strong></span> <span class='ocrx_word' id='word_1_97' title='bbox 1753 714 1908 750; x_wconf 77' lang='lat' dir='ltr'><strong>praedictas</strong></span> 
     </span>
     <span class='ocr_line' id='line_1_9' title="bbox 397 762 1907 799; baseline -0.006 -2"><span class='ocrx_word' id='word_1_98' title='bbox 397 771 554 798; x_wconf 74' lang='lat' dir='ltr'><strong>collationes</strong></span> <span class='ocrx_word' id='word_1_99' title='bbox 568 770 657 795; x_wconf 83' lang='lat' dir='ltr'><strong>dictae</strong></span> <span class='ocrx_word' id='word_1_100' title='bbox 671 767 801 794; x_wconf 84' lang='lat' dir='ltr'><strong>ecelesiae</strong></span> <span class='ocrx_word' id='word_1_101' title='bbox 816 766 900 792; x_wconf 80' lang='lat' dir='ltr'><strong>factas</strong></span> <span class='ocrx_word' id='word_1_102' title='bbox 914 771 941 792; x_wconf 84' lang='lat' dir='ltr'><strong>et</strong></span> <span class='ocrx_word' id='word_1_103' title='bbox 955 765 1045 791; x_wconf 89' lang='lat' dir='ltr'><strong>omnia</strong></span> <span class='ocrx_word' id='word_1_104' title='bbox 1059 773 1131 799; x_wconf 84' lang='lat' dir='ltr'><strong>quae</strong></span> <span class='ocrx_word' id='word_1_105' title='bbox 1145 764 1273 799; x_wconf 83' lang='lat' dir='ltr'><strong>superius</strong></span> <span class='ocrx_word' id='word_1_106' title='bbox 1285 768 1349 789; x_wconf 86' lang='lat' dir='ltr'><strong>sunt</strong></span> <span class='ocrx_word' id='word_1_107' title='bbox 1363 772 1509 798; x_wconf 81' lang='lat' dir='ltr'><strong>expressa,</strong></span> <span class='ocrx_word' id='word_1_108' title='bbox 1522 763 1593 789; x_wconf 86' lang='lat' dir='ltr'><strong>sicut</strong></span> <span class='ocrx_word' id='word_1_109' title='bbox 1603 764 1657 789; x_wconf 90' lang='lat' dir='ltr'><strong>rite</strong></span> <span class='ocrx_word' id='word_1_110' title='bbox 1670 768 1698 789; x_wconf 87' lang='lat' dir='ltr'><strong>et</strong></span> <span class='ocrx_word' id='word_1_111' title='bbox 1711 762 1832 799; x_wconf 81' lang='lat' dir='ltr'><strong>legitime</strong></span> <span class='ocrx_word' id='word_1_112' title='bbox 1845 771 1907 788; x_wconf 86' lang='lat' dir='ltr'><strong>cum</strong></span> 
     </span>
     <span class='ocr_line' id='line_1_10' title="bbox 396 808 1908 846; baseline -0.006 -2"><span class='ocrx_word' id='word_1_113' title='bbox 396 819 485 844; x_wconf 82' lang='lat' dir='ltr'><strong>debita</strong></span> <span class='ocrx_word' id='word_1_114' title='bbox 495 816 664 843; x_wconf 73' lang='lat' dir='ltr'><strong>solemnitate</strong></span> <span class='ocrx_word' id='word_1_115' title='bbox 673 814 811 840; x_wconf 89' lang='lat' dir='ltr'><strong>celebrata</strong></span> <span class='ocrx_word' id='word_1_116' title='bbox 822 813 942 839; x_wconf 80' lang='lat' dir='ltr'><strong>existunt</strong></span> <span class='ocrx_word' id='word_1_117' title='bbox 951 833 958 844; x_wconf 77' lang='grc'>,</span> <span class='ocrx_word' id='word_1_118' title='bbox 971 821 1032 838; x_wconf 87' lang='lat' dir='ltr'><strong>cum</strong></span> <span class='ocrx_word' id='word_1_119' title='bbox 1041 811 1139 841; x_wconf 69' lang='lat' dir='ltr'><strong>Alicia„</strong></span> <span class='ocrx_word' id='word_1_120' title='bbox 1152 820 1238 836; x_wconf 80' lang='lat' dir='ltr'><strong>uxore</strong></span> <span class='ocrx_word' id='word_1_121' title='bbox 1252 819 1311 836; x_wconf 87' lang='lat' dir='ltr'><strong>mea</strong></span> <span class='ocrx_word' id='word_1_122' title='bbox 1321 810 1403 836; x_wconf 89' lang='lat' dir='ltr'><strong>laudo</strong></span> <span class='ocrx_word' id='word_1_123' title='bbox 1417 815 1444 836; x_wconf 83' lang='lat' dir='ltr'><strong>et</strong></span> <span class='ocrx_word' id='word_1_124' title='bbox 1457 810 1581 846; x_wconf 82' lang='lat' dir='ltr'><strong>approbo</strong></span> <span class='ocrx_word' id='word_1_125' title='bbox 1590 831 1598 843; x_wconf 77' lang='lat'>‚</span> <span class='ocrx_word' id='word_1_126' title='bbox 1607 815 1635 836; x_wconf 89' lang='lat' dir='ltr'><strong>et</strong></span> <span class='ocrx_word' id='word_1_127' title='bbox 1644 815 1704 836; x_wconf 85' lang='lat' dir='ltr'><strong>rata</strong></span> <span class='ocrx_word' id='word_1_128' title='bbox 1717 815 1744 837; x_wconf 86' lang='lat' dir='ltr'><strong>et</strong></span> <span class='ocrx_word' id='word_1_129' title='bbox 1756 810 1836 836; x_wconf 85' lang='lat' dir='ltr'><strong>firma</strong></span> <span class='ocrx_word' id='word_1_130' title='bbox 1845 808 1908 835; x_wconf 91' lang='lat' dir='ltr'><strong>volo</strong></span> 
     </span>
     <span class='ocr_line' id='line_1_11' title="bbox 394 857 1910 900; baseline -0.005 -10"><span class='ocrx_word' id='word_1_131' title='bbox 394 873 563 900; x_wconf 80' lang='lat' dir='ltr'><strong>permanere.</strong></span> <span class='ocrx_word' id='word_1_132' title='bbox 573 868 598 889; x_wconf 91' lang='lat' dir='ltr'><strong>et</strong></span> <span class='ocrx_word' id='word_1_133' title='bbox 610 867 640 888; x_wconf 89' lang='lat' dir='ltr'><strong>ut</strong></span> <span class='ocrx_word' id='word_1_134' title='bbox 648 861 735 887; x_wconf 86' lang='lat' dir='ltr'><strong>omnia</strong></span> <span class='ocrx_word' id='word_1_135' title='bbox 748 869 820 896; x_wconf 81' lang='lat' dir='ltr'><strong>quae.</strong></span> <span class='ocrx_word' id='word_1_136' title='bbox 831 859 979 895; x_wconf 85' lang='lat' dir='ltr'><strong>praemissa</strong></span> <span class='ocrx_word' id='word_1_137' title='bbox 992 863 1056 884; x_wconf 82' lang='lat' dir='ltr'><strong>sunt</strong></span> <span class='ocrx_word' id='word_1_138' title='bbox 1070 858 1097 884; x_wconf 92' lang='lat' dir='ltr'><strong>in</strong></span> <span class='ocrx_word' id='word_1_139' title='bbox 1111 862 1276 893; x_wconf 82' lang='lat' dir='ltr'><strong>perpetuum</strong></span> <span class='ocrx_word' id='word_1_140' title='bbox 1286 862 1346 883; x_wconf 86' lang='lat' dir='ltr'><strong>rata</strong></span> <span class='ocrx_word' id='word_1_141' title='bbox 1354 862 1381 883; x_wconf 90' lang='lat' dir='ltr'><strong>et</strong></span> <span class='ocrx_word' id='word_1_142' title='bbox 1394 857 1472 883; x_wconf 86' lang='lat' dir='ltr'><strong>firma</strong></span> <span class='ocrx_word' id='word_1_143' title='bbox 1485 862 1677 892; x_wconf 81' lang='lat' dir='ltr'><strong>permaneant,</strong></span> <span class='ocrx_word' id='word_1_144' title='bbox 1688 857 1821 892; x_wconf 86' lang='lat' dir='ltr'><strong>scriptum</strong></span> <span class='ocrx_word' id='word_1_145' title='bbox 1833 865 1910 892; x_wconf 85' lang='lat' dir='ltr'><strong>prae-</strong></span> 
     </span>
     <span class='ocr_line' id='line_1_12' title="bbox 396 904 1908 942; baseline -0.004 -6"><span class='ocrx_word' id='word_1_146' title='bbox 396 921 457 937; x_wconf 77' lang='lat' dir='ltr'><strong>sens</strong></span> <span class='ocrx_word' id='word_1_147' title='bbox 465 911 497 936; x_wconf 88' lang='lat' dir='ltr'><strong>ad</strong></span> <span class='ocrx_word' id='word_1_148' title='bbox 507 909 659 936; x_wconf 79' lang='lat' dir='ltr'><strong>evitandam</strong></span> <span class='ocrx_word' id='word_1_149' title='bbox 667 917 773 934; x_wconf 88' lang='lat' dir='ltr'><strong>omnem</strong></span> <span class='ocrx_word' id='word_1_150' title='bbox 782 906 1023 942; x_wconf 81' lang='lat' dir='ltr'><strong>scrupulositatem</strong></span> <span class='ocrx_word' id='word_1_151' title='bbox 1032 905 1059 931; x_wconf 92' lang='lat' dir='ltr'><strong>in</strong></span> <span class='ocrx_word' id='word_1_152' title='bbox 1074 905 1258 932; x_wconf 84' lang='lat' dir='ltr'><strong>testimonium</strong></span> <span class='ocrx_word' id='word_1_153' title='bbox 1268 913 1381 940; x_wconf 88' lang='lat' dir='ltr'><strong>quoque</strong></span> <span class='ocrx_word' id='word_1_154' title='bbox 1388 909 1416 930; x_wconf 86' lang='lat' dir='ltr'><strong>et</strong></span> <span class='ocrx_word' id='word_1_155' title='bbox 1428 905 1566 930; x_wconf 87' lang='lat' dir='ltr'><strong>munimen</strong></span> <span class='ocrx_word' id='word_1_156' title='bbox 1575 906 1695 931; x_wconf 90' lang='lat' dir='ltr'><strong>omnium</strong></span> <span class='ocrx_word' id='word_1_157' title='bbox 1704 904 1908 940; x_wconf 85' lang='lat' dir='ltr'><strong>praedictorum</strong></span> 
     </span>
     <span class='ocr_line' id='line_1_13' title="bbox 396 952 1910 991; baseline -0.005 -7"><span class='ocrx_word' id='word_1_158' title='bbox 396 962 558 984; x_wconf 79' lang='lat' dir='ltr'><strong>memoratae</strong></span> <span class='ocrx_word' id='word_1_159' title='bbox 568 955 698 982; x_wconf 82' lang='lat' dir='ltr'><strong>ecclesiae</strong></span> <span class='ocrx_word' id='word_1_160' title='bbox 711 954 794 991; x_wconf 79' lang='lat' dir='ltr'><strong>sigilli</strong></span> <span class='ocrx_word' id='word_1_161' title='bbox 803 954 854 980; x_wconf 93' lang='lat' dir='ltr'><strong>mei</strong></span> <span class='ocrx_word' id='word_1_162' title='bbox 863 959 890 980; x_wconf 87' lang='lat' dir='ltr'><strong>et</strong></span> <span class='ocrx_word' id='word_1_163' title='bbox 900 953 981 989; x_wconf 81' lang='lat' dir='ltr'><strong>sigilli</strong></span> <span class='ocrx_word' id='word_1_164' title='bbox 991 953 1092 979; x_wconf 87' lang='lat' dir='ltr'><strong>Aliciae</strong></span> <span class='ocrx_word' id='word_1_165' title='bbox 1102 953 1194 978; x_wconf 79' lang='lat' dir='ltr'><strong>uxoris</strong></span> <span class='ocrx_word' id='word_1_166' title='bbox 1205 961 1280 978; x_wconf 86' lang='lat' dir='ltr'><strong>meae</strong></span> <span class='ocrx_word' id='word_1_167' title='bbox 1289 952 1469 987; x_wconf 75' lang='lat' dir='ltr'><strong>appensione,</strong></span> <span class='ocrx_word' id='word_1_168' title='bbox 1485 961 1546 978; x_wconf 90' lang='lat' dir='ltr'><strong>cum</strong></span> <span class='ocrx_word' id='word_1_169' title='bbox 1558 952 1680 983; x_wconf 82' lang='lat' dir='ltr'><strong>testium,</strong></span> <span class='ocrx_word' id='word_1_170' title='bbox 1694 952 1742 988; x_wconf 91' lang='lat' dir='ltr'><strong>qui</strong></span> <span class='ocrx_word' id='word_1_171' title='bbox 1755 952 1910 988; x_wconf 77' lang='lat' dir='ltr'><strong>praemissis</strong></span> 
     </span>
     <span class='ocr_line' id='line_1_14' title="bbox 396 999 1906 1036; baseline -0.003 -6"><span class='ocrx_word' id='word_1_172' title='bbox 396 1004 579 1031; x_wconf 77' lang='lat' dir='ltr'><strong>iuterfuerunt</strong></span> <span class='ocrx_word' id='word_1_173' title='bbox 589 1023 596 1033; x_wconf 76' lang='grc'>,</span> <span class='ocrx_word' id='word_1_174' title='bbox 620 1002 813 1028; x_wconf 82' lang='lat' dir='ltr'><strong>subnotatione</strong></span> <span class='ocrx_word' id='word_1_175' title='bbox 834 1000 938 1026; x_wconf 84' lang='lat' dir='ltr'><strong>contuli</strong></span> <span class='ocrx_word' id='word_1_176' title='bbox 958 1000 1130 1026; x_wconf 88' lang='lat' dir='ltr'><strong>roboratum.</strong></span> <span class='ocrx_word' id='word_1_177' title='bbox 1147 999 1242 1025; x_wconf 87' lang='lat' dir='ltr'><strong>Testes</strong></span> <span class='ocrx_word' id='word_1_178' title='bbox 1258 999 1380 1035; x_wconf 79' lang='lat' dir='ltr'><strong>Sygerus</strong></span> <span class='ocrx_word' id='word_1_179' title='bbox 1389 1020 1397 1032; x_wconf 80' lang='lat'>‚</span> <span class='ocrx_word' id='word_1_180' title='bbox 1417 999 1502 1025; x_wconf 86' lang='lat' dir='ltr'><strong>abbas</strong></span> <span class='ocrx_word' id='word_1_181' title='bbox 1522 999 1693 1034; x_wconf 78' lang='lat' dir='ltr'><strong>Ninivensis3</strong></span> <span class='ocrx_word' id='word_1_182' title='bbox 1713 999 1889 1036; x_wconf 68' lang='lat' dir='ltr'><strong>higelbertus</strong></span> <span class='ocrx_word' id='word_1_183' title='bbox 1899 1020 1906 1031; x_wconf 86' lang='lat'>‚</span> 
     </span>
     <span class='ocr_line' id='line_1_15' title="bbox 396 1046 1907 1086; baseline -0.003 -9"><span class='ocrx_word' id='word_1_184' title='bbox 396 1052 470 1086; x_wconf 85' lang='lat' dir='ltr'><strong>prior</strong></span> <span class='ocrx_word' id='word_1_185' title='bbox 486 1062 491 1085; x_wconf 78' lang='lat'><em>3</em></span> <span class='ocrx_word' id='word_1_186' title='bbox 515 1050 682 1080; x_wconf 72' lang='lat' dir='ltr'><strong>Gossuinus,</strong></span> <span class='ocrx_word' id='word_1_187' title='bbox 700 1049 889 1084; x_wconf 75' lang='lat' dir='ltr'><strong>praepositus3</strong></span> <span class='ocrx_word' id='word_1_188' title='bbox 910 1047 997 1074; x_wconf 86' lang='lat' dir='ltr'><strong>frater</strong></span> <span class='ocrx_word' id='word_1_189' title='bbox 1017 1047 1170 1073; x_wconf 79' lang='lat' dir='ltr'><strong>Willelmus</strong></span> <span class='ocrx_word' id='word_1_190' title='bbox 1189 1047 1223 1073; x_wconf 88' lang='lat' dir='ltr'><strong>de</strong></span> <span class='ocrx_word' id='word_1_191' title='bbox 1243 1046 1367 1079; x_wconf 65' lang='lat' dir='ltr'><strong>Hellen,</strong></span> <span class='ocrx_word' id='word_1_192' title='bbox 1385 1052 1413 1073; x_wconf 83' lang='lat' dir='ltr'><strong>et</strong></span> <span class='ocrx_word' id='word_1_193' title='bbox 1432 1046 1518 1073; x_wconf 80' lang='lat' dir='ltr'><strong>frater</strong></span> <span class='ocrx_word' id='word_1_194' title='bbox 1537 1047 1678 1073; x_wconf 86' lang='lat' dir='ltr'><strong>Johannes</strong></span> <span class='ocrx_word' id='word_1_195' title='bbox 1697 1047 1731 1074; x_wconf 85' lang='lat' dir='ltr'><strong>de</strong></span> <span class='ocrx_word' id='word_1_196' title='bbox 1749 1047 1907 1076; x_wconf 65' lang='lat' dir='ltr'><strong>Lesa-ines,-</strong></span> 
     </span>
     <span class='ocr_line' id='line_1_16' title="bbox 396 1094 1908 1131; baseline -0.004 -6"><span class='ocrx_word' id='word_1_197' title='bbox 396 1099 552 1125; x_wconf 79' lang='lat' dir='ltr'><strong>Annekinus</strong></span> <span class='ocrx_word' id='word_1_198' title='bbox 562 1119 569 1130; x_wconf 90' lang='lat'>‚</span> <span class='ocrx_word' id='word_1_199' title='bbox 583 1097 747 1124; x_wconf 84' lang='lat' dir='ltr'><strong>castellanus</strong></span> <span class='ocrx_word' id='word_1_200' title='bbox 758 1107 764 1131; x_wconf 83' lang='lat'><em>3</em></span> <span class='ocrx_word' id='word_1_201' title='bbox 781 1096 852 1122; x_wconf 81' lang='lat' dir='ltr'><strong>Raso</strong></span> <span class='ocrx_word' id='word_1_202' title='bbox 865 1095 900 1122; x_wconf 89' lang='lat' dir='ltr'><strong>de</strong></span> <span class='ocrx_word' id='word_1_203' title='bbox 911 1095 1019 1131; x_wconf 83' lang='lat' dir='ltr'><strong>Capella</strong></span> <span class='ocrx_word' id='word_1_204' title='bbox 1033 1100 1060 1121; x_wconf 85' lang='lat' dir='ltr'><strong>et</strong></span> <span class='ocrx_word' id='word_1_205' title='bbox 1074 1095 1228 1121; x_wconf 78' lang='lat' dir='ltr'><strong>willelmus</strong></span> <span class='ocrx_word' id='word_1_206' title='bbox 1240 1095 1361 1128; x_wconf 74' lang='lat' dir='ltr'><strong>Mor-ant,</strong></span> <span class='ocrx_word' id='word_1_207' title='bbox 1375 1094 1498 1121; x_wconf 88' lang='lat' dir='ltr'><strong>homines</strong></span> <span class='ocrx_word' id='word_1_208' title='bbox 1509 1094 1611 1121; x_wconf 82' lang='lat' dir='ltr'><strong>feodati</strong></span> <span class='ocrx_word' id='word_1_209' title='bbox 1624 1094 1658 1121; x_wconf 89' lang='lat' dir='ltr'><strong>de</strong></span> <span class='ocrx_word' id='word_1_210' title='bbox 1671 1094 1845 1130; x_wconf 75' lang='lat' dir='ltr'><strong>Ledeberqhe,</strong></span> <span class='ocrx_word' id='word_1_211' title='bbox 1861 1094 1908 1129; x_wconf 88' lang='lat' dir='ltr'><strong>qui</strong></span> 
     </span>
     <span class='ocr_line' id='line_1_17' title="bbox 394 1141 1908 1182; baseline -0.004 -9"><span class='ocrx_word' id='word_1_212' title='bbox 394 1156 476 1182; x_wconf 63' lang='lat' dir='ltr'><strong>super</strong></span> <span class='ocrx_word' id='word_1_213' title='bbox 488 1145 641 1181; x_wconf 78' lang='lat' dir='ltr'><strong>praemissis</strong></span> <span class='ocrx_word' id='word_1_214' title='bbox 652 1144 800 1171; x_wconf 82' lang='lat' dir='ltr'><strong>submoniti</strong></span> <span class='ocrx_word' id='word_1_215' title='bbox 813 1143 923 1170; x_wconf 80' lang='lat' dir='ltr'><strong>fuerant</strong></span> <span class='ocrx_word' id='word_1_216' title='bbox 937 1154 944 1176; x_wconf 72' lang='grc' dir='ltr'><strong>ς</strong></span> <span class='ocrx_word' id='word_1_217' title='bbox 965 1143 1120 1170; x_wconf 54' lang='lat' dir='ltr'><strong>W&#39;illelmus</strong></span> <span class='ocrx_word' id='word_1_218' title='bbox 1134 1142 1311 1169; x_wconf 85' lang='lat' dir='ltr'><strong>Hantsultere</strong></span> <span class='ocrx_word' id='word_1_219' title='bbox 1320 1163 1327 1174; x_wconf 61' lang='lat'>7</span> <span class='ocrx_word' id='word_1_220' title='bbox 1344 1142 1486 1169; x_wconf 74' lang='lat' dir='ltr'><strong>W&#39;alterus</strong></span> <span class='ocrx_word' id='word_1_221' title='bbox 1507 1142 1658 1168; x_wconf 80' lang='lat' dir='ltr'><strong>cardinalis</strong></span> <span class='ocrx_word' id='word_1_222' title='bbox 1667 1163 1675 1174; x_wconf 77' lang='lat'>‚</span> <span class='ocrx_word' id='word_1_223' title='bbox 1690 1142 1826 1168; x_wconf 78' lang='lat' dir='ltr'><strong>Henricus</strong></span> <span class='ocrx_word' id='word_1_224' title='bbox 1839 1141 1908 1167; x_wconf 81' lang='lat' dir='ltr'><strong>Mar-</strong></span> 
     </span>
     <span class='ocr_line' id='line_1_18' title="bbox 393 1188 1908 1228; baseline -0.003 -8"><span class='ocrx_word' id='word_1_225' title='bbox 393 1194 449 1220; x_wconf 76' lang='lat' dir='ltr'><strong>eolf</strong></span> <span class='ocrx_word' id='word_1_226' title='bbox 460 1215 466 1221; x_wconf 85' lang='lat'>.</span> <span class='ocrx_word' id='word_1_227' title='bbox 484 1194 615 1220; x_wconf 83' lang='lat' dir='ltr'><strong>llenricus</strong></span> <span class='ocrx_word' id='word_1_228' title='bbox 628 1192 693 1228; x_wconf 81' lang='lat' dir='ltr'><strong>Joye</strong></span> <span class='ocrx_word' id='word_1_229' title='bbox 704 1213 711 1226; x_wconf 84' lang='lat'><em>,</em></span> <span class='ocrx_word' id='word_1_230' title='bbox 726 1192 860 1218; x_wconf 87' lang='lat' dir='ltr'><strong>Henricus</strong></span> <span class='ocrx_word' id='word_1_231' title='bbox 878 1191 912 1217; x_wconf 87' lang='lat' dir='ltr'><strong>de</strong></span> <span class='ocrx_word' id='word_1_232' title='bbox 931 1191 957 1217; x_wconf 92' lang='lat' dir='ltr'><strong>la</strong></span> <span class='ocrx_word' id='word_1_233' title='bbox 976 1190 1044 1217; x_wconf 84' lang='lat' dir='ltr'><strong>Hort</strong></span> <span class='ocrx_word' id='word_1_234' title='bbox 1059 1196 1087 1217; x_wconf 83' lang='lat' dir='ltr'><strong>et</strong></span> <span class='ocrx_word' id='word_1_235' title='bbox 1098 1191 1254 1222; x_wconf 71' lang='lat' dir='ltr'><strong>&#39;Walterus7</strong></span> <span class='ocrx_word' id='word_1_236' title='bbox 1278 1190 1392 1216; x_wconf 84' lang='lat' dir='ltr'><strong>maritus</strong></span> <span class='ocrx_word' id='word_1_237' title='bbox 1410 1190 1511 1216; x_wconf 82' lang='lat' dir='ltr'><strong>Adelae</strong></span> <span class='ocrx_word' id='word_1_238' title='bbox 1525 1211 1532 1219; x_wconf 80' lang='grc'>,</span> <span class='ocrx_word' id='word_1_239' title='bbox 1556 1190 1660 1216; x_wconf 87' lang='lat' dir='ltr'><strong>scabini</strong></span> <span class='ocrx_word' id='word_1_240' title='bbox 1674 1189 1708 1216; x_wconf 87' lang='lat' dir='ltr'><strong>de</strong></span> <span class='ocrx_word' id='word_1_241' title='bbox 1722 1188 1845 1223; x_wconf 88' lang='lat' dir='ltr'><strong>Pamela,</strong></span> <span class='ocrx_word' id='word_1_242' title='bbox 1860 1189 1908 1224; x_wconf 88' lang='lat' dir='ltr'><strong>qui</strong></span> 
     </span>
     <span class='ocr_line' id='line_1_19' title="bbox 396 1235 1867 1274; baseline -0.003 -7"><span class='ocrx_word' id='word_1_243' title='bbox 396 1241 515 1267; x_wconf 66' lang='lat' dir='ltr'><strong>similiter</strong></span> <span class='ocrx_word' id='word_1_244' title='bbox 529 1240 675 1266; x_wconf 84' lang='lat' dir='ltr'><strong>submoniti</strong></span> <span class='ocrx_word' id='word_1_245' title='bbox 690 1239 804 1265; x_wconf 81' lang='lat' dir='ltr'><strong>suerunt</strong></span> <span class='ocrx_word' id='word_1_246' title='bbox 814 1248 899 1274; x_wconf 86' lang='lat' dir='ltr'><strong>super</strong></span> <span class='ocrx_word' id='word_1_247' title='bbox 911 1238 1078 1274; x_wconf 87' lang='lat' dir='ltr'><strong>praemissis.</strong></span> <span class='ocrx_word' id='word_1_248' title='bbox 1094 1238 1191 1264; x_wconf 85' lang='lat' dir='ltr'><strong>Actum</strong></span> <span class='ocrx_word' id='word_1_249' title='bbox 1203 1246 1276 1264; x_wconf 89' lang='lat' dir='ltr'><strong>anno</strong></span> <span class='ocrx_word' id='word_1_250' title='bbox 1291 1237 1396 1273; x_wconf 83' lang='lat' dir='ltr'><strong>gratiae</strong></span> <span class='ocrx_word' id='word_1_251' title='bbox 1406 1236 1575 1263; x_wconf 70' lang='lat' dir='ltr'>MCCXLYII</span> <span class='ocrx_word' id='word_1_252' title='bbox 1585 1257 1593 1269; x_wconf 89' lang='lat'>‚</span> <span class='ocrx_word' id='word_1_253' title='bbox 1606 1245 1699 1263; x_wconf 87' lang='lat' dir='ltr'><strong>mense</strong></span> <span class='ocrx_word' id='word_1_254' title='bbox 1710 1235 1867 1263; x_wconf 83' lang='lat' dir='ltr'><strong>Novembri.</strong></span> 
     </span>
    </p>
   </div>
   <div class='ocr_carea' id='block_1_3' title="bbox 1355 1303 1675 1336">
    <p class='ocr_par' dir='ltr' id='par_1_3' title="bbox 1355 1303 1675 1336">
     <span class='ocr_line' id='line_1_20' title="bbox 1355 1303 1675 1336; baseline 0 -9"><span class='ocrx_word' id='word_1_255' title='bbox 1355 1303 1463 1336; x_wconf 82' lang='lat' dir='ltr'><strong>Original</strong></span> <span class='ocrx_word' id='word_1_256' title='bbox 1473 1322 1479 1327; x_wconf 86' lang='lat'>.</span> <span class='ocrx_word' id='word_1_257' title='bbox 1492 1311 1562 1327; x_wconf 84' lang='lat' dir='ltr'><strong>sceau</strong></span> <span class='ocrx_word' id='word_1_258' title='bbox 1578 1303 1675 1327; x_wconf 72' lang='lat' dir='ltr'><strong>deti-uit.</strong></span> 
     </span>
    </p>
   </div>
   <div class='ocr_carea' id='block_1_4' title="bbox 1120 1383 1182 1394">
    <p class='ocr_par' dir='ltr' id='par_1_4' title="bbox 1120 1383 1182 1394">
     <span class='ocr_line' id='line_1_21' title="bbox 1120 1383 1182 1394; textangle 90"><span class='ocrx_word' id='word_1_259' title='bbox 1120 1383 1182 1394; x_wconf 92' lang='grc' dir='ltr'><strong>ΙΙ</strong></span> 
     </span>
    </p>
   </div>
   <div class='ocr_carea' id='block_1_5' title="bbox 1086 1610 1216 1645">
    <p class='ocr_par' dir='ltr' id='par_1_5' title="bbox 1086 1610 1216 1645">
     <span class='ocr_line' id='line_1_22' title="bbox 1086 1610 1216 1645; baseline -0.008 -1"><span class='ocrx_word' id='word_1_260' title='bbox 1086 1610 1216 1645; x_wconf 82' lang='lat' dir='ltr'>CCVII.</span> 
     </span>
    </p>
   </div>
   <div class='ocr_carea' id='block_1_6' title="bbox 402 1701 1908 1855">
    <p class='ocr_par' dir='ltr' id='par_1_6' title="bbox 402 1701 1908 1855">
     <span class='ocr_line' id='line_1_23' title="bbox 402 1701 1908 1750; baseline 0 -15"><span class='ocrx_word' id='word_1_261' title='bbox 402 1705 442 1738; x_wconf 73' lang='lat' dir='ltr'><strong>G.</strong></span> <span class='ocrx_word' id='word_1_262' title='bbox 473 1705 512 1738; x_wconf 75' lang='lat' dir='ltr'><strong>de</strong></span> <span class='ocrx_word' id='word_1_263' title='bbox 534 1705 674 1738; x_wconf 74' lang='lat' dir='ltr'><strong>Peru-e:</strong></span> <span class='ocrx_word' id='word_1_264' title='bbox 690 1704 804 1737; x_wconf 76' lang='lat' dir='ltr'><strong>donne</strong></span> <span class='ocrx_word' id='word_1_265' title='bbox 825 1702 848 1737; x_wconf 74' lang='grc' dir='ltr'><em>ἀ</em></span> <span class='ocrx_word' id='word_1_266' title='bbox 864 1704 1021 1750; x_wconf 77' lang='lat' dir='ltr'><strong>Z’abhaye</strong></span> <span class='ocrx_word' id='word_1_267' title='bbox 1040 1703 1086 1736; x_wconf 80' lang='lat' dir='ltr'><strong>les</strong></span> <span class='ocrx_word' id='word_1_268' title='bbox 1103 1703 1214 1736; x_wconf 67' lang='lat' dir='ltr'><strong>droits</strong></span> <span class='ocrx_word' id='word_1_269' title='bbox 1234 1701 1323 1748; x_wconf 79' lang='lat' dir='ltr'><strong>qu&#39;il</strong></span> <span class='ocrx_word' id='word_1_270' title='bbox 1345 1714 1368 1735; x_wconf 84' lang='lat' dir='ltr'><strong>a</strong></span> <span class='ocrx_word' id='word_1_271' title='bbox 1386 1714 1452 1735; x_wconf 74' lang='lat' dir='ltr'><strong>sur</strong></span> <span class='ocrx_word' id='word_1_272' title='bbox 1479 1701 1525 1735; x_wconf 78' lang='lat' dir='ltr'><strong>les</strong></span> <span class='ocrx_word' id='word_1_273' title='bbox 1547 1701 1701 1735; x_wconf 70' lang='lat' dir='ltr'><strong>hommes</strong></span> <span class='ocrx_word' id='word_1_274' title='bbox 1725 1701 1766 1735; x_wconf 82' lang='lat' dir='ltr'><strong>de</strong></span> <span class='ocrx_word' id='word_1_275' title='bbox 1783 1701 1908 1736; x_wconf 76' lang='lat' dir='ltr'><strong>condi-</strong></span> 
     </span>
     <span class='ocr_line' id='line_1_24' title="bbox 445 1757 1907 1808; baseline -0.001 -13"><span class='ocrx_word' id='word_1_276' title='bbox 445 1765 514 1795; x_wconf 71' lang='lat' dir='ltr'><strong>tion</strong></span> <span class='ocrx_word' id='word_1_277' title='bbox 541 1762 678 1804; x_wconf 68' lang='lat' dir='ltr'><strong>servile,</strong></span> <span class='ocrx_word' id='word_1_278' title='bbox 698 1764 763 1808; x_wconf 79' lang='lat' dir='ltr'><strong>qm&#39;</strong></span> <span class='ocrx_word' id='word_1_279' title='bbox 774 1762 979 1795; x_wconf 73' lang='lat' dir='ltr'><strong>clemem&#39;ent</strong></span> <span class='ocrx_word' id='word_1_280' title='bbox 1001 1761 1093 1795; x_wconf 75' lang='lat' dir='ltr'><strong>dans</strong></span> <span class='ocrx_word' id='word_1_281' title='bbox 1109 1773 1171 1794; x_wconf 77' lang='lat' dir='ltr'><strong>son</strong></span> <span class='ocrx_word' id='word_1_282' title='bbox 1188 1760 1351 1794; x_wconf 72' lang='lat' dir='ltr'><strong>demaine</strong></span> <span class='ocrx_word' id='word_1_283' title='bbox 1369 1759 1410 1793; x_wconf 83' lang='lat' dir='ltr'><strong>de</strong></span> <span class='ocrx_word' id='word_1_284' title='bbox 1431 1758 1575 1801; x_wconf 77' lang='lat' dir='ltr'><strong>Hallut,</strong></span> <span class='ocrx_word' id='word_1_285' title='bbox 1592 1757 1615 1792; x_wconf 78' lang='grc' dir='ltr'><em>ἁ</em></span> <span class='ocrx_word' id='word_1_286' title='bbox 1636 1759 1838 1806; x_wconf 68' lang='grc' dir='ltr'><strong>Γρίυσεριίοη</strong></span> <span class='ocrx_word' id='word_1_287' title='bbox 1857 1760 1907 1794; x_wconf 63' lang='lat' dir='ltr'><strong>‘bu</strong></span> 
     </span>
     <span class='ocr_line' id='line_1_25' title="bbox 445 1820 1142 1855; baseline -0.004 -1"><span class='ocrx_word' id='word_1_288' title='bbox 445 1821 536 1854; x_wconf 69' lang='lat' dir='ltr'><strong>droit</strong></span> <span class='ocrx_word' id='word_1_289' title='bbox 551 1821 591 1854; x_wconf 76' lang='lat' dir='ltr'><strong>(le</strong></span> <span class='ocrx_word' id='word_1_290' title='bbox 612 1820 770 1855; x_wconf 71' lang='lat' dir='ltr'><strong>meilleur</strong></span> <span class='ocrx_word' id='word_1_291' title='bbox 787 1820 882 1854; x_wconf 77' lang='lat' dir='ltr'><strong>catel.</strong></span> <span class='ocrx_word' id='word_1_292' title='bbox 905 1841 952 1845; x_wconf 91' lang='lat'><em>-</em></span> <span class='ocrx_word' id='word_1_293' title='bbox 964 1820 1142 1854; x_wconf 64' lang='lat' dir='ltr'><strong>Rovsnm.</strong></span> 
     </span>
    </p>
   </div>
   <div class='ocr_carea' id='block_1_7' title="bbox 1118 1995 1186 2018">
    <p class='ocr_par' dir='ltr' id='par_1_7' title="bbox 1118 1995 1186 2018">
     <span class='ocr_line' id='line_1_26' title="bbox 1118 1995 1186 2018; baseline -0.015 -1"><span class='ocrx_word' id='word_1_294' title='bbox 1118 1995 1186 2018; x_wconf 71' lang='lat'>1:247.</span> 
     </span>
    </p>
   </div>
   <div class='ocr_carea' id='block_1_8' title="bbox 397 2073 1913 2396">
    <p class='ocr_par' dir='ltr' id='par_1_8' title="bbox 397 2073 1913 2396">
     <span class='ocr_line' id='line_1_27' title="bbox 435 2073 1910 2112; baseline -0.002 -9"><span class='ocrx_word' id='word_1_295' title='bbox 435 2078 451 2103; x_wconf 78' lang='lat' dir='ltr'><strong>t</strong></span> <span class='ocrx_word' id='word_1_296' title='bbox 460 2078 572 2103; x_wconf 79' lang='lat' dir='ltr'><strong>niversis</strong></span> <span class='ocrx_word' id='word_1_297' title='bbox 587 2078 711 2112; x_wconf 82' lang='lat' dir='ltr'><strong>paginam</strong></span> <span class='ocrx_word' id='word_1_298' title='bbox 726 2082 896 2112; x_wconf 82' lang='lat' dir='ltr'><strong>praesentem</strong></span> <span class='ocrx_word' id='word_1_299' title='bbox 911 2077 1010 2102; x_wconf 81' lang='lat' dir='ltr'><strong>visuris</strong></span> <span class='ocrx_word' id='word_1_300' title='bbox 1019 2097 1026 2109; x_wconf 87' lang='lat'><em>‚</em></span> <span class='ocrx_word' id='word_1_301' title='bbox 1042 2076 1074 2102; x_wconf 76' lang='lat' dir='ltr'><strong>G.</strong></span> <span class='ocrx_word' id='word_1_302' title='bbox 1085 2076 1212 2102; x_wconf 82' lang='lat' dir='ltr'><strong>dominus</strong></span> <span class='ocrx_word' id='word_1_303' title='bbox 1226 2076 1260 2102; x_wconf 88' lang='lat' dir='ltr'><strong>de</strong></span> <span class='ocrx_word' id='word_1_304' title='bbox 1274 2076 1387 2102; x_wconf 83' lang='lat' dir='ltr'><strong>Pirweis</strong></span> <span class='ocrx_word' id='word_1_305' title='bbox 1401 2076 1474 2102; x_wconf 80' lang='lat' dir='ltr'><strong>etde</strong></span> <span class='ocrx_word' id='word_1_306' title='bbox 1489 2075 1639 2111; x_wconf 78' lang='lat' dir='ltr'><strong>Grimberqe</strong></span> <span class='ocrx_word' id='word_1_307' title='bbox 1649 2095 1656 2107; x_wconf 81' lang='lat'>‚</span> <span class='ocrx_word' id='word_1_308' title='bbox 1670 2084 1720 2101; x_wconf 89' lang='lat' dir='ltr'><strong>nec</strong></span> <span class='ocrx_word' id='word_1_309' title='bbox 1733 2083 1788 2100; x_wconf 90' lang='lat' dir='ltr'><strong>non</strong></span> <span class='ocrx_word' id='word_1_310' title='bbox 1801 2073 1875 2101; x_wconf 86' lang='lat' dir='ltr'><strong>Aelis</strong></span> <span class='ocrx_word' id='word_1_311' title='bbox 1888 2074 1910 2107; x_wconf 87' lang='lat'><strong>¹,</strong></span> 
     </span>
     <span class='ocr_line' id='line_1_28' title="bbox 400 2122 1912 2159; baseline -0.001 -10"><span class='ocrx_word' id='word_1_312' title='bbox 400 2133 466 2149; x_wconf 80' lang='lat' dir='ltr'><strong>uxor</strong></span> <span class='ocrx_word' id='word_1_313' title='bbox 481 2134 542 2155; x_wconf 76' lang='lat' dir='ltr'><strong>sua,</strong></span> <span class='ocrx_word' id='word_1_314' title='bbox 556 2133 667 2150; x_wconf 87' lang='lat' dir='ltr'><strong>noscere</strong></span> <span class='ocrx_word' id='word_1_315' title='bbox 681 2125 835 2150; x_wconf 78' lang='lat' dir='ltr'><strong>veritatem.</strong></span> <span class='ocrx_word' id='word_1_316' title='bbox 852 2124 983 2150; x_wconf 75' lang='lat' dir='ltr'><strong>Noverint</strong></span> <span class='ocrx_word' id='word_1_317' title='bbox 1000 2124 1122 2150; x_wconf 80' lang='lat' dir='ltr'><strong>universi</strong></span> <span class='ocrx_word' id='word_1_318' title='bbox 1137 2124 1212 2159; x_wconf 90' lang='lat' dir='ltr'><strong>quod</strong></span> <span class='ocrx_word' id='word_1_319' title='bbox 1226 2133 1276 2150; x_wconf 82' lang='lat' dir='ltr'><strong>nos</strong></span> <span class='ocrx_word' id='word_1_320' title='bbox 1289 2123 1456 2150; x_wconf 86' lang='lat' dir='ltr'><strong>contulimus</strong></span> <span class='ocrx_word' id='word_1_321' title='bbox 1469 2124 1496 2149; x_wconf 92' lang='lat' dir='ltr'><strong>in</strong></span> <span class='ocrx_word' id='word_1_322' title='bbox 1511 2122 1710 2158; x_wconf 79' lang='lat' dir='ltr'><strong>eleemosynam</strong></span> <span class='ocrx_word' id='word_1_323' title='bbox 1728 2122 1763 2148; x_wconf 86' lang='lat' dir='ltr'><strong>de</strong></span> <span class='ocrx_word' id='word_1_324' title='bbox 1775 2131 1850 2148; x_wconf 87' lang='lat' dir='ltr'><strong>mera</strong></span> <span class='ocrx_word' id='word_1_325' title='bbox 1862 2131 1912 2148; x_wconf 88' lang='lat' dir='ltr'><strong>vo-</strong></span> 
     </span>
     <span class='ocr_line' id='line_1_29' title="bbox 397 2168 1913 2206; baseline -0.001 -10"><span class='ocrx_word' id='word_1_326' title='bbox 397 2170 501 2197; x_wconf 80' lang='lat' dir='ltr'><strong>luntate</strong></span> <span class='ocrx_word' id='word_1_327' title='bbox 515 2176 608 2197; x_wconf 85' lang='lat' dir='ltr'><strong>nostra</strong></span> <span class='ocrx_word' id='word_1_328' title='bbox 620 2171 750 2197; x_wconf 83' lang='lat' dir='ltr'><strong>ecclesiae</strong></span> <span class='ocrx_word' id='word_1_329' title='bbox 763 2171 900 2197; x_wconf 68' lang='lat' dir='ltr'><strong>Ninivensi</strong></span> <span class='ocrx_word' id='word_1_330' title='bbox 914 2176 941 2197; x_wconf 82' lang='lat' dir='ltr'><strong>et</strong></span> <span class='ocrx_word' id='word_1_331' title='bbox 955 2175 1049 2197; x_wconf 88' lang='lat' dir='ltr'><strong>sancto</strong></span> <span class='ocrx_word' id='word_1_332' title='bbox 1059 2170 1185 2197; x_wconf 89' lang='lat' dir='ltr'><strong>Cornelio</strong></span> <span class='ocrx_word' id='word_1_333' title='bbox 1200 2175 1317 2206; x_wconf 86' lang='lat' dir='ltr'><strong>patrono</strong></span> <span class='ocrx_word' id='word_1_334' title='bbox 1332 2170 1454 2205; x_wconf 84' lang='lat' dir='ltr'><strong>ejusdem</strong></span> <span class='ocrx_word' id='word_1_335' title='bbox 1467 2169 1534 2202; x_wconf 89' lang='lat' dir='ltr'><strong>loci,</strong></span> <span class='ocrx_word' id='word_1_336' title='bbox 1548 2178 1642 2195; x_wconf 87' lang='lat' dir='ltr'><strong>omnes</strong></span> <span class='ocrx_word' id='word_1_337' title='bbox 1655 2178 1749 2196; x_wconf 86' lang='lat' dir='ltr'><strong>servos</strong></span> <span class='ocrx_word' id='word_1_338' title='bbox 1761 2174 1789 2196; x_wconf 85' lang='lat' dir='ltr'><strong>et.</strong></span> <span class='ocrx_word' id='word_1_339' title='bbox 1801 2168 1913 2195; x_wconf 86' lang='lat' dir='ltr'><strong>ancillas</strong></span> 
     </span>
     <span class='ocr_line' id='line_1_30' title="bbox 400 2217 1912 2254; baseline 0 -11"><span class='ocrx_word' id='word_1_340' title='bbox 400 2227 467 2252; x_wconf 81' lang='lat' dir='ltr'><strong>quos</strong></span> <span class='ocrx_word' id='word_1_341' title='bbox 476 2218 547 2253; x_wconf 81' lang='lat' dir='ltr'><strong>apud</strong></span> <span class='ocrx_word' id='word_1_342' title='bbox 558 2217 666 2251; x_wconf 73' lang='lat' dir='ltr'><strong>llallut,</strong></span> <span class='ocrx_word' id='word_1_343' title='bbox 681 2218 732 2244; x_wconf 89' lang='lat' dir='ltr'><strong>sub</strong></span> <span class='ocrx_word' id='word_1_344' title='bbox 742 2218 862 2244; x_wconf 87' lang='lat' dir='ltr'><strong>dominio</strong></span> <span class='ocrx_word' id='word_1_345' title='bbox 875 2223 970 2244; x_wconf 83' lang='lat' dir='ltr'><strong>nostro</strong></span> <span class='ocrx_word' id='word_1_346' title='bbox 982 2228 1032 2254; x_wconf 88' lang='lat' dir='ltr'><strong>per</strong></span> <span class='ocrx_word' id='word_1_347' title='bbox 1043 2228 1093 2244; x_wconf 86' lang='lat' dir='ltr'><strong>nos</strong></span> <span class='ocrx_word' id='word_1_348' title='bbox 1106 2228 1154 2245; x_wconf 88' lang='lat' dir='ltr'><strong>seu</strong></span> <span class='ocrx_word' id='word_1_349' title='bbox 1166 2228 1216 2254; x_wconf 88' lang='lat' dir='ltr'><strong>per</strong></span> <span class='ocrx_word' id='word_1_350' title='bbox 1227 2219 1354 2244; x_wconf 89' lang='lat' dir='ltr'><strong>nuntium</strong></span> <span class='ocrx_word' id='word_1_351' title='bbox 1365 2223 1490 2244; x_wconf 83' lang='lat' dir='ltr'><strong>nostrum</strong></span> <span class='ocrx_word' id='word_1_352' title='bbox 1501 2217 1534 2243; x_wconf 88' lang='lat' dir='ltr'><strong>ad</strong></span> <span class='ocrx_word' id='word_1_353' title='bbox 1543 2226 1674 2253; x_wconf 85' lang='lat' dir='ltr'><strong>praesens</strong></span> <span class='ocrx_word' id='word_1_354' title='bbox 1682 2217 1726 2244; x_wconf 71' lang='lat' dir='ltr'><strong>vel</strong></span> <span class='ocrx_word' id='word_1_355' title='bbox 1734 2217 1761 2243; x_wconf 88' lang='lat' dir='ltr'><strong>in</strong></span> <span class='ocrx_word' id='word_1_356' title='bbox 1770 2221 1912 2253; x_wconf 88' lang='lat' dir='ltr'><strong>posterum</strong></span> 
     </span>
     <span class='ocr_line' id='line_1_31' title="bbox 400 2263 1910 2302; baseline -0.001 -12"><span class='ocrx_word' id='word_1_357' title='bbox 400 2266 491 2290; x_wconf 71' lang='lat' dir='ltr'><strong>venire</strong></span> <span class='ocrx_word' id='word_1_358' title='bbox 505 2266 665 2301; x_wconf 68' lang='lat' dir='ltr'><strong>contigerit,</strong></span> <span class='ocrx_word' id='word_1_359' title='bbox 681 2266 715 2291; x_wconf 84' lang='lat' dir='ltr'><strong>ad</strong></span> <span class='ocrx_word' id='word_1_360' title='bbox 732 2266 897 2292; x_wconf 89' lang='lat' dir='ltr'><strong>manendum</strong></span> <span class='ocrx_word' id='word_1_361' title='bbox 917 2271 971 2292; x_wconf 85' lang='lat' dir='ltr'><strong>tam</strong></span> <span class='ocrx_word' id='word_1_362' title='bbox 986 2266 1088 2292; x_wconf 83' lang='lat' dir='ltr'><strong>liberos</strong></span> <span class='ocrx_word' id='word_1_363' title='bbox 1107 2271 1134 2292; x_wconf 88' lang='lat' dir='ltr'><strong>et</strong></span> <span class='ocrx_word' id='word_1_364' title='bbox 1155 2271 1295 2302; x_wconf 80' lang='lat' dir='ltr'><strong>exemptos</strong></span> <span class='ocrx_word' id='word_1_365' title='bbox 1310 2265 1345 2292; x_wconf 91' lang='lat' dir='ltr'><strong>ab</strong></span> <span class='ocrx_word' id='word_1_366' title='bbox 1359 2266 1433 2292; x_wconf 87' lang='lat' dir='ltr'><strong>omni</strong></span> <span class='ocrx_word' id='word_1_367' title='bbox 1447 2265 1587 2292; x_wconf 85' lang='lat' dir='ltr'><strong>exactione</strong></span> <span class='ocrx_word' id='word_1_368' title='bbox 1601 2269 1694 2290; x_wconf 91' lang='lat' dir='ltr'><strong>nostra</strong></span> <span class='ocrx_word' id='word_1_369' title='bbox 1705 2285 1712 2296; x_wconf 81' lang='lat'><strong>‚</strong></span> <span class='ocrx_word' id='word_1_370' title='bbox 1732 2263 1864 2300; x_wconf 85' lang='lat' dir='ltr'><strong>quamdiu</strong></span> <span class='ocrx_word' id='word_1_371' title='bbox 1883 2264 1910 2289; x_wconf 87' lang='lat' dir='ltr'><strong>in</strong></span> 
     </span>
     <span class='ocr_line' id='line_1_32' title="bbox 400 2309 1912 2349; baseline 0 -13"><span class='ocrx_word' id='word_1_372' title='bbox 400 2311 471 2337; x_wconf 87' lang='lat' dir='ltr'><strong>dicto</strong></span> <span class='ocrx_word' id='word_1_373' title='bbox 483 2312 628 2338; x_wconf 87' lang='lat' dir='ltr'><strong>manebunt</strong></span> <span class='ocrx_word' id='word_1_374' title='bbox 640 2312 770 2346; x_wconf 78' lang='lat' dir='ltr'><strong>dominio,</strong></span> <span class='ocrx_word' id='word_1_375' title='bbox 782 2318 814 2339; x_wconf 88' lang='lat' dir='ltr'><strong>ut</strong></span> <span class='ocrx_word' id='word_1_376' title='bbox 825 2313 852 2338; x_wconf 91' lang='lat' dir='ltr'><strong>in</strong></span> <span class='ocrx_word' id='word_1_377' title='bbox 865 2312 941 2338; x_wconf 89' lang='lat' dir='ltr'><strong>nullo</strong></span> <span class='ocrx_word' id='word_1_378' title='bbox 950 2313 1028 2339; x_wconf 83' lang='lat' dir='ltr'><strong>nobis</strong></span> <span class='ocrx_word' id='word_1_379' title='bbox 1039 2313 1168 2349; x_wconf 85' lang='lat' dir='ltr'><strong>deinceps</strong></span> <span class='ocrx_word' id='word_1_380' title='bbox 1178 2318 1326 2339; x_wconf 85' lang='lat' dir='ltr'><strong>teneantur</strong></span> <span class='ocrx_word' id='word_1_381' title='bbox 1336 2313 1457 2345; x_wconf 81' lang='lat' dir='ltr'><strong>obnoxii,</strong></span> <span class='ocrx_word' id='word_1_382' title='bbox 1467 2317 1576 2339; x_wconf 85' lang='lat' dir='ltr'><strong>retento</strong></span> <span class='ocrx_word' id='word_1_383' title='bbox 1584 2310 1664 2337; x_wconf 89' lang='lat' dir='ltr'><strong>nobis</strong></span> <span class='ocrx_word' id='word_1_384' title='bbox 1672 2316 1762 2337; x_wconf 88' lang='lat' dir='ltr'><strong>tamen</strong></span> <span class='ocrx_word' id='word_1_385' title='bbox 1771 2320 1786 2337; x_wconf 91' lang='lat' dir='ltr'><strong>a</strong></span> <span class='ocrx_word' id='word_1_386' title='bbox 1796 2309 1912 2347; x_wconf 80' lang='lat' dir='ltr'><strong>singulis</strong></span> 
     </span>
     <span class='ocr_line' id='line_1_33' title="bbox 400 2357 1912 2396; baseline 0.001 -14"><span class='ocrx_word' id='word_1_387' title='bbox 400 2357 432 2383; x_wconf 83' lang='lat' dir='ltr'><strong>de</strong></span> <span class='ocrx_word' id='word_1_388' title='bbox 446 2358 523 2384; x_wconf 87' lang='lat' dir='ltr'><strong>bonis</strong></span> <span class='ocrx_word' id='word_1_389' title='bbox 536 2359 656 2393; x_wconf 88' lang='lat' dir='ltr'><strong>ipsorum</strong></span> <span class='ocrx_word' id='word_1_390' title='bbox 668 2380 674 2391; x_wconf 83' lang='lat'><strong>‚</strong></span> <span class='ocrx_word' id='word_1_391' title='bbox 691 2360 754 2386; x_wconf 91' lang='lat' dir='ltr'><strong>dum</strong></span> <span class='ocrx_word' id='word_1_392' title='bbox 770 2369 816 2386; x_wconf 88' lang='lat' dir='ltr'><strong>eos</strong></span> <span class='ocrx_word' id='word_1_393' title='bbox 829 2359 862 2386; x_wconf 88' lang='lat' dir='ltr'><strong>de</strong></span> <span class='ocrx_word' id='word_1_394' title='bbox 876 2361 1014 2395; x_wconf 82' lang='lat' dir='ltr'><strong>praesenti</strong></span> <span class='ocrx_word' id='word_1_395' title='bbox 1024 2361 1096 2387; x_wconf 88' lang='lat' dir='ltr'><strong>vitae</strong></span> <span class='ocrx_word' id='word_1_396' title='bbox 1110 2360 1199 2387; x_wconf 86' lang='lat' dir='ltr'><strong>medio</strong></span> <span class='ocrx_word' id='word_1_397' title='bbox 1213 2360 1347 2387; x_wconf 85' lang='lat' dir='ltr'><strong>decedere</strong></span> <span class='ocrx_word' id='word_1_398' title='bbox 1361 2361 1517 2396; x_wconf 69' lang='lat' dir='ltr'><strong>continget,</strong></span> <span class='ocrx_word' id='word_1_399' title='bbox 1533 2358 1631 2386; x_wconf 88' lang='lat' dir='ltr'><strong>catallo</strong></span> <span class='ocrx_word' id='word_1_400' title='bbox 1646 2358 1762 2385; x_wconf 84' lang='lat' dir='ltr'><strong>meliori.</strong></span> <span class='ocrx_word' id='word_1_401' title='bbox 1777 2357 1912 2385; x_wconf 88' lang='lat' dir='ltr'><strong>Praedicti</strong></span> 
     </span>
    </p>
   </div>
   <div class='ocr_carea' id='block_1_9' title="bbox 430 2451 638 2474">
    <p class='ocr_par' dir='ltr' id='par_1_9' title="bbox 430 2451 638 2474">
     <span class='ocr_line' id='line_1_34' title="bbox 430 2451 638 2474; baseline 0.019 -4"><span class='ocrx_word' id='word_1_402' title='bbox 430 2451 435 2466; x_wconf 82' lang='lat'><strong>¹</strong></span> <span class='ocrx_word' id='word_1_403' title='bbox 453 2453 542 2473; x_wconf 70' lang='lat' dir='ltr'><strong>Ailleurs</strong></span> <span class='ocrx_word' id='word_1_404' title='bbox 557 2453 638 2474; x_wconf 67' lang='lat' dir='ltr'><strong>Alncm.</strong></span> 
     </span>
    </p>
   </div>
  </div>
 </body>
</html>
