2118 3184
451 448 711 484 CHRONICONJ
742 449 954 484 BALDUINI
982 448 1283 485 NINOVIENSIS.
1555 450 1624 485 (595

118 556 227 590 batias
245 568 306 602 per
319 557 489 590 annulum
504 563 539 590 et
557 556 689 603 virgam
707 556 933 601 pastui-alerii:
954 568 1043 602 papa
1057 569 1157 599 vei-07
1177 564 1299 591 contra
1318 556 1621 592 consuetudinem.

116 626 156 648 ex
173 627 267 648 mera
286 615 493 649 auctoritate
509 615 517 635 ¹
533 641 540 657 ,
558 614 712 647 decrevit
730 626 794 647 nec
814 613 942 647 debere
955 641 963 656 ³.
988 627 1051 648 nec
1070 627 1169 660 posse
1183 615 1258 649 dari
1274 615 1325 649 vel
1345 615 1453 661 accipi
1471 615 1622 661 aliquam

118 673 383 707 ecclesiasticam
405 673 644 705 investituram
668 684 687 705 a
710 684 815 704 manu
839 672 960 705 laicali.
993 672 1059 705 Pro
1081 685 1150 719 qua
1175 674 1410 707 controversia
1435 674 1625 719 imperator

117 744 243 777 papam
262 732 296 764 in
316 731 446 775 templo
466 730 501 763 S.
522 730 613 764 Petri
633 730 743 775 cepit,
765 730 879 775 ipsum
901 730 1119 777 interrogans
1137 730 1318 776 quomodo
1334 744 1482 778 regnum
1496 737 1621 765 staret.

116 791 143 824 si
164 802 253 836 papa
268 789 332 822 sibi
347 789 465 822 omnia
484 789 611 836 regalia
628 788 775 821 tolleret.
796 788 889 834 Papa
909 788 1090 834 respondit
1108 790 1266 823 militiam
1285 796 1317 822 et
1337 796 1447 823 castra
1462 796 1495 823 et
1508 790 1625 823 omnia

115 860 206 895 quae
225 847 322 895 regni
342 853 441 880 erant
463 847 508 880 ab
530 847 701 892 episcopis
722 845 873 880 tollenda
886 873 894 886 ,
915 846 1004 879 solas
1019 847 1067 880 eis
1084 846 1236 880 decimas
1255 854 1289 880 et
1307 847 1500 881 oblationes
1519 847 1625 881 relin-

114 906 284 954 quendas.
305 905 384 946 Quo
397 905 537 949 audito7
559 906 749 951 imperator
764 918 844 938 mox
863 906 907 939 ab
926 918 967 939 eo
987 906 1197 951 promissum
1215 906 1351 952 impleri
1364 906 1543 953 exigebatg
1565 905 1624 940 sed

114 965 280 1000 omnibus
298 965 332 997 in
352 964 474 998 faciem
495 965 525 998 ei
542 964 782 998 resistentibus
794 991 802 1006 .,
820 970 855 997 et
869 964 1050 998 inimicum
1069 965 1231 998 ecclesiae
1249 966 1309 998 Dei
1324 965 1421 998 illum
1437 964 1625 1010 judicanti-

114 1024 181 1058 bus
195 1050 204 1065 ,
229 1023 431 1068 compulsus
457 1030 508 1056 est
528 1035 616 1069 papa
634 1024 843 1056 confirmare
865 1029 903 1056 ut
923 1030 1004 1068 post
1022 1023 1225 1057 electionem
1246 1024 1431 1069 episcopus
1448 1024 1492 1057 ab
1510 1024 1624 1069 impe-

112 1089 226 1116 ratore
236 1082 453 1115 investiatur.
466 1082 546 1122 Quo
556 1082 777 1123 (ῖοιιΓιι-ιιιειῑυἼ
791 1083 981 1127 imperator
991 1081 1234 1116 benedictione
1245 1089 1406 1128 percepta
1418 1088 1620 1115 coronatur.

115 1140 183 1175 Sed
205 1141 288 1187 quia
308 1140 374 1174 lioc
396 1140 502 1174 modo
520 1140 741 1187 privilegium
763 1140 1048 1173 investiturarum
1068 1153 1086 1173 a
1109 1152 1198 1186 papa
1211 1167 1219 1182 ‚
1243 1152 1350 1186 quem
1368 1141 1620 1185 ca}*›tivavcrat.

115 1199 277 1241 extorsit,
304 1210 424 1232 rursus
444 1210 462 1231 a
482 1197 718 1231 cardinalibus
741 1204 775 1231 et
794 1198 966 1243 episcopis
988 1198 1260 1243 quamplurimis
1284 1198 1620 1231 excommunicatur.

114 1257 197 1292 Obit
209 1256 410 1304 Sigebertus
422 1283 430 1298 a
448 1256 707 1290 Gemblacensis
721 1255 1034 1303 chronographus7
1051 1256 1113 1301 qui
1128 1255 1331 1289 chronicam
1347 1268 1445 1289 suam
1461 1255 1625 1301 perduxit

115 1327 227 1362 usque
246 1313 290 1348 ad
305 1326 437 1347 annum
454 1313 593 1346 Domini
611 1312 735 1346 MCXI.

158 1372 277 1408 Leodii
292 1372 512 1418 pulsantibus
521 1371 672 1416 vesperis
681 1371 826 1405 sabbato
836 1370 1011 1417 quaedam
1026 1371 1157 1404 femina
1171 1378 1278 1417 caput
1292 1371 1379 1405 dum
1397 1371 1486 1405 lavat
1498 1384 1620 1417 puero.

111 1443 237 1466 manus
252 1430 381 1464 rubent
397 1430 567 1477 sanguine
582 1428 705 1462 fluido.
722 1429 901 1462 ,lohannes
918 1428 1103 1471 Gaitanus,
1126 1428 1281 1462 Gelasius
1297 1428 1429 1472 dictus7
1447 1430 1623 1463 Romanae

110 1489 275 1525 ecclesiae
294 1486 468 1534 praesidet
481 1499 574 1521 anno
588 1499 673 1520 uno.
697 1486 803 1533 Cujus
822 1486 981 1520 electioni
997 1487 1078 1532 quia
1094 1486 1286 1532 imperator
1303 1498 1372 1520 non
1388 1495 1620 1529 consenserat„

112 1549 142 1582 ei
159 1546 355 1581 Burdinum
371 1544 632 1591 superordinari
647 1545 748 1589 fecit‚
765 1545 826 1592 qui
842 1552 961 1591 postea
975 1558 995 1578 a
1009 1545 1143 1579 Kalixto
1158 1557 1248 1591 papa
1262 1551 1384 1591 captus
1399 1545 1542 1579 ultimae
1560 1546 1625 1579 ab—

107 1605 269 1652 jectionis
285 1604 529 1638 conFusionem
549 1604 713 1650 pertulit7
736 1610 776 1638 ut
789 1604 893 1638 asello
913 1603 1031 1638 nudus
1051 1604 1236 1649 impositus
1258 1616 1321 1650 per
1342 1604 1472 1649 plateas
1494 1604 1623 1638 Roma(-

111 1663 332 1706 traheretur,
356 1662 430 1696 luto
450 1668 742 1710 conspergeretur
755 1669 790 1696 et
803 1661 1021 1696 caederetur.
1042 1661 1198 1696 Gelasius
1213 1674 1304 1708 papa
1319 1674 1441 1696 verens
1458 1675 1624 1708 praesen-

111 1722 197 1756 tiam
212 1721 351 1755 chrici
372 1720 548 1755 tendentis
563 1721 711 1755 Romam
723 1748 732 1764 ‚
749 1721 888 1755 secessit
902 1720 1075 1767 Capuam‚
1092 1720 1246 1767 indeque
1260 1721 1431 1754 transiens
1446 1720 1491 1754 ad
1510 1727 1625 1767 partes

112 1780 147 1815 S.
175 1779 310 1828 Aegidii
325 1807 333 1823 a
355 1779 486 1814 ibidem
503 1792 624 1814 causas
638 1780 712 1827 agit
729 1779 932 1826 synodales,
954 1780 1015 1813 ubi
1039 1786 1074 1813 et
1092 1780 1304 1823 Norbertus,
1327 1779 1370 1813 de
1389 1792 1460 1826 quo
1479 1780 1623 1825 praefati

111 1851 250 1882 sumus:
273 1839 418 1873 fortuita
439 1845 524 1872 tunc
541 1839 823 1886 peregrinatione
842 1850 906 1884 pro
925 1838 1063 1872 Christo
1081 1845 1243 1884 suscepta
1263 1838 1423 1881 veniens,
1448 1837 1584 1872 veniam
1605 1850 1624 1870 a

111 1909 252 1932 summo
274 1897 441 1943 pontifice
462 1897 657 1944 specialiter
678 1897 779 1943 petiit
803 1903 838 1931 et
860 1897 1060 1943 impetravit
1083 1897 1127 1931 de
1150 1909 1192 1931 eo
1214 1896 1312 1943 quod
1331 1896 1421 1931 duos
1441 1908 1624 1942 supremos

111 1955 253 1991 ordines
275 1956 379 1989 simul
400 1962 522 1989 contra
540 1967 717 1989 canonum
741 1962 871 1989 statuta
893 1962 1105 2002 susceperat.
1131 1956 1225 2001 Papa
1244 1967 1325 1989 vero
1344 1954 1568 1989 considerans
1591 1961 1626 1987 et

111 2013 392 2062 magnipendens
406 2013 630 2060 prudentiam
646 2014 709 2048 viri
722 2041 730 2057 a
749 2020 784 2048 et
801 2013 922 2047 videns
935 2014 1098 2060 spiritum
1118 2014 1180 2047 Dei
1194 2014 1412 2047 habitantem
1427 2014 1463 2047 in
1482 2026 1541 2056 eo,
1562 2025 1625 2047 vo—

111 2073 177 2107 luit
189 2085 272 2106 eum
285 2084 403 2107 secum
420 2073 581 2106 retinere.
601 2073 644 2106 At
658 2072 854 2107 Norbertus
868 2072 1087 2106 validissimis
1102 2073 1297 2106 rationibus
1313 2072 1482 2119 quoniam
1497 2072 1626 2105 arctio—

111 2131 158 2165 ris
174 2131 343 2177 propositi
359 2130 521 2164 ardorem
536 2137 746 2176 conceperat
757 2158 765 2173 7
781 2131 934 2178 allegans
948 2130 984 2164 id
999 2131 1063 2164 sibi
1079 2143 1150 2164 non
1169 2130 1353 2176 expedire,
1370 2129 1533 2164 dimissus
1551 2135 1602 2163 est
1613 2157 1621 2171 7

111 2195 282 2236 potestate
299 2190 431 2236 ubique
446 2196 619 2223 terrarum
634 2189 860 2235 praedicandi
875 2190 996 2223 litteris
1011 2190 1220 2235 apostolicae
1233 2189 1449 2223 auctoritatis
1463 2188 1527 2222 sibi
1545 2199 1625 2221 con—

111 2248 262 2281 firmata.
293 2247 519 2281 Burchardus
542 2247 780 2281 cameracensi
806 2247 969 2281 ecclesiae
997 2246 1183 2293 praesidet.
1211 2246 1300 2280 Cum
1327 2246 1480 2281 Gelas-ius
1509 2246 1623 2292 primo

110 2317 204 2340 anno
224 2305 439 2351 apostolatus
454 2304 608 2339 Cluniaci
627 2306 774 2348 obisset7
792 2304 922 2339 ibidem
938 2317 958 2339 a
974 2304 1210 2339 cardinalibus
1233 2311 1269 2338 et
1282 2305 1374 2338 clero
1390 2303 1509 2348 wido,
1525 2303 1625 2338 Vien-

112 2364 228 2398 nensis
247 2364 453 2410 episcopus7
479 2364 515 2397 in
535 2376 663 2410 papam
682 2364 823 2410 eligitur
844 2370 879 2396 et
901 2363 1055 2397 Kalixtus
1074 2363 1290 2407 nominatur,
1312 2363 1356 2409 vij
1378 2363 1476 2397 annis
1494 2362 1626 2408 praesi—

112 2422 200 2457 dens
211 2449 220 2466 ,
238 2422 300 2469 qui
315 2422 449 2456 bonum
463 2421 552 2455 dans
570 2421 758 2456 adveniens
772 2421 1005 2467 principium,
1027 2422 1143 2456 Remis
1157 2434 1238 2456 mox
1252 2421 1437 2456 consilium
1451 2432 1623 2455 convoca—

154 2551 162 2568 ¹
185 2550 291 2578 Delevit
305 2556 332 2577 et
346 2551 429 2578 verba
443 2551 518 2577 haec.
