2137 3131
473 416 543 450 692
816 412 989 448 CORPUS
1015 411 1345 447 CHRONICORUM
1373 411 1638 445 FLANDRIAE.

478 523 690 557 flandrensis
704 549 711 563 ,
742 521 961 566 Stephanus,
988 531 1104 552 comes
1132 518 1300 551 Blesensis
1318 545 1325 561 ,
1350 518 1452 566 Hugo
1470 545 1478 561 ,
1505 518 1612 552 frater
1633 519 1724 566 regis
1749 519 1959 553 Francorum
1973 547 1981 553 .

476 583 662 622 Robcrtus,
688 591 803 613 0011105
819 577 1071 619 Normanniae,
1094 575 1329 619 Reimundus,
1350 588 1467 610 comes
1486 576 1603 610 Sancti
1622 575 1774 624 Aegidii,
1796 577 1982 610 Boiamun-

475 640 559 673 dus.
581 638 650 671 dux
672 637 827 682 Apuliae.
1578 635 1586 639 ”

524 699 622 730 Anno
634 694 807 729 MXCYllt
822 722 829 737 ,
843 693 1013 727 exercitus
1025 692 1082 726 Dei
1093 692 1261 725 terminos
1272 692 1496 739 Paganorum
1510 693 1684 739 aggressi,
1695 692 1840 726 viriliter
1853 698 1964 739 agunt
1975 719 1983 735 ,

476 756 587 802 primo
599 754 688 787 bcllo
699 753 838 786 Niceam
850 752 1007 797 capiunt,
1019 751 1079 784 ubi
1092 749 1283 783 Balduinus
1293 777 1301 793 ,
1314 762 1431 783 comcs
1442 750 1645 794 Montensis,
1657 751 1781 799 sagitta
1797 762 1983 797 percussus

475 811 676 853 occulniit.¹;
694 811 775 844 inde
792 810 1011 844 Antiochiam
1025 808 1189 842 obsident
1202 815 1237 842 et
1251 810 1284 842 ix
1297 808 1490 842 obsidionis
1502 821 1619 843 mense
1635 810 1779 855 capiunt
1800 823 1806 842 :
1825 808 1887 843 sed
1903 821 1984 843 mox

472 884 567 904 versa
589 871 681 904 vice.
705 869 890 904 Christiani
909 882 926 902 a
950 868 1098 916 Pagauis
1117 867 1267 910 obsessi,
1294 868 1385 901 fame
1403 874 1573 915 urgente,
1596 868 1719 902 ultima
1742 868 1985 914 desperatione

474 931 602 972 coacti,
632 929 813 962 manifesta
838 927 896 960 Dei
916 927 1066 969 virtute,
1088 926 1181 959 ferro
1201 926 1348 959 salutem
1368 932 1545 971 quaerunt
1569 933 1604 959 et
1622 926 1819 960 inveniunt.
1842 925 1986 960 Interim

474 987 674 1021 Fretlericus
699 987 731 1019 in
756 985 1059 1031 archiepiscopatu
1088 983 1285 1018 Coloniensi
1310 983 1467 1017 succedit
1494 985 1708 1018 Hermanno.
1740 984 1874 1018 Dehinc
1904 990 1985 1030 post

474 1047 601 1080 multos
626 1046 761 1079 labores
784 1051 818 1078 ct
844 1044 997 1090 pericula
1018 1043 1287 1077 Jherosolimam
1310 1043 1473 1085 veniunt,
1499 1055 1575 1076 eam
1600 1042 1725 1077 diebus
1747 1043 1780 1075 xl
1803 1041 1986 1076 obsidione

473 1106 640 1152 cingunt,
666 1104 714 1137 ibi
737 1104 896 1137 omnium
923 1102 1199 1136 necessariorum
1224 1102 1371 1147 penuria
1394 1114 1534 1135 summo
1555 1101 1779 1144 discrimine,
1804 1101 1901 1135 omni
1923 1112 1984 1146 spe

473 1163 649 1207 destituti,
673 1162 717 1196 ad
737 1162 935 1210 rogandum
960 1162 1072 1194 Deum
1092 1173 1127 1194 se
1146 1167 1375 1203 convertunt,
1397 1161 1522 1194 urbem
1541 1161 1586 1207 vij
1608 1160 1734 1195 diebus
1753 1172 1835 1194 cum
1855 1160 1984 1194 litaniis

474 1223 693 1256 circumeunt
704 1221 737 1254 in
748 1221 909 1266 jejuniis,
923 1232 1022 1253 sacco
1038 1226 1071 1253 et
1090 1220 1219 1258 cinere,
1240 1220 1442 1262 clamantes,
1459 1220 1595 1253 coelum
1609 1220 1749 1266 pulsant
1760 1247 1768 1262 ,
1785 1218 1926 1253 fletibus
1938 1217 1984 1252 ad

473 1293 574 1314 aures
585 1281 645 1314 Dei
662 1280 878 1324 irrumpunt,
892 1285 926 1312 et
937 1278 993 1312 dic
1006 1284 1128 1311 octavo
1141 1278 1171 1323 vj
1185 1278 1269 1312 feria
1283 1305 1290 1320 ,
1304 1277 1339 1311 id
1349 1285 1399 1311 est
1414 1277 1492 1311 idus
1506 1278 1602 1319 Julii,
1620 1290 1713 1311 anno
1724 1277 1786 1311 MC
1796 1277 1857 1311 sed
1867 1277 1984 1311 minus

472 1352 563 1374 uno.
592 1338 809 1372 Jherusalem
836 1337 913 1370 laeti
936 1337 1090 1382 capiunt.
1116 1336 1252 1369 Virtute
1275 1337 1409 1382 potenti
1432 1343 1532 1382 capta
1554 1343 1606 1370 est
1627 1343 1744 1370 autem
1769 1342 1848 1382 post
1873 1348 1983 1369 annos

473 1398 609 1431 circiter
628 1396 840 1430 CCCCLXYI
855 1422 863 1438 ,
880 1408 919 1428 ex
935 1408 1006 1441 quo
1021 1401 1100 1440 post
1120 1395 1300 1428 Eracleum
1314 1394 1468 1428 secunda
1485 1395 1556 1428 vice
1575 1401 1627 1428 est
1645 1406 1801 1440 possessa
1821 1407 1839 1428 a
1859 1393 1982 1428 Sarra-

473 1457 578 1490 cenis.
598 1454 872 1488 Remanentibus
889 1453 932 1487 ad
948 1452 1180 1486 muniendum
1197 1459 1357 1486 sanctum
1377 1453 1493 1486 locum
1509 1452 1581 1486 dux
1598 1452 1810 1486 Godefridus
1826 1464 1883 1486 rex
1902 1464 1983 1486 con-

472 1513 648 1556 stituitur,
677 1512 802 1546 caeteri
823 1511 1025 1557 repatriant.
1054 1511 1215 1544 Urbanus
1241 1517 1276 1544 et
1301 1510 1459 1544 Clemens
1485 1510 1528 1544 de
1553 1518 1683 1556 papatu
1707 1510 1980 1553 contendentes,

475 1570 656 1605 moriendo
671 1571 777 1604 finem
797 1570 940 1603 faciunt..
959 1568 1123 1603 Succedit
1142 1570 1310 1603 Reinerus
1322 1597 1330 1612 ,
1352 1571 1413 1615 qui
1429 1576 1464 1603 et
1480 1569 1673 1613 paschalis,
1692 1581 1782 1615 papa
1796 1569 1862 1615 xvij
1884 1569 1983 1603 annis

473 1629 685 1675 praesidens.

521 1689 622 1721 Anno
643 1686 738 1729 MCI,
757 1700 814 1720 rex
829 1686 1101 1720 Sarracenorum
1120 1698 1201 1720 cum
1218 1687 1405 1720 innumero
1423 1687 1577 1720 exercitu
1595 1687 1690 1720 venit
1707 1693 1830 1720 contra
1845 1694 1983 1721 sanctos

472 1746 531 1792 qui
541 1746 758 1779 Jherusalem
769 1752 1019 1779 remanserant.
1037 1744 1098 1778 Cui
1114 1758 1173 1778 rex
1182 1745 1394 1779 Godcfridus
1404 1757 1483 1779 cum
1495 1752 1564 1779 tam
1578 1757 1691 1791 pauco
1701 1757 1850 1779 numero
1861 1758 1982 1780 occur-

472 1804 533 1846 rit,
557 1810 595 1837 ut
610 1816 673 1837 1100
688 1810 829 1838 centurn
844 1804 997 1837 millibus
1013 1804 1123 1847 mille,
1145 1804 1212 1837 hoc
1231 1810 1282 1837 est
1296 1817 1407 1838 unum
1423 1804 1577 1838 centenis
1592 1816 1772 1850 opponere
1785 1804 1980 1847 sufficeret;

473 1861 534 1896 sed
557 1863 627 1895 Deo
648 1874 711 1907 pro
734 1862 804 1895 suis
824 1868 1004 1909 pugnante
1017 1889 1025 1905 ,
1051 1874 1173 1895 omnes
1198 1862 1362 1907 projectis
1379 1862 1484 1895 armis
1503 1862 1689 1909 fugerunt,
1709 1868 1744 1896 et
1757 1863 1982 1909 praecipitata

471 1922 554 1967 fuga
569 1932 604 1953 se
621 1920 768 1953 invicem
785 1919 987 1953 collidentes
1003 1920 1152 1953 maxima
1169 1932 1209 1953 ex
1224 1926 1321 1965 parte
1336 1921 1371 1953 in
1389 1920 1500 1966 portis
1514 1920 1717 1955 Aschalonis
1733 1921 1768 1954 in
1787 1933 1848 1954 sua
1866 1927 1981 1969 strage

471 1979 677 2024 compressis
699 1978 858 2011 suffocati
870 1978 1070 2023 jacuerunt.

519 2039 618 2069 Anno
638 2036 751 2077 MCII,
773 2035 1003 2080 Godefridus,
1025 2036 1096 2070 dux
1115 2036 1363 2084 Lotharingiae
1382 2043 1416 2071 et
1431 2049 1489 2071 rex
1503 2037 1842 2080 Jherosolimorum,
1865 2037 1981 2084 primo

471 2106 562 2128 anno
584 2095 681 2142 regni
700 2094 791 2128 felici
810 2094 880 2127 fine
898 2101 1181 2138 consummatur,
1199 2095 1255 2128 cui
1278 2094 1488 2138 Balduinus,
1509 2095 1617 2129 frater
1642 2107 1746 2139 suus,
1772 2095 1930 2129 succedit
1944 2096 1981 2129 in

472 2165 580 2200 regno
598 2153 696 2185 aunis
711 2152 789 2198 xviij
806 2179 814 2195 ,
835 2153 895 2199 qui
917 2153 1026 2186 multa
1039 2153 1149 2200 gloria
1169 2165 1292 2200 regens
1310 2153 1496 2199 imperium
1508 2180 1517 2196 ,
1535 2165 1679 2201 magnas
1698 2159 1733 2187 et
1750 2154 1882 2201 regales
1896 2154 1983 2188 civi-

474 2217 560 2244 tates
579 2210 703 2256 adjecit
719 2212 868 2256 imperio
882 2238 890 2254 ,
913 2211 1191 2245 ptholemaidem
1210 2211 1391 2255 videlicet,
1417 2212 1548 2258 Tyrum
1570 2218 1604 2245 et
1622 2211 1813 2258 Sydonem.
1832 2212 1982 2247 Wilhel-

472 2281 550 2302 mus
562 2296 569 2301 .
587 2281 645 2302 rex
664 2269 878 2316 Anglorum,
895 2269 1081 2315 perimitur
1099 2282 1119 2303 a
1137 2282 1201 2303 5110
1221 2270 1347 2313 milite,
1369 2270 1530 2318 sagittam
1546 2270 1582 2303 in
1601 2270 1774 2304 incertum
1791 2269 1978 2319 dirigente,

474 2339 656 2372 percussus
675 2327 710 2360 in
729 2327 924 2360 venatione.
947 2326 1010 2360 Cui
1030 2328 1195 2361 successit
1214 2328 1320 2362 frater
1339 2328 1413 2374 ejus
1432 2328 1615 2362 Henricus.

521 2386 620 2418 Anno
636 2385 745 2428 MClI,
762 2385 949 2429 Robertus,
965 2397 1082 2419 comes
1096 2386 1118 2419 F
1122 2385 1276 2420 landriae
1289 2413 1297 2430 ,
1314 2386 1484 2433 acquisita
1498 2386 1609 2420 multa
1622 2385 1725 2420 laude
1739 2386 1904 2421 secularis
1918 2388 1980 2421 mi-

512 2513 519 2530 ¹
542 2513 665 2548 Plerique
679 2513 880 2550 chronographi
894 2515 1031 2550 quomodo
1045 2515 1192 2542 Balduinus
1205 2515 1320 2551 perierit
1331 2536 1338 2548 ‚
1353 2516 1473 2552 ignorari
1487 2515 1645 2551 perhibent.
