2137 3131
372 369 441 403 966
983 350 1270 388 APPENnmEs.

1013 491 1224 527 CCLXXIX.

379 604 413 638 E
415 602 532 648 nque'te
548 597 701 633 ffl-e‘eute'e
716 608 790 643 pm·
806 592 919 627 l’abbe'
933 592 974 625 (le
994 590 1209 626 Grammont
1226 595 1259 623 et
1274 595 1396 623 autres
1403 615 1413 630 ¹,
1433 585 1575 634 d’apre's
1589 586 1718 621 l’ordre
1733 588 1799 632 qm·
1813 585 1894 632 pre'.

972 648 1062 683 cede.
1082 668 1130 674 —-
1140 648 1280 682 Lotrsn.

1097 825 1168 848 1291.

415 916 479 941 Viro
503 913 650 940 venerabili
671 921 701 938 ac
721 911 839 937 discreto
858 909 967 935 domino
996 907 1025 933 B.
1037 927 1045 939 ,
1069 905 1263 932 archidiacono
1283 904 1469 940 Anwerpiensi
1479 925 1485 933 ,
1511 904 1538 930 in
1559 903 1671 930 ecclesia
1693 902 1894 934 Cameracensi‚

378 963 505 989 Thomas.
522 961 570 987 Dei
584 959 712 996 patientia
727 958 810 984 abbas
824 957 857 983 de
871 955 1089 987 Geraldimonte,
1103 963 1210 980 necnon
1221 952 1378 985 Johannes,
1400 952 1520 978 decanus
1531 951 1583 978 loci
1597 951 1735 986 ejusdem,
1753 950 1898 986 presbyter

378 1015 488 1035 curatus
501 1009 534 1034 de
548 1007 687 1043 Flt'nqlzem
699 1027 706 1039 ‚
721 1005 836 1031 salutem
848 1009 876 1030 et
889 1002 1072 1029 obedientiam
1088 1002 1114 1027 in
1130 1001 1274 1027 mandatis.
1289 1000 1402 1026 Noverit
1415 1004 1507 1025 vestra
1518 999 1663 1031 discretio,
1680 998 1756 1034 quod
1774 1007 1840 1032 nos,
1855 1007 1899 1025 se-

379 1056 496 1082 cuudum
512 1055 624 1080 l'ormam
637 1053 720 1079 vestri
734 1051 870 1082 mandati,
887 1049 1015 1076 videlicet
1028 1058 1100 1074 anno
1114 1048 1220 1074 Domini
1236 1046 1376 1080 MCCXCI,
1392 1047 1417 1073 in
1432 1046 1476 1072 die
1490 1046 1563 1072 beati
1576 1045 1722 1072 Clementis
1732 1067 1739 1077 ‚
1753 1046 1897 1081 martyris,

379 1103 558 1139 personaliter
571 1101 733 1127 accessimus
747 1099 779 1125 ad
793 1097 935 1125 ecclesiam
949 1097 983 1123 de
998 1096 1094 1122 Fordis
1108 1101 1135 1121 et
1149 1095 1184 1122 de
1201 1095 1280 1121 bouis
1295 1099 1458 1130 patronatus
1469 1113 1476 1127 ‚
1491 1094 1572 1120 terris
1585 1099 1613 1119 et
1624 1093 1779 1120 redditibus
1794 1093 1900 1127 etjuri-

380 1153 430 1177 bus
443 1150 592 1180 universis,
609 1157 680 1184 quae
696 1152 819 1183 spectare
834 1150 987 1171 noscuntur
998 1144 1031 1170 ad
1048 1143 1189 1170 ecclesiam
1208 1142 1308 1168 Montis
1322 1142 1350 1168 S.
1370 1142 1495 1173 Martini,
1511 1146 1538 1167 et
1550 1146 1644 1167 utrum
1662 1141 1829 1176 permutatio
1842 1149 1899 1166 em-

381 1198 538 1234 phytlieosis
560 1202 708 1232 perpetuae
730 1196 802 1221 inter
822 1193 963 1220 ecclesiam
985 1192 1019 1218 de
1040 1191 1136 1217 Ninive
1157 1200 1190 1216 ex
1212 1200 1267 1216 una
1289 1194 1367 1225 parte
1380 1210 1387 1221 ‚
1412 1194 1439 1214 et
1459 1188 1602 1214 ecclesiam
1623 1188 1723 1214 Montis
1741 1187 1771 1214 S.
1791 1187 1902 1214 Martini

381 1246 545 1281 praedictam
558 1244 670 1278 utrique
682 1242 823 1278 expediat,
838 1240 1029 1276 inquisivimus
1045 1239 1203 1274 diligenter.
1220 1238 1298 1264 Unde
1312 1237 1439 1263 dominus
1453 1236 1593 1262 Johannes
1604 1257 1610 1267 2
1627 1236 1773 1271 presbyter
1787 1241 1901 1262 curatus

381 1294 414 1319 de
425 1293 518 1318 Fordis
528 1313 534 1318 .
548 1292 650 1327 primus
665 1292 740 1315 testis
751 1288 887 1324 superbis
901 1288 1052 1323 requisitus
1061 1308 1067 1319 3
1081 1287 1133 1312 sub
1145 1296 1195 1312 suo
1205 1286 1364 1319 juramento
1376 1285 1441 1310 dicit
1454 1284 1527 1320 quod
1539 1285 1603 1318 jura
1617 1289 1779 1319 patronatus
1788 1305 1795 1315 ,
1810 1289 1901 1310 terrae

383 1345 407 1366 et
423 1344 572 1375 prox-entus
592 1337 654 1364 inde
674 1337 863 1372 pervenientes
877 1340 903 1361 et
918 1334 1044 1361 redditus
1058 1334 1148 1360 valent
1162 1333 1303 1358 annuatim
1325 1332 1508 1367 quadraginta
1528 1331 1612 1357 libras
1630 1331 1813 1366 parisienses,
1829 1340 1903 1357 com-

384 1387 502 1412 muniter
517 1384 680 1411 aestimando
691 1404 698 1415 ‚,
715 1388 797 1418 prout
811 1382 962 1408 Ninivensis
976 1381 1090 1407 ecclesia
1104 1380 1235 1406 ecclesiae
1250 1379 1349 1405 Montis
1364 1378 1392 1405 S.
1410 1379 1518 1404 Martini
1533 1387 1562 1403 se
1577 1377 1707 1413 obligavit
1721 1387 1750 1404 se
1763 1378 1788 1403 in
1802 1387 1904 1413 perpe-

384 1440 456 1459 tuam
469 1431 682 1467 emphytheusim
698 1430 852 1463 annuatim3
867 1429 1018 1464 requisitus
1034 1428 1149 1463 insuper
1164 1426 1230 1452 dicit
1242 1426 1294 1452 sub
1309 1425 1529 1459 suojuramento
1543 1424 1774 1459 permutationem
1788 1425 1904 1460 emphy-

384 1481 486 1507 theosis
506 1480 616 1514 utrique
637 1478 764 1504 ecclesiae
785 1477 883 1503 cedere
901 1476 934 1502 ad
957 1475 1122 1511 profectum.
1143 1474 1276 1500 Dominus
1294 1473 1445 1505 tlenricus,
1460 1472 1618 1507 capellanus
1632 1471 1732 1498 ibidem
1744 1493 1750 1504 ‚
1767 1471 1904 1498 secundus

386 1529 477 1559 testis,
499 1527 645 1562 requisitus
662 1525 713 1551 sub
730 1534 780 1551 suo
797 1525 974 1559 juramento,
997 1522 1147 1549 concordat
1161 1522 1188 1548 in
1201 1521 1329 1547 omnibus
1343 1519 1466 1546 articulis
1483 1529 1546 1546 cum
1564 1519 1728 1554 presbytero
1748 1519 1902 1547 antedicto,

386 1576 477 1602 diceus
487 1581 513 1601 et
527 1575 624 1600 dietam
638 1572 854 1608 emphytlieosim
866 1573 978 1607 utrique
990 1571 1120 1597 ecclesiae
1134 1569 1275 1605 expedire.
1287 1568 1316 1594 C.
1325 1568 1488 1599 Gossuinus,
1503 1567 1630 1593 dominus
1641 1567 1675 1593 de
1688 1567 1796 1600 Fordis,
1806 1567 1905 1593 tertius

386 1624 476 1650 testis,
492 1622 543 1647 sub
554 1631 603 1647 suo
615 1621 771 1655 juramento
782 1619 849 1646 dicit
859 1619 934 1655 quod
948 1619 1020 1645 bona
1031 1619 1120 1644 omnia
1134 1622 1160 1644 et
1173 1617 1281 1652 singula
1290 1637 1297 1648 ‚
1311 1621 1394 1652 prout
1408 1620 1534 1651 spectant
1544 1615 1578 1640 ad
1590 1620 1765 1650 patronatum
1776 1614 1907 1641 ecclesiae

386 1671 418 1696 de
437 1669 547 1695 Fordis.
569 1668 658 1694 valent
676 1668 814 1693 annuatim
832 1667 1015 1702 qnadraginta
1029 1666 1114 1691 libras
1129 1665 1309 1700 parisienses,
1329 1663 1466 1690 communi
1485 1662 1685 1688 aestimatione.
1704 1662 1776 1688 Dicit
1792 1667 1819 1688 et
1831 1662 1905 1698 quod

388 1716 589 1752 emphytheosis
607 1715 772 1750 permutatio
787 1715 899 1750 utrique
914 1713 1044 1740 ecclesiae
1059 1713 1195 1748 expediat.
1211 1712 1345 1747 Aegidius
1355 1732 1362 1743 ‚
1378 1711 1464 1745 major
1478 1710 1557 1736 villae
1571 1710 1742 1745 praedictae,
1756 1710 1907 1736 concordat

389 1767 414 1790 in
424 1764 549 1790 omnibus
558 1773 618 1789 cuni
627 1763 789 1797 presbytero
802 1762 957 1788 antedicto:
970 1761 1121 1797 requisitus
1130 1761 1182 1786 sub
1190 1770 1240 1786 suo
1250 1760 1411 1794 juramento
1422 1780 1428 1791 7
1444 1763 1538 1784 utrum
1552 1757 1757 1793 emphytheosis
1771 1763 1910 1793 permuta—

391 1814 428 1838 tio
444 1812 554 1847 utrique
566 1810 694 1836 ecclesiae
707 1810 831 1845 expediat
845 1831 851 1841 ,
866 1810 931 1836 dicit
946 1810 1019 1845 quod
1035 1809 1084 1835 sic.
1105 1808 1202 1835 Custos
1217 1808 1348 1834 ecclesiae
1360 1807 1394 1833 de
1409 1806 1506 1832 Fordis
1517 1827 1523 1837 ,
1538 1806 1688 1841 requisitus
1703 1805 1755 1831 sub
1768 1815 1819 1832 suo
1828 1806 1909 1840 jura-

390 1865 490 1891 mento7
508 1859 571 1884 dicit
585 1858 658 1893 quod
674 1858 838 1893 permutatio
851 1857 1057 1893 empliytlieosis
1071 1857 1184 1892 utrique
1193 1855 1323 1882 ecclesiae
1332 1854 1453 1890 expedit,
1473 1854 1544 1880 sicut
1558 1853 1656 1879 elamat
1669 1854 1821 1880 communis
1835 1853 1906 1880 sama

391 1907 474 1932 totius
488 1905 566 1931 villae
584 1905 630 1930 ubi
654 1905 725 1930 bona
744 1905 906 1930 consistunt.
921 1904 1060 1930 Gerardus
1077 1904 1112 1930 de
1134 1903 1324 1937 anssenhove,
1342 1902 1476 1931 clericus*
1498 1901 1550 1927 sub
1565 1901 1726 1935 juramento
1742 1901 1908 1936 requisitus,

391 1952 538 1979 concordat
555 1953 579 1977 in
597 1952 723 1977 omnibus
736 1961 797 1977 eum
813 1952 929 1978 testibus
943 1951 1099 1977 antedictis.
1120 1950 1259 1977 Gerardus
1274 1950 1308 1976 de
1327 1949 1438 1985 Hagha,
1457 1948 1598 1975 Johannes
1616 1948 1701 1974 Faber
1718 1953 1746 1974 et
1764 1948 1862 1974 Petrus
1876 1948 1910 1975 de

392 2001 547 2033 Jerleririic,
560 2000 662 2025 scabini
674 2000 707 2025 de
718 1999 813 2025 Fordis
821 2020 827 2031 ‚
839 2000 926 2033 jurati
936 2005 963 2025 et
973 1999 1101 2034 requisiti
1109 1999 1267 2034 diligenter,
1279 1998 1375 2024 dicunt
1385 1997 1616 2032 permutationem
1627 1995 1833 2031 emphytheusis
1843 1997 1910 2022 utri-

392 2057 444 2083 que
453 2047 580 2073 ecclesiae
589 2047 727 2081 expedire.
739 2047 872 2081 Requisiti
884 2047 996 2081 insuper
1005 2046 1039 2072 de
1050 2046 1142 2072 valore
1153 2046 1289 2072 bonorum
1297 2066 1304 2077 ,
1316 2045 1413 2070 dicunt
1422 2044 1493 2070 bona
1502 2048 1664 2079 patronatus
1675 2043 1772 2077 etjura
1784 2044 1911 2070 universa

394 2095 513 2129 ejusdem
529 2094 619 2120 valere
633 2094 814 2129 quadraginta
831 2094 915 2120 libras
929 2095 1069 2120 annuatim
1083 2094 1182 2120 Parisis
1196 2098 1332 2119 monetae.
1347 2093 1415 2118 Item
1426 2113 1433 2121 ,
1449 2091 1600 2117 communis
1614 2090 1683 2116 sama
1696 2091 1776 2117 villae
1787 2091 1909 2126 praedic-

394 2148 436 2168 tae
448 2147 473 2167 et
485 2142 598 2167 viciniae
607 2163 613 2169 ,
626 2141 672 2167 ubi
684 2142 820 2176 praedicta
834 2143 987 2168 consistunt
996 2142 1067 2168 bona
1076 2163 1083 2174 ⁷
1094 2142 1192 2168 clamat
1207 2141 1360 2177 vulgariter
1373 2139 1676 2174 dictaeemphytheosis
1683 2139 1912 2174 permutationem

397 2190 505 2224 utrique
520 2188 648 2214 ecclesiae
665 2188 762 2215 cedere
781 2189 814 2214 ad
834 2189 987 2224 profectum
1000 2210 1006 2221 ‚
1029 2189 1103 2224 quod
1118 2189 1197 2215 nobis
1214 2189 1406 2224 praesentibus
1421 2187 1520 2213 litteris
1533 2186 1629 2222 sigillis
1644 2187 1745 2212 nostris
1757 2186 1895 2212 roboratis
1907 2208 1913 2214 .

399 2236 550 2262 studuimus
561 2236 696 2261 iutimare.
712 2236 810 2262 Datum
825 2245 896 2261 anno
907 2241 933 2262 et
948 2236 992 2262 die
1005 2236 1163 2271 praedictis.

1488 2291 1619 2315 cartulaire
1631 2291 1660 2314 de
1671 2291 1780 2315 Malines.
