2137 3131
464 407 533 442 760
1072 399 1360 434 APPENDICES.

1181 533 1242 566 XI.

471 646 631 692 llv‘ques.
656 643 744 677 ahhe'
757 643 798 677 de
819 641 1046 683 Prdmontrd,
1061 642 1217 687 prese-rit
1240 638 1262 673 (ὶ
1284 639 1395 673 l’ahbe'
1413 639 1454 673 de
1475 639 1563 674 Jette
1580 639 1622 673 de
1642 652 1676 673 se
1696 645 1882 674 suamettre
1902 653 1978 675 aua·

720 701 940 747 disposz'tz'ons
956 699 1015 733 cles
1032 698 1169 732 chartas
1183 697 1418 744 precedentes.
1437 718 1484 723 —
1503 698 1713 732 Lmnnxmuuz.

1117 902 1173 925 Vcrs
1185 901 1230 925 l’au
1244 902 1317 925 1¹50.

424 956 438 974 ο

504 993 580 1027 {lugo
592 1012 598 1021 ,
617 991 666 1017 Dei
678 990 765 1026 gratia
777 988 1052 1014 praemonstratensis
1063 987 1147 1013 abbas
1159 1008 1166 1019 ,
1181 992 1312 1022 totusque
1325 986 1447 1021 ejusdem
1460 986 1564 1012 ordinis
1574 984 1710 1012 abbatum
1718 991 1870 1012 conventus
1879 1006 1886 1018 ‚
1901 993 1979 1020 prae-

465 1039 586 1066 sentibus
604 1043 630 1064 et
646 1037 757 1064 suturis.
773 1036 886 1062 Causam
897 1056 903 1067 ,
920 1044 990 1070 quae
1003 1035 1075 1061 iuter
1089 1034 1215 1060 abbatem
1229 1034 1400 1060 Ninivensem
1417 1038 1444 1059 et
1458 1033 1585 1059 abbatem
1599 1032 1758 1059 Jethensem
1770 1041 1854 1068 super
1865 1031 1979 1059 ecclesia

465 1087 498 1113 de
510 1085 674 1111 Lidecherca
686 1084 731 1110 diu
746 1082 876 1110 ventilata
889 1087 929 1108 est
939 1102 946 1114 7
959 1082 1038 1108 finire
1051 1081 1194 1117 cupientes
1205 1102 1211 1113 ‚
1225 1090 1286 1107 cum
1300 1090 1314 1106 a
1324 1080 1458 1116 religiosis
1468 1080 1592 1115 personis
1605 1085 1631 1106 et
1643 1080 1677 1105 ab
1687 1080 1746 1115 ipso
1759 1080 1840 1106 etiam
1849 1079 1978 1115 episcopo

466 1132 650 1159 Cameracensi
663 1131 860 1157 audivissemus
872 1129 945 1165 quod
957 1129 1096 1164 praedicta
1107 1128 1220 1155 ecclesia
1230 1128 1264 1154 de
1279 1128 1445 1154 Lidecherca
1459 1127 1588 1154 ecclesiae
1601 1127 1635 1154 de
1647 1127 1690 1154 Jel
1704 1127 1828 1161 subjecta
1842 1136 1896 1153 non
1911 1126 1978 1153 suis-

468 1185 508 1206 set
524 1179 684 1214 aliquando.
701 1178 747 1205 sed
766 1178 852 1204 libera
868 1176 980 1209 fuisset,
1000 1177 1071 1202 sicut
1084 1180 1112 1202 et
1129 1176 1174 1202 illa
1185 1197 1191 1209 ⁷
1208 1176 1300 1202 abbati
1316 1175 1349 1202 de
1363 1175 1422 1209 Jel,
1438 1175 1641 1207 11ildebrand0⁷
1663 1181 1792 1211 tanquam
1806 1175 1830 1202 ei
1848 1176 1896 1210 qui
1910 1173 1978 1201 nihil

463 1227 535 1261 juris
543 1227 568 1252 iu
581 1226 719 1261 praedicta
727 1225 842 1251 haberet
852 1223 976 1256 ecclesia,
985 1222 1121 1250 silentium
1131 1223 1277 1249 indiximus
1284 1243 1291 1255 ‚
1304 1228 1330 1248 et
1340 1232 1373 1248 ne
1381 1222 1511 1258 deinceps
1521 1222 1692 1258 praedictum
1702 1222 1830 1249 abbatem
1840 1222 1874 1248 de
1882 1222 1978 1248 Ninive

468 1273 507 1299 vel
522 1272 661 1299 ecclesiam
677 1272 736 1306 ejus
748 1272 782 1298 de
796 1271 846 1297 hac
860 1270 973 1306 querela
986 1270 1102 1306 fatigare
1115 1275 1286 1305 praesumat,
1303 1270 1467 1295 auctoritate
1480 1269 1584 1295 ordinis
1598 1268 1787 1304 prohibemus.

1159 1336 1267 1369 Original
1279 1344 1325 1361 aux
1335 1336 1440 1361 arcliives
1453 1337 1482 1360 de
1492 1336 1515 1360 la
1528 1336 1627 1361 Flandre
1640 1336 1768 1366 orientale⁷
1780 1337 1802 1361 le
1812 1343 1881 1361 sceau
1893 1336 1978 1368 pei-du.

1179 1644 1256 1678 XII:

473 1753 653 1798 Godefhoz‘,
672 1752 741 1787 duc
761 1752 801 1786 de
818 1751 979 1796 Lothz'er,
996 1751 1110 1786 donne
1128 1750 1151 1785 ἁ
1169 1751 1326 1798 Z'ahhaye
1346 1751 1380 1784 la
1394 1751 1507 1796 ferme
1528 1751 1569 1785 de
1588 1750 1794 1792 Rez'm'rsarl,
1810 1757 1843 1786 et
1858 1757 1980 1786 aum-es

1016 1811 1125 1845 hiens.
1146 1831 1194 1836 ——-
1212 1811 1414 1845 Rmmnzsu'r.

1186 2006 1257 2030 1155.

505 2087 534 2112 ln
549 2088 655 2113 nomine
670 2087 756 2113 Patris
769 2092 795 2113 et
809 2087 869 2113 Filii
881 2092 908 2114 et
921 2087 1040 2123 Spiritus
1054 2087 1156 2114 Sancti.
1171 2086 1352 2119 Godesridus⁷
1369 2087 1423 2113 dux
1438 2087 1632 2123 Lolliaringiae
1643 2092 1670 2113 et
1679 2086 1816 2120 marchio,
1832 2093 1885 2114 tam
1899 2098 1981 2124 prae·-

466 2134 588 2160 sentibus
598 2144 678 2169 quam
694 2134 796 2160 suturis
809 2135 835 2161 in
850 2140 1027 2170 perpetuum.
1040 2134 1169 2170 Exemplo
1184 2135 1307 2161 fidelium
1320 2135 1474 2170 principum
1489 2140 1515 2161 et
1527 2135 1769 2170 praedecessorum
1783 2145 1906 2162 meorum
1921 2136 1982 2172 pio-

466 2191 526 2207 rum
538 2202 545 2213 ,
564 2181 756 2218 Lotharingiae
775 2182 891 2215 ducum,
915 2183 962 2218 qui
983 2182 1112 2209 ecclesias
1128 2182 1228 2209 Christi
1244 2182 1430 2208 fundaverunt
1442 2204 1449 2215 ⁷
1472 2182 1599 2209 fundatas
1617 2183 1673 2209 suis
1690 2183 1788 2218 opibus
1805 2183 1978 2216 ditaverunt,

466 2228 585 2254 ditatasa
596 2235 804 2263 persecutorum
815 2229 988 2256 infestatione
999 2230 1170 2262 munierunt,
1180 2230 1346 2263 admonitus7
1355 2230 1435 2264 juxta
1446 2235 1608 2266 potestatem
1620 2229 1686 2256 mihi
1696 2230 1828 2257 divinitus
1837 2230 1963 2258 collatam
1971 2252 1980 2265 ‚

467 2275 595 2310 quamdiu
609 2275 671 2301 licet
684 2275 896 2302 ecclesiasticum
909 2276 1042 2302 honorem
1057 2276 1225 2312 amplificare
1242 2277 1375 2312 disposui.
1392 2276 1501 2303 Curiam
1514 2286 1581 2313 ergo
1595 2277 1747 2303 Reinirsart
1760 2282 1788 2304 et
1805 2282 1906 2304 terram
1918 2288 1980 2305 cnm

468 2321 551 2356 sylva,
562 2323 640 2357 aquis
653 2327 679 2348 et
693 2324 777 2358 pratis
787 2344 793 2356 ‚
807 2333 877 2359 quae
888 2323 1004 2357 Franco,
1016 2324 1181 2350 castellanus
1192 2325 1371 2351 Brusellensis
1379 2346 1386 2357 ‚
1396 2325 1422 2351 in
1434 2324 1564 2360 parochia
1572 2324 1747 2351 Senneffiensi
1756 2346 1763 2357 ,
1776 2334 1882 2351 necnon
1892 2331 1920 2352 et
1929 2331 1982 2353 ter-

468 2378 524 2393 ram
538 2378 598 2394 cum
609 2368 684 2404 sylva
695 2390 701 2401 ‚
719 2370 797 2405 aquis
809 2375 836 2396 et
850 2371 935 2406 pratis
947 2391 954 2403 ‚
969 2380 1039 2406 quae
1048 2371 1183 2397 Henricus
1195 2371 1229 2398 de
1245 2372 1302 2397 Ru:
1314 2373 1340 2398 in
1354 2372 1448 2398 eadem
1462 2371 1605 2407 parochia,
1620 2372 1855 2398 consentientibus
1863 2372 1981 2400 W'idone

467 2420 494 2440 et
506 2416 589 2441 fratre
602 2415 661 2449 ejus
678 2416 800 2443 Waltero
813 2417 847 2443 de
860 2416 965 2443 Hos-den
978 2437 984 2451 ‚
1002 2422 1102 2443 terram
1118 2427 1231 2453 quoque
1245 2428 1307 2444 cum
1326 2419 1415 2454 sylva,
1431 2419 1510 2454 aquis
1524 2424 1551 2444 et
1564 2418 1667 2454 pratis,
1682 2427 1753 2453 quae
1764 2418 1845 2454 Hugo
1860 2419 1978 2455 Pauper,

468 2460 602 2488 Gillardus
617 2462 650 2488 de
667 2462 783 2497 Coi-ires,
796 2469 824 2490 et
835 2464 983 2490 Balduinus
994 2464 1028 2490 de
1039 2465 1130 2500 Lepon
1141 2485 1149 2499 ,
1166 2471 1193 2491 et
1206 2471 1307 2492 terram
1320 2476 1382 2492 cum
1394 2466 1469 2501 sylva
1479 2487 1486 2498 ‚
1498 2467 1577 2501 aquis
1588 2470 1615 2492 et
1627 2466 1713 2501 pratis
1723 2486 1730 2497 ‚
1742 2475 1813 2501 quae
1826 2466 1981 2494 Willelmus

467 2508 500 2534 de
513 2508 624 2535 Birbeca
633 2530 640 2542 ,
654 2510 792 2537 Marcilius
803 2510 837 2537 de
851 2511 1001 2546 Gochelies,
1014 2517 1041 2538 et
1053 2512 1198 2538 Albericus
1211 2513 1244 2539 de
1256 2513 1344 2547 Mari,
1360 2513 1498 2540 Ninivensi
1510 2513 1640 2540 ecclesiae
1653 2521 1712 2538 meo
1725 2522 1837 2539 assensu
1847 2513 1980 2548 praehue-
