2137 3131
472 383 541 416 626
808 376 982 412 CORI’US
1008 374 1335 410 CHRONICORUM
1362 374 1625 409 FLANDRIAE.

476 490 565 523 libus
585 487 807 521 0001110013Ιο
822 485 1009 530 imperinm
1025 482 1169 517 invadit.
1187 482 1258 516 Hoc
1272 481 1447 516 excidium
1462 481 1579 516 Galliis
1597 482 1781 516 imminere
1800 482 1973 517 Servatius

478 546 689 594 'fungi-ensis
706 545 807 591 longe
821 549 901 576 ante
920 543 953 575 in
973 542 1097 587 spiritu
1114 540 1332 586 praeviderat
1344 567 1352 583 ,
1369 547 1404 574 et
1417 541 1548 574 Romae
1561 553 1580 573 a
1596 541 1697 574 beato
1713 540 1816 574 Petro
1831 540 1899 574 1100
1912 541 1973 586 ju-

476 606 606 640 dicium
632 603 690 637 noi
711 602 907 636 inevitabile
926 602 1000 634 fore
1015 600 1198 633 didicerat.
1218 599 1373 645 Ideoque
1396 599 1515 633 relicta
1534 599 1731 647 Tungrensi
1753 599 1864 642 urbe,
1885 610 1974 644 quae

478 661 661 697 evertenda
680 667 771 703 erat,
793 659 836 694 ad
857 659 1057 704 Trajectum
1075 657 1192 691 sedem
1210 658 1441 703 episcopalem
1460 658 1686 703 transposuit.

525 722 646 766 Itaque
662 725 739 765 post
753 719 868 764 ipsum
883 730 975 751 anno
990 717 1128 750 circiter
1142 716 1209 759 lxx,
1226 715 1295 749 hoc
1313 723 1469 761 [empore
1489 728 1550 761 per
1559 716 1700 749 Attilam
1714 715 1891 749 destructa
1906 714 1977 749 Oc-

479 779 586 821 tavia,
617 778 775 822 Trajeeto
803 782 1024 818 conservato,
1042 787 1155 821 quum
1178 774 1269 807 Huni
1292 773 1380 807 illud
1404 774 1503 820 quasi
1528 774 1677 807 oblitum
1700 774 1976 820 praeterierunt,

477 837 606 871 necatis
627 848 770 882 quoque
794 835 883 868 circa
910 834 1089 868 Coloniam
1114 833 1145 878 xj
1169 833 1322 866 millibus
1342 833 1537 880 virginum,
1566 832 1610 866 de
1634 833 1763 879 quibus
1789 832 1979 878 praelibata

478 902 560 930 sunt
573 896 638 929 sub
654 895 831 937 Gratiano,
849 906 938 940 quae
953 893 996 927 de
1010 892 1094 939 ipsis
1108 891 1256 926 dicenda
1271 892 1408 938 putavi,
1426 892 1518 925 muri
1532 891 1703 925 Metenses
1717 904 1834 926 coram
1848 890 1980 925 eisdem

480 956 587 989 Hunis
606 955 697 987 ultro
712 959 922 987 corruerunt
939 959 974 986 et
992 952 1111 986 civitas
1131 951 1270 997 penitus
1285 957 1337 985 est
1353 957 1484 984 vastata
1495 978 1503 994 ,
1525 957 1662 997 praeter
1679 951 1872 984 oratorium
1887 949 1979 984 beati

477 1013 645 1059 Stephani
668 1011 947 1058 protomartyris.
975 1011 1078 1044 Attila
1100 1022 1182 1044 vero
1196 1022 1258 1055 per
1284 1009 1399 1043 Remis
1420 1010 1612 1053 transiens,
1640 1009 1762 1043 occisis
1787 1009 1835 1042 ibi
1853 1008 1981 1042 sanctis

477 1071 640 1106 Nichasio
654 1070 817 1116 episcopo
836 1076 870 1103 et
885 1069 1049 1114 Eutropia
1068 1080 1187 1102 sorore
1206 1067 1280 1113 ejus
1297 1073 1331 1100 et
1345 1067 1455 1113 plebis
1474 1067 1700 1101 multitudine
1712 1094 1721 1110 ,
1738 1079 1893 1113 quorum
1911 1066 1981 1100 fes-

479 1137 553 1164 tum
568 1129 683 1177 agitur
697 1128 751 1161 xix
765 1128 831 1161 kal.
849 1127 1003 1160 Januarii
1013 1154 1021 1170 ,
1043 1126 1248 1172 perveniens
1263 1125 1290 1158 T
1294 1137 1389 1159 recas
1404 1125 1591 1171 requisitus
1609 1125 1654 1159 ad
1668 1131 1807 1171 portam
1824 1138 1844 1158 a
1861 1130 1981 1158 sancto

479 1189 578 1235 Lupo
597 1188 781 1236 episcopo,
802 1198 874 1219 esse
888 1199 922 1219 se
942 1185 1029 1219 dixit
1046 1184 1222 1233 flagellum
1242 1184 1315 1218 Dei.
1339 1184 1419 1226 Quo
1433 1183 1554 1218 audito
1572 1197 1578 1217 :
1605 1198 1622 1215 «
1642 1184 1714 1232 Ego
1729 1196 1806 1217 sum
1819 1209 1828 1227 ,
1845 1183 1893 1217 ait
1910 1183 1982 1217 Lu-

480 1260 563 1294 pus,
585 1258 703 1280 servus
723 1246 804 1286 Dei3
828 1257 897 1278 non
920 1244 1021 1278 decet
1041 1256 1125 1291 ergo
1145 1255 1283 1276 servum
1307 1243 1367 1276 Dei
1386 1243 1545 1276 resistere
1563 1242 1700 1291 flagello
1719 1243 1800 1287 Dei,
1815 1258 1832 1274 n
1862 1249 1897 1276 et
1913 1241 1982 1276 hoc

481 1306 576 1340 dicto
597 1305 698 1339 Attila
717 1305 760 1338 ab
779 1305 854 1350 ipso
873 1316 954 1337 cum
973 1303 1043 1336 suis
1062 1302 1283 1336 intromissus
1297 1315 1316 1335 a
1331 1308 1430 1347 porta
1450 1314 1562 1348 usque
1580 1301 1625 1336 ad
1644 1308 1783 1348 portam
1799 1301 1984 1347 pertransi-

481 1366 548 1407 vit,
564 1371 640 1397 tum
656 1363 831 1396 neminem
845 1361 979 1404 videns,
1000 1367 1073 1394 tum
1088 1360 1264 1394 neminem
1280 1359 1432 1393 laedens.
1450 1359 1512 1393 Cui
1527 1360 1672 1393 Romam
1690 1359 1900 1408 regredienti
1913 1359 1983 1393 Leo

482 1435 570 1469 papa
589 1421 762 1463 occurrit,
783 1426 817 1453 et
834 1432 915 1453 mox
936 1426 976 1452 ut
991 1418 1137 1461 rediret,
1160 1418 1325 1451 obtinuit.
1347 1417 1452 1451 Attila
1469 1418 1656 1463 requisitus
1675 1430 1738 1451 cur
1756 1417 1787 1451 ei
1805 1423 1877 1451 tam
1896 1418 1983 1451 obe-

482 1481 618 1515 dienter
637 1480 826 1526 paruisset,
846 1477 1027 1524 respoudit
1041 1476 1231 1523 quemdam
1251 1489 1369 1510 senem
1386 1476 1582 1510 mirabilem
1597 1477 1662 1510 sibi
1679 1477 1834 1522 paruisse
1846 1504 1855 1520 ,
1876 1476 1938 1523 qui
1952 1476 1984 1510 ei

486 1545 634 1573 mortem
655 1537 855 1571 minabatur
873 1535 1008 1584 gladio,
1029 1535 1056 1568 si
1073 1535 1120 1568 illi
1136 1547 1207 1568 non
1225 1534 1412 1568 obedisset.

536 1597 628 1630 Huni
643 1596 703 1642 qui
714 1622 722 1638 ,
740 1595 859 1641 quales
877 1601 911 1627 et
924 1593 1019 1627 unde
1034 1594 1190 1636 fuerunt,
1207 1605 1319 1639 quum
1335 1592 1464 1640 dignus
1477 1605 1512 1626 se
1522 1593 1651 1626 obtulit
1668 1593 1777 1637 locus,
1797 1593 1856 1627 hic
1873 1605 1986 1627 anno-

486 1656 649 1689 tabimus.
681 1654 702 1686 F
706 1653 831 1695 ulmer,
852 1652 997 1698 quintus
1017 1651 1215 1685 Gothorum
1235 1663 1312 1694 rex,
1339 1657 1419 1696 post
1441 1663 1620 1698 egressum
1640 1650 1798 1685 Scantiae
1824 1651 1957 1685 insulae
1973 1678 1982 1695 ,

486 1713 663 1759 Scythiam
686 1724 765 1744 011111
790 1711 860 1744 51115
882 1710 1071 1753 introiens,
1099 1708 1268 1756 quasdam
1291 1708 1409 1756 Magas
1432 1709 1595 1742 mulieres
1617 1709 1654 1742 iu
1671 1721 1712 1743 ea
1734 1716 1888 1755 repertas
1908 1722 1928 1744 a
1951 1722 1986 1744 se

486 1774 631 1820 fugans,
659 1771 694 1803 in
720 1769 908 1803 solitudine
933 1781 1048 1802 errare
1068 1768 1162 1802 fecit.
1194 1768 1288 1809 Quas
1307 1768 1490 1814 sylvestres
1513 1768 1694 1811 homines,
1717 1780 1807 1814 quos
1826 1768 1987 1802 nonnulli

486 1832 610 1865 faunos
628 1835 773 1872 vocant,
798 1828 885 1862 dum
908 1827 1075 1861 vidissent
1093 1833 1127 1860 et
1149 1831 1299 1860 co'i'ssent
1316 1839 1398 1860 cum
1416 1826 1482 1869 eis,
1508 1838 1619 1874 genus
1641 1826 1709 1860 1100
1731 1826 1986 1861 ferocissimum

487 1890 689 1931 ediderunt,
711 1887 808 1934 quod
827 1887 892 1920 sub
911 1886 1098 1920 hominum
1117 1886 1230 1934 figura
1244 1913 1252 1929 ,
1274 1886 1427 1919 belluina
1448 1885 1588 1919 saevitia
1602 1885 1797 1919 enutritum
1815 1886 1907 1919 inter
1923 1897 1988 1932 pa—

487 1948 585 1982 ludes
603 1946 793 1981 Maeotidas
805 1973 813 1989 ,
832 1958 872 1979 ex
891 1945 939 1979 eis
957 1957 1136 1992 egressum
1156 1951 1207 1978 est
1219 1972 1227 1988 ,
1249 1944 1403 1991 quadam
1417 1956 1517 1978 cerva
1536 1950 1752 1978 monstrante
1765 1945 1988 1978 venatoribus

487 2006 631 2053 paludes
653 2006 786 2052 pervias
799 2032 807 2048 ,
833 2016 920 2051 quas
940 2004 1110 2038 hactenus
1134 2004 1243 2037 invias
1264 2016 1337 2038 esse
1359 2010 1588 2049 putaverant,
1615 2010 1649 2037 et
1666 2015 1729 2049 per
1750 2015 1860 2037 annos
1877 2003 1988 2037 ferme

488 2066 565 2100 lxxx
590 2064 634 2098 ad
662 2063 836 2097 excidium
862 2062 1050 2108 praecipue
1075 2061 1309 2096 Occidentalis
1331 2061 1469 2107 imperii
1493 2061 1738 2095 imminebant.
1767 2061 1808 2095 Hi
1833 2062 1989 2096 maribus

488 2136 594 2172 genas
617 2123 710 2156 ferro
737 2122 925 2164 sulcantes,
956 2127 1146 2167 antequam
1172 2121 1269 2154 lactis
1290 2120 1486 2166 percipiant
1509 2120 1787 2164 nutrimentum,
1815 2121 1990 2155 imberbes

489 2195 546 2216 005
567 2189 601 2216 01
622 2193 727 2226 supra
751 2179 896 2214 modum
921 2178 1096 2213 deformes
1120 2179 1254 2212 faciunt
1276 2191 1541 2222 consenescere,
1567 2179 1629 2224 qui
1648 2178 1733 2212 offas
1752 2179 1863 2227 magis
1880 2191 1988 2226 quam

490 2241 593 2275 facies
615 2247 649 2274 et
673 2246 802 2286 puncta
825 2238 934 2286 magis
952 2238 1121 2272 habentes
1142 2250 1249 2284 quam
1268 2238 1421 2281 lumina,
1443 2249 1532 2284 quos
1553 2237 1644 2271 betto
1662 2237 1807 2271 forsitan
1825 2237 1987 2280 minime,

491 2299 633 2333 horrida
652 2305 744 2332 certe
763 2298 879 2331 vultus
893 2297 946 2330 sui
965 2296 1189 2330 deformitate
1208 2297 1392 2344 fugabant.

538 2358 709 2391 Martiano
727 2355 929 2402 imperatori
953 2367 1125 2401 apparens
1146 2355 1317 2389 Dominus
1341 2355 1377 2388 in
1401 2355 1532 2389 somnis
1555 2367 1676 2388 areum
1695 2354 1819 2389 Attilae
1837 2354 1988 2388 fractum

493 2428 563 2449 esse
578 2415 746 2456 ostendit,
768 2421 803 2447 et
815 2426 914 2457 vere,
935 2425 1088 2459 namque
1107 2412 1228 2447 eadem
1246 2419 1348 2446 nocte
1364 2412 1468 2447 Attila
1484 2413 1520 2447 in
1538 2413 1670 2459 nuptiis
1685 2413 1755 2447 suis
1769 2412 1988 2459 crapulatus,

490 2480 694 2520 erumpente
708 2472 751 2507 de
767 2473 909 2506 naribus
923 2472 1105 2519 sanguine,
1122 2472 1157 2505 in
1172 2471 1261 2506 lecto
1276 2471 1483 2506 suffocatur.
1500 2471 1763 2506 Valentinianus
1773 2471 1912 2505 Aetium
1926 2482 1990 2516 pa-
