2137 3131
460 378 482 410 ἦα

508 378 530 410 Ν)

798 377 882 411 COR
891 376 970 410 l'US
998 373 1326 409 CHRONICORUM
1357 375 1618 409 FLANDRIAF.

867 484 990 516 Pacem
1011 483 1169 516 habeatis
1188 494 1269 516 cuin
1291 483 1411 515 wsu-is
1430 482 1594 515 subditis.

862 542 918 575 Sic
938 553 1061 574 corum
1081 540 1187 574 corda
1206 554 1344 586 semper
1364 541 1550 575 habebitis.

864 600 993 633 Secure
1013 611 1094 632 cum
1115 599 1163 632 eis
1182 611 1254 632 esse
1274 599 1444 644 poteritis.

765 657 836 693 285
864 659 1001 692 Bonum
1022 658 1208 701 facientes.¹
1231 670 1352 691 onmes
1372 657 1524 705 diligite.

861 717 1114 750 Forcfacicntes
1133 717 1202 750 cito
1222 717 1406 764 corrigite:

861 776 1056 821 Paupere53
1079 776 1277 821 orphanos.v
1302 774 1424 808 viduas
1442 776 1551 822 regite
1565 802 1573 807 .

863 834 1033 868 Ecclesiae
1053 841 1192 868 sanctae
1211 846 1350 879 semper
1368 832 1522 866 obedite.

863 892 990 926 Omnia
1012 893 1191 939 praedicta
1210 893 1367 927 solebant
1389 892 1481 925 fieri.

765 951 834 985 :290
862 953 902 986 ln
921 964 1006 998 pace
1026 953 1189 986 vivebant
1208 964 1306 985 senes
1325 958 1359 985 et
1378 952 1491 997 pueri.

864 1011 969 1045 Modo
989 1018 1071 1045 sunt
1088 1012 1220 1057 populo
1239 1017 1399 1058 regentes
1418 1010 1536 1051 oneri‚

863 1071 888 1104 Α
909 1070 1045 1104 cunctis
1064 1076 1224 1116 potentes
1242 1082 1277 1103 se
1296 1070 1419 1103 volunt
1437 1069 1561 1102 teneri.

861 1129 902 1162 Et
921 1128 1052 1163 idcirco
1070 1128 1225 1163 mundus
1245 1129 1335 1175 perit
1354 1140 1416 1174 per
1436 1133 1595 1175 regentes
1608 1154 1616 1169 ‚

862 1188 949 1222 Nam
969 1201 1075 1234 super
1093 1188 1253 1222 subditos
1272 1194 1400 1236 gerunt
1419 1199 1454 1220 se
1474 1193 1648 1232 potentes

765 1246 836 1281 295
864 1247 1074 1293 Opprimere
1093 1248 1214 1281 volunt
1235 1247 1336 1280 multi
1355 1258 1435 1280 suas
1453 1251 1574 1293 gentes
1589 1272 1596 1277 .

862 1307 903 1339 Et
921 1307 969 1340 sic
988 1306 1212 1340 subditorum
1231 1305 1387 1351 perdunt
1405 1310 1498 1337 certe
1517 1310 1665 1337 mentes.

861 1365 936 1398 Heu
955 1364 1027 1398 me!
1046 1365 1181 1410 justitia
1200 1377 1262 1410 per
1282 1364 1411 1397 multos
1431 1362 1551 1396 deficit
1563 1389 1570 1403 ·.

863 1424 954 1465 Quia
972 1424 1146 1470 cupiditas
1165 1430 1325 1472 regentes
1344 1423 1467 1457 inficit.

862 1483 1054 1530 Nunquam
1075 1496 1136 1517 cor
1153 1495 1298 1516 avarum
1321 1482 1452 1516 diceret
1475 1496 1481 1515 :
1505 1482 1658 1516 Sufficit:

767 1542 835 1575 300
863 1542 1009 1589 Semper
1027 1542 1071 1576 ad
1091 1554 1236 1576 munera
1256 1541 1369 1575 tendit
1386 1548 1420 1574 et
1439 1542 1590 1587 respicit.

865 1602 955 1650 Ergo
968 1629 976 1644 7
996 1602 1087 1635 bone
1108 1602 1220 1644 Densi
1241 1601 1398 1634 seculum
1418 1601 1518 1634 visita

862 1663 977 1706 Atque
996 1666 1205 1706 potestatem
1224 1660 1346 1692 talium
1368 1659 1495 1699 limitag

863 1718 955 1767 Coge
971 1718 1198 1753 succedentes
1217 1731 1260 1752 ne
1278 1718 1408 1751 faciant
1426 1718 1472 1751 ita
1485 1745 1492 1759 -.

860 1778 900 1812 Et
921 1791 964 1811 ne
978 1778 1114 1824 justitia
1133 1777 1275 1811 deficiat
1293 1777 1375 1810 vita.

767 1836 836 1871 305
863 1836 950 1870 Vide
968 1836 1067 1883 quod
1084 1836 1219 1870 nobiles
1238 1842 1406 1882 premunt
1422 1835 1594 1883 ignobiles
1606 1863 1613 1875 ‚

862 1896 1077 1942 Reputantes
1096 1907 1155 1929 eos
1174 1895 1237 1928 sibi
1257 1894 1453 1928 dissimiles.

863 1954 931 1989 Sed
950 1962 1010 1998 tu,
1033 1956 1125 1988 bone
1144 1953 1245 1988 Jesul
1271 1966 1340 1987 non
1359 1953 1509 1999 despicis
1527 1953 1627 1987 viles.

863 2014 932 2055 Qui
952 2013 1048 2048 vides
1067 2014 1205 2057 omnia,
1228 2013 1288 2047 sed
1306 2012 1349 2046 de
1369 2013 1505 2046 cunctis
1523 2013 1621 2053 siles;

864 2073 921 2115 Et„
943 2086 963 2106 o
982 2073 1074 2106 hone
1093 2071 1195 2106 Jesu!
1220 2072 1355 2118 patiens
1373 2077 1407 2104 et
1426 2071 1539 2113 mitis,

770 2131 839 2165 310
867 2132 962 2174 Quid
980 2132 1096 2166 dicere
1116 2143 1259 2178 possum
1280 2130 1324 2164 de
1344 2130 1480 2164 cunctis
1499 2130 1674 2163 subditis'.J

864 2191 977 2237 Loqui
997 2191 1086 2225 bene
1104 2203 1242 2236 possein
1260 2197 1429 2236 tanquam
1450 2188 1494 2223 de
1513 2188 1658 2235 perditis
1671 2216 1679 2221 .

864 2250 920 2284 Sic
939 2250 1201 2297 requirentibus
1220 2249 1416 2283 multorum
1436 2248 1581 2282 meritis.

866 2310 915 2343 De
931 2309 1076 2343 diversis
1095 2309 1217 2355 scripsi
1237 2308 1390 2342 multum
1410 2308 1446 2341 in
1465 2307 1609 2355 gallico.

864 2369 1030 2416 Exigente
1048 2368 1156 2403 modo
1174 2374 1335 2414 tempore
1355 2367 1497 2413 replico.

769 2427 838 2462 315
865 2427 1007 2461 Cunctis
1027 2427 1224 2475 legentibus
1242 2426 1394 2474 henigne
1412 2426 1592 2472 supplico„

864 2487 907 2519 Ut
928 2498 998 2520 non
1018 2486 1200 2532 displiceat
1218 2486 1244 2519 si
1263 2485 1361 2532 quod
1380 2484 1524 2531 prodest
1541 2484 1634 2518 dico.
