2137 3131
408 372 476 406 928
1007 359 1293 396 APPENDICES.

408 481 441 505 :le
457 480 543 508 (iant,
560 475 693 502 Arnotdus
713 473 745 499 tl(¹
762 472 822 497 Lim
833 492 839 498 .
860 471 999 497 johannes
1013 469 1046 495 de
1065 469 1146 501 Leni,
1165 468 1278 501 milites3
1293 467 1396 493 scabini
1415 466 1537 500 ejusdem
1553 475 1560 493 :
1576 466 1718 493 Johannes
1733 466 1922 494 Broderwelleu

406 527 439 551 ‹le
457 524 542 551 xorde
556 545 561 551 .
578 521 712 548 Arnoldus
734 518 899 555 Ilosuaqltel,
921 517 1060 543 Waltcrus
1076 516 1109 541 de
1128 515 1243 547 ensem,
1259 514 1396 541 Arnoldus
1414 514 1448 540 de
1461 514 1634 546 Molendino,
1655 514 1791 540 Henricus
1806 515 1919 541 Porcus.

410 573 454 598 lsti
472 576 531 597 sunt
545 569 665 595 homines
684 567 733 593 mei
755 566 854 591 feodati
876 575 881 591 :
902 564 1066 590 (iodel'ridus
1080 563 1113 589 (le
1133 562 1266 594 pamella,
1286 562 1426 588 Johannes
1445 562 1479 588 de
1498 561 1688 597 Landerghem
1703 583 1709 593 ,
1729 562 1902 597 Soymannns
1916 583 1922 595 ‚

411 619 546 644 johannes
562 617 630 642 Base
641 637 647 644 ,
664 614 811 640 Balduinus
826 613 859 638 de
876 612 994 647 Opliem.
1016 611 1175 637 Walterus.
1197 610 1287 636 dictus
1302 610 1398 643 Zoute,
1413 609 1447 635 de
1461 609 1594 635 Catthem.
1614 609 1723 635 Scabini
1737 610 1789 636 mei
1809 609 1923 636 fuerunt

409 666 466 692 isti:
486 664 623 689 walterus
640 646 789 688 Cax-dinalis
801 681 807 686 .
827 660 966 685 Walter-us
984 659 1084 689 Adele,
1101 657 1290 683 Theudoricus
1311 657 1395 683 Morre
1406 678 1412 689 ,
1428 656 1616 692 Soymannus,
1632 657 1801 687 Par-idanus,
1818 657 1925 683 Willel-

408 722 464 738 mus
478 711 510 737 de
526 709 669 745 llerglwm„
683 708 817 733 Wuitinus
828 706 861 732 de
877 706 967 732 I’olke.
983 706 1093 731 Testes:
1104 705 1230 730 dominus
1244 704 1382 730 Gozuinus
1393 725 1400 735 ‚
1415 703 1500 730 abbas
1510 703 1739 739 Grimbergensis,
1750 703 1921 735 W'illelmus,

407 759 497 793 prior,
513 756 626 791 Synion,
643 755 831 790 praepositus.
853 753 1019 783 Willelmus,
1040 751 1188 786 plebanus,
1209 751 1331 777 canonici
1354 750 1594 786 Grimbergenses;
1617 750 1702 776 frater
1720 750 1874 777 W'illelmus
1888 751 1922 777 de

408 805 508 831 llaltra.
524 804 606 829 nasso
618 824 624 831 ,
639 802 777 827 wibertus
788 821 794 826 .
806 800 945 826 lohannes
954 800 987 825 de
1001 798 1095 824 llaltra
1107 819 1113 829 ,
1124 798 1258 824 llenricus
1268 797 1301 824 de
1315 797 1491 830 ll'ildebroch,
1503 798 1625 823 canonici
1644 798 1803 824 Ninivenses
1815 819 1822 830 ‚
1840 803 1867 824 et
1878 797 1923 824 alii

405 851 588 887 quamplures.
607 850 702 875 Actum
723 848 818 883 partim
841 847 913 882 apud
930 845 1153 881 Grimbergliam,
1169 845 1195 870 in
1212 845 1283 870 atrio
1295 865 1302 873 ,
1323 849 1350 870 et
1366 844 1465 879 partim
1483 844 1557 879 apud
1576 844 1728 878 Pamelam,
1743 854 1815 871 anno
1835 845 1924 872 domi-

405 899 478 924 nicae
493 896 687 923 lncarnationis
703 894 867 921 JICCLM'H
882 915 888 920 .
905 903 995 919 mense
1010 893 1080 919 Maio
1093 896 1119 918 et
1132 901 1222 918 mense
1236 891 1320 918 Julio.

1413 947 1544 971 cartulaire
1555 948 1583 971 (le
1594 948 1700 972 Malines.

1053 1241 1268 1275 ccxxxvi.

407 1340 552 1374 Le'onieu
568 1339 607 1373 de
621 1339 742 1372 Polla),
761 1351 922 1381 renonce,
938 1351 1036 1385 pour
1053 1351 1104 1372 un
1119 1351 1199 1372 cens
1216 1337 1365 1381 ananeli.
1387 1350 1436 1371 au
1451 1338 1545 1371 droit
1557 1338 1646 1384 qu’z'l
1660 1341 1758 1372 avait
1768 1339 1809 1373 de
1825 1340 1920 1385 saiw

454 1400 642 1431 enfretem'v‘
667 1410 717 1430 un
740 1403 891 1430 manant
913 1409 988 1430 aua:
1010 1397 1104 1441 frais
1128 1397 1168 1430 cle
1186 1396 1344 1442 l'abhaye
1362 1394 1385 1429 ὰ
1405 1395 1637 1442 ΖαηίΙὶωῃΙιε.
1660 1417 1708 1422 —
1727 1397 1867 1432 Lotrsn.

1041 1599 1057 1619 Α
1072 1596 1192 1620 Pollaere.
1208 1596 1279 1619 1267.

442 1680 496 1715 Ego
510 1679 645 1711 Leonhus,
663 1680 751 1706 dictus
765 1680 798 1706 de
813 1681 862 1712 Aa.¹
879 1681 1004 1707 dominus
1026 1681 1060 1707 de
1078 1680 1182 1713 Pallor,
1201 1680 1292 1712 miles,
1314 1685 1340 1706 et
1356 1680 1484 1713 Ymaina,
1500 1689 1569 1706 uxor
1593 1690 1652 1707 mea
1664 1702 1671 1713 ‚
1691 1686 1787 1708 notum
1807 1681 1922 1710 facimus

407 1733 457 1753 tam
477 1728 667 1762 praesentibus
681 1738 761 1763 quam
777 1728 878 1755 suturis
891 1729 992 1764 quibus
1005 1738 1134 1764 praesens
1148 1729 1280 1764 scriptum
1292 1728 1440 1764 eontigerit
1453 1728 1571 1761 intueri,
1591 1729 1617 1754 in
1634 1734 1811 1764 perpetuum.
1827 1729 1921 1765 Quod,

405 1784 465 1800 cum
484 1775 633 1801 Ninivensis
651 1775 762 1801 ecclesia
778 1775 812 1802 de
832 1776 910 1802 bouis
932 1786 1002 1811 quae
1017 1776 1099 1802 habet
1113 1776 1216 1810 etjure
1230 1775 1415 1801 haereditario
1429 1781 1506 1802 tenet
1524 1781 1551 1802 et
1572 1776 1693 1811 possidet
1709 1777 1736 1802 in
1758 1776 1878 1803 dominio
1895 1783 1923 1804 et

405 1822 527 1847 districtu
547 1827 640 1848 nostro
654 1822 687 1848 de
709 1822 907 1858 Zmnberghes,
925 1823 1075 1849 secundum
1100 1823 1188 1859 legem
1208 1823 1296 1848 dictae
1311 1822 1392 1848 villae
1412 1832 1460 1858 per
1476 1823 1612 1857 judicium
1629 1823 1802 1849 scabinorum
1817 1823 1852 1850 de
1867 1823 1923 1850 Ro-

406 1868 491 1894 uaclio
503 1890 509 1900 ,
527 1869 599 1894 unde
612 1870 713 1895 scabini
727 1870 814 1896 dictae
829 1870 908 1896 villae
922 1871 956 1897 de
971 1870 1155 1906 Zamberghes
1171 1870 1269 1905 judicii
1283 1870 1324 1897 sui
1339 1869 1452 1896 sormam
1466 1871 1605 1906 accipiunt
1625 1871 1805 1906 approbatam
1817 1891 1824 1904 ,
1843 1871 1924 1898 nobis

405 1921 513 1942 tenetur
534 1916 674 1942 mortalem
696 1919 906 1944 mansionarium
925 1919 981 1944 sive
1001 1918 1135 1953 hospitem
1150 1918 1292 1944 exhibere.
1318 1918 1344 1944 in
1359 1918 1494 1953 cujusque
1512 1923 1600 1944 morte
1617 1917 1686 1944 alius
1706 1917 1924 1945 substitueretur

405 1963 490 1988 eidem
511 1968 536 1989 et
553 1968 616 1989 tune
630 1973 680 1999 pro
694 1964 860 1991 relevatione
873 1965 1008 1991 dictorum
1026 1965 1160 1991 bonorum
1177 1965 1256 1991 nobis
1275 1974 1373 1991 census
1387 1965 1543 2000 duplicatus
1559 1975 1573 1991 a
1589 1965 1661 1990 dicta
1679 1964 1791 1991 ecclesia
1803 1965 1926 1992 solvere—

406 2015 461 2039 tur,
478 2010 547 2035 sicut
559 2010 593 2035 ab
608 2011 733 2036 omnibus
746 2012 869 2046 personis
883 2012 999 2047 publicis
1014 2017 1041 2038 et
1059 2012 1172 2047 privatis
1185 2012 1375 2038 ecclesiasticis
1389 2017 1416 2037 et
1430 2011 1601 2038 secularibus
1611 2033 1618 2043 ‚
1634 2012 1660 2037 in
1676 2011 1750 2037 dicto
1763 2011 1884 2038 dominio
1895 2018 1922 2039 et

407 2056 529 2082 districtu
543 2057 612 2082 bona
624 2057 689 2091 jure
702 2057 885 2084 haereditario
899 2059 1102 2094 possidentibus
1116 2064 1157 2085 est
1170 2064 1332 2085 consuetum
1342 2080 1348 2089 ,
1366 2059 1479 2094 quinon
1494 2059 1528 2084 ab
1543 2058 1699 2093 hujusmodi
1711 2058 1745 2085 de
1756 2064 1850 2085 nostra
1861 2069 1924 2095 spe-

407 2103 465 2129 ciali
481 2104 568 2139 gratia
582 2109 645 2129 sunt
658 2106 785 2141 exempti.
802 2106 854 2131 Nos
870 2106 956 2141 primo
972 2111 998 2132 et
1015 2106 1202 2142 principaliter
1219 2107 1254 2132 ob
1269 2111 1408 2132 aeternam
1428 2115 1498 2142 quae
1519 2106 1546 2132 in
1565 2106 1672 2132 Christo
1689 2111 1731 2132 est
1746 2106 1879 2139 salutem,
1896 2108 1922 2133 in

407 2151 553 2176 remedium
573 2153 722 2177 animarum
738 2158 892 2178 nostrarum
912 2159 938 2179 et
953 2155 1104 2180 animarum
1123 2154 1365 2189 praedecessorum
1385 2163 1416 2180 ac
1434 2159 1543 2189 patrum
1562 2159 1738 2186 nostrorum,
1757 2159 1785 2180 et
1801 2155 1923 2181 secundo

407 2198 442 2222 ob
457 2198 574 2223 savorem
594 2198 639 2233 qui
658 2198 782 2234 religioni
796 2199 914 2226 debetur
927 2206 953 2226 et
967 2210 1048 2236 quem
1063 2210 1127 2236 erga
1140 2201 1239 2227 dictam
1253 2201 1393 2227 ecclesiam
1408 2206 1435 2227 et
1448 2201 1606 2236 personales
1619 2200 1741 2234 ejusdem
1757 2201 1878 2237 gerimus
1895 2207 1922 2228 et

406 2245 535 2278 gessimus
556 2245 589 2270 ab
611 2246 723 2281 antiquo
737 2267 743 2273 ,
763 2252 858 2273 mutuo
873 2257 1006 2274 consensu
1017 2269 1023 2275 .
1045 2249 1243 2275 deliberatione
1258 2258 1343 2284 super
1357 2248 1408 2275 hoc
1426 2258 1496 2284 opus
1515 2249 1608 2274 habita
1622 2248 1746 2284 diligenti
1761 2269 1768 2281 ‚
1786 2249 1922 2285 quidquid

403 2291 473 2323 juris
487 2292 512 2316 in
528 2292 604 2317 bonis
616 2292 702 2318 dictae
717 2293 846 2319 ecelesiae
856 2315 863 2325 ‚
877 2295 984 2329 quaein
999 2295 1071 2321 dicto
1083 2296 1202 2322 dominio
1216 2301 1243 2322 et
1253 2296 1379 2322 districtu
1392 2301 1487 2322 nostro
1498 2296 1586 2321 dictae
1599 2295 1680 2322 villae
1692 2295 1725 2321 de
1737 2295 1923 2332 Zamberghes

407 2338 585 2364 haereditarie
599 2344 625 2364 et
639 2340 695 2365 sive
710 2340 846 2374 quomodo
867 2341 932 2366 alias
948 2346 1021 2367 tenet
1036 2347 1063 2367 et
1083 2343 1204 2377 possidet
1219 2342 1289 2368 dieta
1305 2343 1418 2369 ecclesia
1429 2365 1435 2375 ,
1459 2348 1591 2378 quantum
1611 2342 1645 2368 ad
1663 2342 1728 2368 dicti
1745 2343 1921 2370 mansionarii

406 2394 452 2409 seu
469 2384 581 2419 hospitis
593 2387 760 2412 exactionem
775 2396 806 2412 ex
817 2393 895 2422 parte
907 2397 964 2413 mea
979 2389 1035 2414 sive
1049 2389 1254 2417 exhibitionem.
1270 2399 1301 2416 ex
1316 2395 1394 2425 parte
1406 2390 1495 2416 dictae
1508 2389 1639 2415 ecclesiae
1654 2388 1756 2415 habere
1769 2391 1920 2425 potuimus,

408 2431 447 2456 vel
462 2431 562 2458 habere
581 2432 753 2464 videbamun
771 2443 818 2459 seu
838 2439 865 2460 et
884 2435 910 2460 iu
932 2437 1148 2470 praesentiarum
1163 2436 1310 2463 habemus.
1327 2447 1388 2463 cum
1409 2437 1549 2472 arriragiis
1565 2435 1764 2462 relevationum
1784 2436 1919 2463 dictorum

409 2477 540 2502 bonorum
555 2478 631 2504 nobis
645 2478 776 2506 hactenus
789 2480 823 2505 ab
834 2481 926 2507 eadem
938 2481 1051 2508 ecclesia
1064 2484 1172 2510 minime
1187 2484 1352 2519 persolutis3
1368 2489 1456 2510 totum
1468 2484 1494 2510 in
1510 2493 1607 2519 puram
1619 2483 1818 2518 eleemosynam
1832 2484 1922 2511 dictae
