2118 3184
595 404 821 439 CHROMCA
852 405 971 440 'roffi
981 405 1172 440 ACENSIS.
1573 406 1641 441 503

130 510 230 554 cujus
247 517 404 557 tempore
426 524 506 545 cum
527 512 641 546 clerici
662 513 899 546 'l‘ornacenses
919 513 1110 547 Romanam
1126 514 1259 547 curiam
1279 514 1417 560 saepius
1435 514 1641 559 frequisstnta—

130 574 205 601 rent
220 595 227 602 .
251 581 315 614 pro
332 569 546 603 dissentione
564 583 654 616 quae
674 571 765 604 inter
784 570 976 605 monachos
997 571 1032 604 S.
1055 572 1193 605 Martini
1213 579 1246 605 et
1271 572 1363 618 ipsos
1381 578 1474 614 erat,
1494 572 1640 605 Romani

130 626 191 671 qui
214 639 352 673 semper
374 640 546 661 novorum
575 629 800 676 negotiorum
823 636 903 662 sunt
932 629 1073 675 cupidi.
1099 642 1157 663 eos
1181 630 1374 663 irridebant
1400 637 1435 663 et
1457 630 1530 663 sine
1553 631 1642 677 jugo

130 696 202 718 esse
224 685 308 719 velle
326 686 511 729 dicebant⁷
528 699 640 733 quum
657 688 839 733 proprium
864 689 1067 734 episcopum
1087 688 1216 722 habere
1236 689 1389 732 nollent,
1410 696 1517 734 atque
1535 689 1641 734 hujus

131 742 226 776 modi
250 744 364 777 verbis
387 745 523 778 animos
547 757 670 778 eornm
696 745 740 779 ad
769 745 1000 791 repetendmn
1028 747 1210 792 proprium
1239 747 1445 792 episcopum
1470 746 1642 780 accende—

130 802 228 835 bant.
251 802 301 836 llli
317 803 505 837 redeuntes
517 816 607 850 quae
622 804 823 847 audierant.
843 805 1041 838 referebant
1056 805 1157 838 nobis
1171 812 1205 839 et
1224 820 1241 836 κ
1261 805 1307 838 nil
1327 812 1460 839 tentare
1482 812 1601 839 nocet.
1620 822 1637 837 »

129 861 405 909 subjungebant.
438 863 573 897 Accidit
599 871 716 897 mitem
745 876 826 898 curn
852 864 925 910 jam
954 864 1157 898 concordati
1186 864 1370 898 nobiscnm
1402 864 1549 898 fuissent
1563 891 1571 907 7
1604 870 1642 897 ut

130 919 331 955 Baldricus.
357 922 544 968 episcopus
567 929 706 966 noster,
737 935 801 968 pro
824 922 977 969 quadam
1004 935 1107 956 causa
1133 930 1353 966 (mmmmm,
1378 924 1512 969 absque
1544 924 1640 957 omni

129 978 307 1013 audientia
331 986 364 1013 et
383 980 518 1025 judicio
543 982 733 1023 canonico,
759 981 872 1015 missis
896 981 1018 1014 litteris
1042 982 1078 1014 in
1106 982 1194 1015 urbe
1219 981 1451 1024 Tornacensi7
1480 981 1639 1015 divinum

128 1036 282 1071 officium
309 1039 547 1073 interdiceret.
572 1039 670 1074 Unde
695 1040 870 1074 Gonterus
888 1039 1043 1074 decanus
1065 1046 1100 1073 et
1123 1041 1298 1074 Gonterus
1317 1041 1536 1086 praepositus
1562 1041 1640 1074 irati

126 1097 378 1130 canonicorum
397 1104 612 1132 conventum
630 1104 776 1132 evocant
789 1125 797 1140 ·.
814 1104 847 1132 et
862 1097 906 1131 ad
921 1097 1148 1143 repetendam
1166 1098 1348 1144 antiquam
1369 1098 1564 1131 libertatem
1585 1099 1641 1132 in-

127 1154 248 1188 citant.
272 1154 448 1189 Continuo
478 1156 568 1190 duos
593 1169 634 1190 ex
661 1157 837 1190 canonicis
859 1157 1005 1198 electos7
1035 1156 1215 1189 Galterum
1243 1156 1395 1199 scilicet7
1426 1158 1487 1202 qui
1521 1164 1639 1202 postea

126 1214 234 1247 abbas
250 1213 285 1247 S.
307 1214 446 1248 Martini
461 1215 599 1258 claruit.
617 1222 651 1249 et
666 1215 861 1258 Morinum7
880 1221 1143 1260 praecentorem
1159 1214 1339 1257 ecelesiae.
1362 1215 1509 1248 Romam
1526 1222 1640 1248 trans-

128 1271 287 1305 misimus
299 1299 308 1313 .
331 1284 393 1318 per
414 1285 504 1318 quos
522 1273 739 1306 voluntatem
758 1272 894 1306 domini
913 1285 1024 1318 papae
1041 1273 1130 1306 scire
1149 1284 1342 1318 possemus.
1365 1272 1434 1305 Illis
1453 1285 1536 1320 ergo
1557 1286 1641 1307 nec-

126 1329 212 1363 dum
232 1331 376 1364 reversis
399 1331 548 1379 contigit
563 1331 763 1364 Baldricum
792 1332 998 1376 episcopum
1021 1331 1125 1364 mori.

176 1388 342 1422 Protinus
357 1388 606 1423 Noviomenses
622 1389 826 1437 congregati
842 1389 851 1409 ¹
866 1416 874 1432 7
891 1388 1120 1435 dicentesque
1134 1388 1231 1434 quod
1248 1400 1310 1434 per
1325 1389 1510 1434 pecuniam
1531 1391 1640 1437 magis

126 1447 309 1494 inceptum
330 1454 492 1481 nosti-um
509 1460 643 1482 cassare
660 1454 822 1494 possent,
845 1448 1073 1481 Lambertum
1086 1474 1094 1490 7
1124 1446 1413 1481 archidiaconum
1438 1447 1641 1481 Tornacen-

127 1518 222 1550 sem,
243 1507 415 1552 pecuniae
431 1507 724 1550 famosissimum,
746 1507 811 1540 sibi
828 1507 864 1540 in
882 1507 1088 1552 episcopum
1113 1506 1265 1553 eligunt,
1287 1512 1321 1539 et
1340 1505 1501 1539 Noviomi
1521 1518 1640 1539 accer-

126 1565 234 1599 situm
252 1565 287 1598 in
302 1564 470 1599 cathedra
482 1565 674 1611 pontificali
692 1571 843 1611 ponunt.
864 1564 924 1598 Ille
938 1565 1069 1607 statim,
1091 1570 1214 1609 utpote
1233 1564 1286 1597 vir
1303 1563 1502 1606 saecularis7
1521 1576 1638 1611 regen]

127 1622 347 1657 Ludovicum
363 1629 398 1656 et
410 1622 653 1670 Radulphum7
674 1624 867 1657 Remorum
881 1622 1201 1668 archiepiscopum,
1222 1622 1394 1668 promissa
1408 1622 1557 1667 pecunia
1575 1622 1639 1655 sibi

128 1682 330 1730 conjungit.
348 1689 382 1716 et
396 1683 602 1717 electionem
620 1695 719 1717 suam
737 1681 982 1716 fraudulenter
1000 1682 1083 1715 facit
1096 1681 1316 1724 confirmari,
1333 1681 1381 1714 ita
1402 1687 1443 1714 ut
1460 1681 1565 1715 etiam
1581 1694 1639 1714 rex

127 1741 272 1775 consilio
289 1741 544 1788 archiepiscopi
558 1742 706 1776 Romam
725 1741 815 1775 duos
833 1741 1015 1787 episcopos
1032 1740 1318 1774 Aurelianensem
1333 1746 1368 1773 et
1387 1740 1636 1783 Parisiensem.

127 1805 199 1833 tam
220 1811 284 1845 pro
304 1799 373 1834 hoc
390 1800 533 1848 negotio
550 1812 659 1847 quam
677 1812 742 1846 pro
760 1800 856 1843 aliis⁷
875 1799 1028 1842 miserit7
1046 1811 1108 1844 per
1121 1810 1211 1845 quos
1227 1798 1512 1844 archiepiscopus
1529 1811 1639 1844 papae

126 1856 323 1901 mandavit,
344 1857 442 1905 quod
460 1859 487 1892 si
503 1859 785 1893 Tornacensihus
806 1858 991 1904 proprium
1012 1857 1218 1903 episcopum
1237 1856 1357 1899 daret,
1377 1863 1412 1890 et
1432 1857 1639 1903 episcopalis

125 1916 314 1950 auctoritas
331 1917 524 1963 plurimum
548 1917 728 1952 vilesceret
740 1945 748 1961 7
772 1924 808 1951 et
828 1916 1052 1951 Noviomensi
1070 1916 1235 1961 episcopo
1253 1914 1412 1949 redditus
1431 1916 1484 1949 sni
1503 1928 1639 1962 nequa-

126 1987 234 2021 quam
265 1974 310 2009 ad
334 1976 406 2010 sola
423 1977 615 2011 necessaria
641 1976 853 2010 sufficerent.
883 1975 954 2010 Nec
980 1987 1078 2008 mora
1105 1975 1264 2008 Galterus
1286 1980 1321 2007 et
1344 1974 1505 2008 Movinus
1534 1975 1637 2022 legati

125 2033 236 2068 Roma
254 2034 423 2078 redeunte
451 2035 582 2069 litteras
606 2036 651 2069 ab
675 2035 866 2081 apostolica
891 2033 973 2068 sede
999 2033 1185 2076 deferunt7
1215 2033 1406 2079 apostolica
1430 2034 1638 2067 auctoritate

126 2093 393 2138 praecipientes.
404 2099 445 2127 ut
457 2094 602 2127 remotis
615 2093 842 2128 dilationibus
853 2120 861 2136 a
879 2092 1064 2139 proprium
1077 2092 1282 2137 episcopum
1298 2091 1399 2125 nobis
1413 2091 1635 2138 eligeremus„

126 2150 349 2197 electumque
358 2151 520 2185 Remensi
534 2151 806 2198 metropolitano
819 2149 1098 2185 consecrandum
1109 2155 1422 2195 praesentaremus.
1446 2149 1513 2194 lpsi
1533 2150 1636 2183 etiam

129 2208 291 2243 Remensi
314 2210 579 2256 archiepiscopo
605 2222 695 2256 papa
719 2209 900 2244 mandavit
921 2216 962 2243 ut
986 2208 1147 2242 electioni
1169 2214 1309 2241 nostrae
1326 2207 1511 2241 efficaciter
1535 2208 1638 2241 insis-

126 2275 236 2312 teret⁷
263 2269 486 2314 electumque
508 2274 739 2301 consecraret.
767 2267 974 2301 Convocatis
994 2267 1103 2313 igitur
1128 2265 1358 2299 Tornacensis
1379 2265 1542 2299 ecclesiae
1561 2278 1637 2312 per—

127 2327 238 2370 sonis7
263 2326 422 2360 unanimi
443 2325 588 2359 consilio
611 2325 780 2373 elegimus
803 2325 917 2359 virum
941 2325 1144 2372 religiosum
1166 2323 1399 2367 Herbertum.
1429 2324 1637 2358 Morinensis

127 2385 290 2420 ecclesiae
309 2383 618 2428 archidiaconum³
639 2396 794 2431 eumque
813 2397 832 2418 a
845 2384 1025 2427 Johanne⁷
1046 2390 1132 2417 tunc
1150 2382 1318 2428 temporis
1333 2382 1522 2417 Morinensi
1542 2384 1634 2429 epis-

172 2505 180 2522 ¹
203 2504 317 2536 Herim.‚
333 2513 428 2540 parag.
443 2503 489 2530 98.
