2137 3131
468 379 537 413 ’.ᾗ-46
808 378 893 412 COR
900 376 981 411 PUS
1008 375 1336 409 CHRONICORUM
1366 375 1557 408 FLANDRI
1565 375 1630 408 AF..

470 487 631 519 ull-icinis.
661 486 750 518 sicut
776 483 880 517 hodie
905 483 1083 525 cernitur7
1113 481 1320 515 aedificavit.
1349 482 1411 516 Hic
1437 483 1555 528 itaque
1581 482 1761 516 charitatis
1788 482 1975 517 dulcedine

470 546 608 590 plenus.
628 556 639 576 x
651 542 747 575 iilens
763 541 953 574 Radulfum
969 552 1049 574 cum
1066 552 1173 573 uxore
1186 546 1220 573 et
1234 540 1311 573 filiis
1325 539 1470 574 divitem
1486 540 1520 573 S.
1537 540 1685 574 Amandi
1700 541 1880 574 ecclesiam
1896 542 1977 575 reli-

469 604 584 649 quisse
598 608 631 634 ‹·t
646 599 895 646 pauperculam
911 598 947 632 S.
965 598 1104 632 Martini
1119 598 1305 644 expetisse.
1323 599 1522 632 convocatis
1533 598 1714 633 monachis
1728 599 1818 632 suis:
1837 614 1854 629 «
1870 599 1975 641 Ecce.

471 661 603 706 inquit.
621 661 744 692 fratres
759 657 994 700 dilectissimi7
1017 656 1181 690 secularis
1196 657 1251 689 ille
1270 657 1368 690 miles
1383 657 1590 703 ltadulphus
1605 657 1734 691 divitiis
1749 658 1876 691 nostris
1890 669 1980 703 pau-

469 725 638 764 pertatem
660 717 694 750 S.
718 716 858 750 Martini
887 715 1052 761 pertulit7
1075 721 1110 748 et
1128 715 1163 748 in
1190 727 1345 760 paupere
1371 716 1513 749 ecclesia
1536 716 1731 749 monachus
1755 717 1829 749 lieri
1854 716 1977 750 voluit.

467 777 652 811 Charilaus
671 776 789 821 itaque
807 775 938 808 viscera
958 786 1020 807 nos
1038 773 1323 807 demonstremus
1343 774 1489 816 habere.
1507 781 1541 807 et
1559 774 1751 808 molendini
1768 774 1865 821 quod
1880 775 1981 808 nobis

466 836 566 870 dedit
585 835 807 868 medietatem
833 833 980 879 pauperi
1000 833 1163 866 ecclesiae
1187 832 1220 866 S.
1244 833 1384 866 Martini
1408 833 1650 876 conferamus,
1677 834 1797 879 sicque
1821 832 1979 879 ejusdem

466 894 659 928 molendini
684 894 827 927 beatum
846 892 1037 926 Martinum
1054 904 1135 925 cum
1152 898 1302 938 patrono
1321 898 1440 925 nostro
1454 892 1489 925 S.
1510 892 1669 926 Amando
1684 893 1890 938 participem
1909 904 1982 926 esse

466 954 647 988 faciamus.
672 968 688 983 n
710 952 972 986 Consenserunt
993 963 1134 993 omnes.
1157 957 1191 984 et
1210 963 1253 984 ne
1277 963 1368 984 unus
1392 951 1538 997 quidem
1557 958 1723 997 paternae
1746 951 1926 985 charitatis
1944 962 1980 984 se

466 1013 677 1060 degenerem
710 1011 785 1044 fore
812 1009 977 1043 ostendit.
1010 1009 1137 1055 Sicque
1166 1009 1344 1055 praefatus
1370 1008 1537 1042 dominus
1566 1009 1668 1057 Hugo
1693 1009 1893 1042 Tornaeum
1921 1021 1982 1042 ve—

466 1072 564 1105 niens
575 1098 583 1109 .
606 1082 802 1116 pauperum
819 1068 1075 1102 monachorum
1090 1069 1291 1102 societatem
1309 1074 1343 1101 et
1356 1068 1609 1102 fraternitatem
1625 1068 1768 1114 expetiit
1781 1074 1816 1101 et
1833 1068 1981 1114 accepit,

467 1129 691 1163 medietatem
711 1129 802 1161 illius
821 1126 1014 1161 molendini
1033 1127 1081 1160 eis
1093 1126 1256 1167 donavit.
1276 1139 1487 1173 semperque
1504 1126 1670 1173 deinceps
1689 1133 1835 1172 paterna
1848 1127 1979 1161 viscera

466 1201 501 1222 se
520 1200 626 1234 super
650 1199 714 1220 nos
731 1187 862 1220 habere
881 1186 1101 1219 monstravit.
1124 1185 1211 1219 Nam
1232 1185 1337 1218 etiam
1362 1185 1507 1231 quando
1535 1185 1699 1219 monachi
1727 1197 1809 1219 cum
1836 1184 1982 1219 domino

468 1246 593 1280 Odone
611 1245 749 1279 deserta
767 1251 885 1290 petere
901 1244 1073 1287 volentes.
1091 1243 1134 1277 de
1147 1244 1290 1277 eeclesia
1309 1243 1344 1277 S.
1367 1244 1507 1277 Martini
1523 1243 1758 1278 discesserunt
1771 1271 1779 1286 a
1802 1244 1981 1290 praefatus

467 1305 634 1339 dominus
652 1304 776 1351 Hugo.
798 1303 906 1336 abbas
930 1302 966 1336 S.
990 1301 1139 1336 Amandi
1155 1329 1163 1345 7
1187 1302 1347 1348 quinque
1373 1302 1417 1335 de
1442 1303 1513 1335 suis
1535 1302 1738 1344 monachis.
1768 1314 1812 1335 ne
1838 1302 1982 1336 ecclesia

468 1364 503 1397 S.
517 1363 658 1397 Martini
672 1362 791 1396 divino
806 1368 940 1395 careret
951 1362 1079 1403 officio.
1096 1361 1179 1394 illuc
1193 1360 1317 1394 direxit
1331 1388 1339 1403 -.
1358 1361 1563 1407 victumque
1577 1361 1825 1408 quotidianum
1840 1361 1889 1394 eis
1899 1360 1982 1395 diri-

468 1434 553 1470 gens
565 1449 573 1465 a
589 1433 703 1467 usque
716 1419 760 1454 ad
776 1419 929 1453 reditum
946 1419 1203 1453 monachorum
1219 1418 1253 1452 S.
1270 1418 1410 1452 Martini
1429 1419 1629 1453 eosibidem
1646 1420 1774 1453 morari
1789 1419 1978 1465 praecepit.

518 1482 561 1514 At
574 1479 676 1513 vero1
690 1479 898 1524 Radulphus
916 1478 1006 1512 duos
1020 1490 1206 1525 germanos
1225 1478 1351 1511 milites
1365 1478 1401 1511 in
1415 1479 1502 1511 urbe
1513 1478 1680 1521 habebat,
1700 1491 1854 1525 quorum
1870 1478 1982 1524 major

467 1540 659 1573 vocabatur
676 1539 890 1572 Thetbertus
901 1565 910 1581 Ἴ
932 1538 1018 1571 alter
1037 1537 1299 1579 Theodoricus7
1322 1537 1538 1570 monetarius
1554 1536 1578 1569 ².
1602 1537 1816 1570 Thetbertus
1830 1549 1983 1582 praepo-

467 1599 554 1631 situs
569 1604 642 1630 erat
659 1596 818 1630 Rabbodi
838 1596 1006 1642 episcopi7
1024 1602 1059 1629 et
1072 1594 1211 1629 fidelem
1228 1607 1263 1628 se
1277 1595 1307 1628 ei
1322 1595 1411 1628 sicut
1425 1594 1571 1628 domino
1586 1607 1650 1628 suo
1663 1595 1865 1628 exhibebat.
1882 1594 1983 1629 Unde

467 1655 650 1689 Fastradus
667 1654 857 1688 advocatus
869 1681 877 1697 7
904 1660 1027 1687 eontra
1046 1665 1128 1687 eum
1148 1653 1258 1686 iratus
1276 1653 1445 1699 quoniam
1465 1664 1637 1698 pauperes
1657 1653 1806 1686 rusticos
1826 1653 1981 1699 episcopi

466 1715 600 1760 ubique
618 1713 831 1747 defendebat
845 1719 880 1746 et
891 1713 1080 1756 tuebatur7
1096 1713 1253 1758 primum
1267 1711 1388 1745 dolose
1403 1724 1438 1745 se
1454 1712 1484 1744 ei
1500 1711 1706 1745 familiarem
1726 1712 1829 1756 fecit.
1850 1712 1983 1745 filium-

469 1786 538 1819 que
557 1772 632 1817 ejus
658 1773 691 1805 in
718 1772 927 1817 baptismate
951 1771 1166 1816 suscipiens7
1195 1776 1376 1816 compater
1402 1770 1432 1803 ei
1459 1770 1546 1813 fuit.
1568 1769 1629 1803 sed
1655 1776 1734 1816 post
1757 1782 1889 1816 paucos
1907 1769 1982 1804 dies

468 1832 555 1865 nihil
576 1831 655 1864 mali
675 1831 910 1876 suspicantem
924 1857 933 1873 n
952 1837 1153 1876 venatuque
1169 1830 1304 1875 lepores
1318 1829 1563 1875 insequentem
1581 1835 1788 1875 prosecutus
1801 1856 1810 1871 ·›
1828 1841 1983 1875 eumque

468 1897 508 1923 ut
531 1897 748 1936 compatrem
780 1902 883 1923 suum
911 1889 1031 1923 dolose
1058 1889 1236 1923 osculatus
1248 1915 1256 1931 a
1289 1888 1451 1934 protinus
1481 1888 1663 1922 incautum
1695 1887 1846 1932 oceidit,
1875 1894 1910 1921 et
1938 1887 1983 1922 de

468 1949 647 1994 provincia
679 1948 795 1982 statim
820 1948 976 1995 fugiens.
1008 1947 1052 1981 ad
1077 1947 1292 1980 avunculum
1313 1958 1416 1979 suum
1446 1945 1708 1980 Theodoricum
1737 1946 1983 1980 Avesniensem

467 2007 625 2049 secessit,
647 2013 681 2039 et
705 2019 786 2040 cum
811 2018 851 2039 eo
872 2006 945 2039 fere
964 2018 1026 2052 per
1052 2005 1244 2038 triennium
1263 2004 1413 2045 mansit3
1438 2010 1595 2050 tuncque
1618 2003 1885 2038 advocationem
1908 2004 1983 2050 ejus

468 2065 633 2099 dominus
643 2064 835 2099 Rabbodus
849 2065 1035 2110 episcopus
1048 2063 1201 2098 Radulfo
1216 2063 1317 2096 militi
1332 2062 1557 2097 Noviomensi
1567 2062 1683 2105 dedit,
1704 2062 1983 2109 Fastradumque

467 2124 614 2157 omnino
636 2136 700 2169 pro
728 2124 796 2157 hoc
817 2123 945 2156 scelere
967 2121 1226 2156 exhaeredavit.
1260 2120 1414 2162 Quidam
1439 2120 1606 2154 dixerunt
1627 2121 1695 2154 hoc
1718 2121 1779 2154 Dei
1803 2121 1984 2155 voluntate

468 2181 647 2225 accidisse7
664 2182 833 2228 quoniam
844 2181 899 2214 ille
909 2180 1118 2226 Radulphus
1127 2191 1239 2214 novus
1248 2178 1439 2212 advocatus
1453 2185 1563 2212 terras
1573 2178 1607 2212 S.
1627 2179 1767 2212 Martini
1781 2191 1869 2225 quas
1882 2186 1983 2213 tene-

467 2241 539 2283 bat„
556 2246 696 2286 petente
711 2240 876 2286 episcopo
890 2266 898 2282 a
915 2239 1007 2272 sicut
1021 2251 1127 2285 supra
1143 2238 1279 2272 dictum
1294 2243 1358 2280 est7
1375 2237 1476 2271 facile
1487 2236 1661 2280 reddidit,
1678 2249 1766 2284 quas
1781 2236 1979 2280 Fastradus‚

468 2299 558 2332 sicut
581 2304 701 2344 postea
726 2298 904 2331 multoties
928 2297 1094 2340 asseruit,
1124 2298 1151 2331 si
1172 2302 1258 2330 tune
1282 2295 1474 2339 tenuisset,
1502 2295 1599 2329 nullo
1626 2294 1734 2329 modo
1757 2295 1978 2330 reddidisset.

509 2385 517 2402 ¹
541 2385 735 2417 Herimanmw,
754 2386 764 2420 j
779 2385 828 2415 59,
847 2394 909 2421 pag.
925 2384 990 2412 906.
1249 2383 1289 2409 Ita
1302 2383 1462 2419 D’Achdry,
1478 2383 1628 2409 secundum
1652 2383 1721 2409 Usus
1737 2388 1761 2409 et
1782 2382 1981 2410 consuetudines

507 2430 519 2448 2
540 2430 577 2456 Eo
591 2431 664 2466 quod
681 2431 854 2466 praesidebat
872 2437 995 2457 monetae
1009 2452 1015 2464 ‚
1037 2440 1119 2466 quam
1137 2430 1200 2457 Phi-
1254 2429 1377 2463 Tornac„
1394 2435 1459 2456 tom.
1475 2430 1513 2456 III
1524 2452 1531 2464 ⁷
1546 2439 1609 2466 pag.
1625 2430 1689 2456 551.

468 2477 559 2511 lippus
575 2476 714 2512 Augustus
728 2477 754 2502 in
770 2477 837 2503 urbe
854 2477 1019 2503 ”fornacensi
1032 2477 1198 2503 instituerat.

1282 2557 1294 2575 0
