2137 3131
383 353 451 387 960
990 341 1279 378 APPENDICES.

385 462 484 487 abhas.
501 466 527 486 ct
542 458 661 492 ejusdem
681 456 730 481 loci
745 459 911 481 conventus.
931 451 1035 478 ordinis
1054 451 1330 477 l'raemonstratensis
1344 472 1350 483 ⁷
1373 451 1561 486 acquisierunt
1581 451 1661 478 titulo
1676 453 1821 488 emptionis
1836 453 1903 490 legi-

385 510 449 535 time
463 517 525 541 erga
539 504 686 530 (ivi-ardum
697 523 703 535 ,
716 502 818 527 dietum
835 500 954 526 Brulanc
964 520 971 533 ,
984 499 1018 525 dc
1032 498 1151 534 Eyylteu:
1166 503 1191 524 et
1206 498 1362 525 Cornelium
1378 498 1490 524 fratrem
1506 499 1591 534 ipsius
1605 499 1786 534 sexjornaria
1803 501 1901 536 partim

386 562 473 582 terrae
484 552 592 579 arabilis
604 572 610 583 ‚
628 551 783 587 partimque
800 548 870 583 prati
885 557 980 582 parum
994 547 1055 582 plus
1067 567 1073 577 ,
1085 546 1205 580 jacentia
1218 546 1244 571 in
1256 546 1376 572 dominio
1388 556 1448 572 meo
1462 546 1496 572 de
1513 546 1612 580 Outre,
1629 547 1655 573 in
1667 547 1727 573 loco
1741 548 1789 583 qui
1801 548 1902 574 dicitur

384 599 595 634 Ellu'uut-nlmyli
606 619 612 630 ‚
626 607 675 633 pro
691 597 784 632 viginti
796 595 873 620 libris
888 594 1085 629 parisiensibus
1096 614 1102 621 ,
1117 593 1218 619 eisdem
1233 593 1423 619 venditoribus
1435 593 1536 619 adictis
1551 593 1685 630 religiosis
1697 594 1819 620 totaliter
1828 594 1903 620 solu-

383 650 429 679 tis,
445 649 468 673 in
482 647 581 682 quibus
596 651 667 671 terra
681 649 814 679 pratoque
827 641 973 677 praedictis
988 641 1073 667 l'rater
1087 641 1185 666 l'etrus
1197 640 1231 666 de
1244 640 1459 673 Geraldimonte,
1472 641 1620 667 eanonicus
1633 651 1664 667 ac
1673 642 1847 677 pitantiarius
1857 642 1903 668 Ni-

385 696 511 723 nivcnsis,
528 694 645 729 legitime
657 691 820 717 haeredatus
830 695 870 715 est
883 690 939 715 sive
953 689 1097 715 investitus
1108 709 1115 719 ,
1133 689 1241 714 nomine
1254 688 1392 714 dictorum
1406 688 1513 715 abbatis
1527 694 1554 715 et
1566 694 1718 715 conventus
1728 710 1735 721 7
1748 694 1774 715 et
1787 689 1820 715 ad
1832 698 1902 724 opus

382 742 510 779 pitantiae
524 739 680 766 eorumdem
692 737 883 773 perjudicium
902 736 1075 762 scabinorum
1092 745 1214 761 incorum
1229 735 1442 761 subnotatorum
1454 756 1461 768 ‚
1481 745 1497 761 a
1511 735 1612 762 ballivo
1631 745 1691 762 meo
1706 736 1855 762 subnotato
1868 737 1902 763 ad

382 790 432 816 hoc
445 790 495 814 ritc
507 788 734 813 sulnnonitorum.
749 786 808 821 Quo
818 784 898 815 sacto,
910 784 999 809 dictus
1013 783 1097 809 frater
1108 784 1204 809 Petrus
1213 805 1219 811 .
1233 783 1291 809 viee
1303 784 1440 809 dictorum
1451 783 1558 810 abbatis
1569 793 1600 810 ac
1609 789 1761 810 conventus
1773 784 1901 820 fungens,

382 836 489 863 tradidit
504 845 534 861 ac
549 834 706 869 recognovit
722 834 794 859 dicto
808 832 930 858 Gerardo
945 831 1098 866 praedictas
1118 837 1218 857 terram
1234 841 1264 857 ac
1280 836 1388 866 pratum
1406 830 1537 857 tenendas
1551 832 1602 858 sub
1615 831 1800 858 haereditario
1816 841 1900 858 censu

382 883 560 918 quadraginta
571 881 719 907 solidorum
735 880 940 915 parisiensium,
950 879 1028 904 dictis
1040 878 1174 914 religiosis
1185 879 1257 904 iul‘ra
1268 883 1388 913 quatuor
1401 878 1460 904 dies
1469 879 1559 905 natale
1569 879 1654 905 Jhesu
1667 879 1766 905 Christi
1780 880 1902 915 proxime

381 930 577 965 subscquvntcs
592 928 708 954 finaliter
719 933 744 953 et
758 927 879 953 totaliter
892 926 1086 952 solvendorum
1097 937 1102 961 ς
1116 927 1163 962 qui
1173 936 1272 953 census
1283 926 1335 952 hoc
1344 936 1415 952 anno
1425 927 1496 952 iutra
1507 932 1627 962 quatuor
1636 927 1693 953 dies
1704 927 1801 953 natalis
1815 927 1900 953 Jhesu

380 976 476 1003 Christi
491 976 611 1011 proximo
625 980 755 1001 venturos
770 974 837 1000 solvi
853 974 978 1009 incipiet.
995 979 1021 999 et
1034 974 1163 1008 deinceps
1174 973 1288 1010 singulis
1300 975 1378 999 annis
1392 974 1493 1000 suturis
1508 974 1578 1000 inl'ra
1594 975 1792 1010 praescriptum
1808 975 1902 1001 termi-

381 1035 443 1050 num
461 1034 474 1050 a
489 1025 561 1050 dicto
574 1023 695 1049 Gerardo
707 1022 747 1048 vel
762 1023 822 1056 ejus
836 1022 1001 1048 haeredibus
1017 1022 1136 1057 persolvi
1151 1022 1262 1047 debebit
1277 1021 1414 1057 religiosis
1431 1021 1586 1048 antedictis.
1603 1022 1634 1048 In
1652 1022 1732 1056 cujus
1748 1031 1845 1048 census
1857 1032 1901 1048 so-

381 1073 482 1099 lutiont¹
497 1072 518 1097 si
533 1072 621 1097 dictus
636 1071 773 1096 Gerar-dus
783 1070 824 1096 vel
838 1070 897 1104 ejus
912 1069 1043 1095 haeredes
1058 1069 1129 1095 infra
1143 1069 1246 1095 dietum
1258 1070 1405 1095 terminum
1417 1069 1584 1101 defecerint,
1600 1075 1700 1096 extunc
1715 1070 1765 1105 ipsi
1780 1070 1806 1095 in
1821 1069 1901 1095 dictis

380 1126 451 1146 terra
467 1129 496 1144 ac
516 1124 594 1154 prato
610 1118 674 1144 nihil
686 1118 758 1152 juris
772 1117 928 1149 habebunt,
950 1117 1072 1152 dictique
1093 1117 1212 1153 religiosi
1231 1117 1264 1142 ad
1279 1117 1365 1143 dictas
1377 1122 1478 1143 terram
1496 1127 1527 1143 ac
1541 1122 1651 1153 pratum
1667 1127 1776 1143 manum
1792 1118 1901 1143 mittere

380 1172 522 1202 poterunt,
538 1166 637 1191 eisdem
649 1171 746 1192 extunc
761 1170 896 1200 perpetuo
910 1165 996 1191 libere
1013 1165 1135 1190 fruituri.
1153 1165 1238 1191 Simili
1251 1174 1363 1200 quoque
1378 1165 1458 1191 modo
1470 1165 1619 1201 saepedicti
1635 1165 1756 1201 religiosi
1770 1165 1855 1191 abbas
1869 1174 1900 1192 ac

379 1218 528 1240 conventus
537 1203 722 1248 acquisierunt
736 1212 815 1238 titulo
825 1213 969 1247 emptionis
980 1212 1099 1247 legitime
1112 1222 1177 1248 erga
1186 1212 1337 1238 Gerardum
1347 1211 1434 1238 filium
1445 1212 1538 1238 Addae
1549 1211 1583 1238 de
1591 1212 1710 1248 Ethem
1721 1217 1747 1238 et
1755 1212 1898 1248 Aegidium

380 1261 489 1287 l'ratrem
504 1261 576 1294 ejus,
593 1259 768 1293 sexjornaria
781 1259 821 1285 vel
837 1260 946 1285 circiter
960 1259 1058 1294 partim
1074 1269 1228 1285 mansorum
1244 1269 1305 1285 enm
1321 1259 1448 1285 omnibus
1461 1259 1560 1285 sitibus
1570 1260 1627 1285 suis
1642 1259 1797 1294 partimque
1809 1264 1900 1286 terrae

380 1307 488 1334 arabilis
499 1309 565 1333 sitae
574 1312 648 1332 retro
659 1307 731 1341 ipsos
745 1315 861 1337 mansos,
871 1315 940 1341 quos
955 1306 1065 1341 quidem
1075 1316 1182 1332 mansos
1191 1316 1221 1332 ac
1234 1311 1333 1332 terram
1343 1306 1414 1332 dicta
1423 1310 1509 1332 mater
1517 1315 1613 1332 eorum
1624 1311 1704 1332 antea
1717 1306 1902 1340 tenuerat7ja-

380 1360 472 1382 centes
485 1357 508 1380 in
522 1355 640 1380 dominio
655 1363 713 1379 meo
725 1354 757 1379 de
772 1353 854 1379 Outre
868 1354 1009 1389 praedicto
1019 1374 1027 1387 ‚
1038 1363 1087 1389 pro
1103 1354 1213 1389 triginta
1228 1353 1306 1380 libris
1321 1353 1517 1389 parisiensibus
1531 1353 1632 1379 eisdem
1647 1354 1780 1379 fratribus
1793 1363 1808 1379 a
1821 1353 1901 1380 dictis

379 1403 510 1438 religiosis
526 1411 572 1428 seu
588 1402 694 1427 nomine
710 1402 831 1436 ipsorum
847 1401 977 1427 exsolutis
991 1411 1005 1426 a
1021 1401 1179 1436 pitantiario
1194 1401 1349 1436 praedicto,
1367 1401 1394 1426 in
1409 1401 1512 1435 quibus
1526 1401 1625 1426 mansis
1639 1410 1670 1426 ac
1690 1406 1764 1426 terra
1778 1400 1900 1436 praedic-

379 1452 413 1476 tis
427 1460 507 1485 saepe
519 1450 607 1476 dictus
622 1450 705 1475 frater
717 1449 812 1474 l’ctrus
828 1450 936 1475 nomine
950 1449 1086 1474 dictorum
1101 1448 1208 1474 abbatis
1219 1453 1246 1474 et
1259 1453 1411 1474 conventus
1425 1453 1451 1474 et
1466 1448 1499 1473 ad
1515 1457 1584 1483 opus
1596 1448 1727 1482 pitantiae
1739 1447 1898 1474 eorumdem

378 1498 496 1534 legitime
511 1497 673 1523 haeredatus
685 1502 724 1522 est
738 1497 794 1522 sive
808 1497 953 1522 investitus
964 1496 1069 1530 judicio
1083 1496 1258 1522 scabinorum
1280 1505 1402 1522 meorum
1418 1495 1533 1521 'inferius
1552 1495 1753 1521 nominatorum
1769 1505 1782 1521 a
1798 1494 1898 1522 ballivo

380 1554 439 1571 meo
453 1545 598 1570 subnotato
609 1544 642 1569 :ul
657 1544 707 1569 hoc
721 1545 772 1569 rite
787 1544 1007 1569 submonitorum
1022 1543 1172 1569 secundnm
1186 1543 1274 1578 legem
1287 1548 1314 1569 et
1327 1552 1405 1568 usum
1421 1543 1526 1578 patriae
1542 1547 1569 1568 et
1588 1542 1655 1573 loci,
1671 1542 1802 1568 adhibitis
1816 1543 1897 1568 etiam

380 1598 431 1617 tam
445 1593 470 1617 in
485 1592 536 1616 isto
547 1596 686 1617 contractu
701 1600 781 1626 quam
794 1591 820 1616 in
836 1590 889 1616 alio
902 1591 1030 1626 superius
1045 1600 1174 1625 expresso
1188 1590 1440 1616 renuntiationibus
1454 1594 1481 1615 et
1493 1588 1712 1615 solemnitatibus
1725 1598 1796 1624 quae
1809 1589 1899 1615 solent

380 1649 409 1665 ac
423 1638 522 1665 debent
535 1639 560 1664 in
575 1638 673 1664 talibus
685 1638 819 1664 adhiberi.
832 1639 938 1674 Quibus
949 1639 986 1664 ita
1001 1638 1092 1668 sactis,
1108 1638 1220 1663 tradidit
1232 1647 1263 1664 ac
1276 1638 1438 1674 recognovit
1450 1637 1539 1663 dictus
1552 1637 1637 1663 t'rater
1648 1637 1759 1669 Petrus,
1773 1638 1831 1664 vice
1841 1637 1899 1664 dic-

379 1692 467 1712 torum
475 1686 580 1712 abbatis
591 1696 621 1712 ac
629 1691 779 1712 conventus
788 1686 914 1721 fungens,
924 1686 997 1712 dicto
1007 1686 1128 1712 Gerardu
1138 1686 1193 1712 tilio
1202 1686 1294 1712 Addae
1306 1685 1462 1721 praedictae
1471 1685 1542 1711 dicta
1551 1685 1729 1720 sexjornaria
1739 1685 1780 1711 vel
1789 1686 1898 1712 circiter

379 1743 533 1759 mansorum
547 1742 577 1758 ac
591 1738 680 1759 terrae
693 1733 896 1767 praedictorum
913 1733 1031 1759 tenenda
1044 1733 1096 1758 sub
1110 1733 1293 1759 haereditario
1312 1742 1395 1758 censu
1417 1733 1501 1758 trium
1515 1732 1647 1758 librarum
1666 1733 1856 1767 parisiensium
1870 1733 1897 1759 in

380 1781 570 1816 purificatione
583 1780 678 1806 beatae
693 1781 812 1816 Virginis
829 1781 942 1816 singulis
955 1783 1033 1806 annis
1046 1781 1125 1806 dictis
1141 1780 1276 1817 religiosis
1292 1780 1413 1806 totaliter
1427 1779 1636 1811 solvendarum,
1651 1782 1686 1805 ita
1699 1780 1789 1815 quod,
1803 1781 1824 1806 si
1839 1780 1897 1815 ipse

379 1828 516 1854 Gerardus
528 1828 569 1853 vel
585 1828 714 1854 haeredes
728 1829 812 1863 ipsius
825 1828 928 1855 dictum
943 1838 1053 1854 censum
1068 1829 1140 1854 dieto
1152 1829 1269 1854 termino
1281 1838 1333 1854 non
1345 1828 1494 1859 solverint,
1507 1832 1607 1853 extunc
1615 1827 1765 1861 nihiljuris
1776 1828 1804 1853 in
1818 1828 1898 1854 dictis

380 1876 477 1901 mansis
491 1881 518 1901 et
532 1881 603 1901 terra
620 1876 653 1902 de
666 1881 774 1902 caetero
790 1875 891 1902 habere
904 1875 1045 1902 debebunt
1056 1897 1063 1907 ‚
1076 1881 1102 1902 et
1116 1876 1181 1901 dicti
1198 1875 1404 1912 religiosidictis
1418 1875 1517 1900 mansis
1526 1883 1557 1900 ac
1572 1880 1645 1900 terra
1664 1875 1739 1901 velut
1750 1875 1807 1901 suis
1819 1875 1897 1901 bonis

380 1924 498 1959 propriis
509 1923 678 1959 gaudebunt.
693 1924 798 1950 l‘rimus
808 1929 898 1950 autem
909 1924 1041 1950 terminus
1054 1922 1197 1950 solutionis
1206 1923 1270 1949 dicti
1280 1932 1377 1949 census
1389 1923 1502 1958 incipiet
1514 1922 1565 1948 hoc
1573 1931 1655 1955 anno,
1667 1922 1772 1948 scilicet
1783 1922 1809 1948 in
1821 1923 1895 1957 puri-

381 1970 506 1996 ficatione
520 1971 642 2005 proximo
655 1971 796 2006 sequenti,
812 1980 842 1996 ac
857 1971 986 2006 deinceps
1001 1972 1078 1997 annis
1090 1971 1205 2006 singulis
1220 1971 1322 1996 suturis
1336 1971 1452 1996 termino
1470 1975 1632 2005 praenotato
1643 1970 1723 1996 dictis
1733 1970 1868 2006 religiosis
1881 1979 1896 1995 a

380 2018 452 2043 dicto
476 2018 596 2044 Gerardo
612 2018 652 2043 vel
667 2018 726 2051 ejus
747 2018 911 2044 haeredibus
932 2018 1049 2054 persolvi
1065 2018 1187 2044 debebit.
1208 2018 1255 2044 His
1276 2023 1367 2044 autem
1381 2017 1569 2043 contractibus
1586 2017 1799 2052 praenominatis
1812 2017 1897 2043 inter-

383 2065 493 2091 fuerunt
507 2066 631 2091 videlicet
649 2066 786 2092 Get-ardus
799 2066 832 2092 de
848 2066 950 2092 Bonlnr
961 2087 968 2100 7
984 2066 1101 2092 famulus
1122 2076 1197 2092 meus
1207 2087 1214 2092 .
1227 2071 1257 2092 ut
1272 2065 1403 2097 ballivus,
1419 2065 1572 2092 Colinusde
1584 2065 1703 2101 Asphzr,
1719 2065 1847 2091 Oliverus
1860 2065 1895 2091 de

381 2111 561 2148 Ertbruthe,
579 2112 724 2147 Woytinus
743 2113 776 2138 de
793 2113 926 2148 0pstnlle,
943 2113 1083 2149 Wedegha
1099 2113 1133 2139 de
1147 2113 1256 2147 ΙΛιΙιιεἸ--ε7
1272 2118 1300 2139 et.
1316 2113 1457 2138 Walterus
1470 2112 1504 2138 de
1519 2112 1685 2146 Betsehroch,
1701 2117 1732 2138 ut.
1746 2112 1849 2138 scabini
1861 2112 1896 2138 de

382 2158 472 2184 Onlre.
495 2159 525 2184 ln
539 2169 656 2194 quorum
675 2160 794 2185 omnium
811 2161 996 2186 testimonium
1007 2166 1033 2187 et
1048 2161 1073 2186 in
1092 2163 1200 2197 signum
1212 2160 1419 2196 approbationis
1433 2169 1538 2186 necnon
1553 2160 1768 2186 confirmationis
1786 2169 1896 2186 eorum-

379 2206 451 2232 dem.
461 2216 511 2242 ego
526 2207 664 2233 Walterus
678 2207 711 2233 de
726 2207 834 2240 Pollar,
844 2208 969 2234 dominus
982 2209 1015 2234 de
1026 2208 1108 2235 Oulre
1119 2230 1125 2239 ‚
1140 2208 1311 2244 praedictus,
1323 2207 1441 2244 sigillum
1454 2217 1543 2234 meum
1557 2207 1621 2233 duxi
1632 2212 1659 2233 ut
1673 2207 1800 2234 dominus
1812 2216 1896 2242 supe-

385 2255 440 2279 rior
457 2255 646 2289 praesentibus
661 2255 759 2282 litteris
774 2256 977 2291 apponendum.
996 2256 1093 2283 Datum
1108 2266 1180 2282 anno
1195 2257 1303 2283 Domini
1316 2255 1534 2287 MCCLXXXIX,
1549 2264 1641 2281 mense
1655 2255 1740 2281 Julio.

1289 2312 1400 2344 Original
1410 2331 1416 2342 ,
1438 2320 1507 2336 sceau
1521 2320 1550 2336 en
1565 2312 1613 2336 cire
1625 2311 1710 2336 brune.

1091 2396 1158 2406 Η
