2118 3184
770 402 1058 438 APPENDICES.
1600 406 1670 442 899

153 517 238 544 super
247 517 338 535 annua
345 510 486 544 pensione.
498 510 607 535 nomine
617 508 734 535 duarum
745 509 977 544 praebendarum,
990 510 1040 545 ipsi
1053 515 1081 537 et
1091 509 1256 538 Clementiae
1269 513 1346 538 uxori
1358 521 1423 540 suae
1431 534 1437 543 ,
1451 513 1542 549 quoad
1553 514 1667 541 vixerint

153 564 168 581 a
181 555 254 582 dicta
266 556 379 583 ecclesia
392 556 513 583 cedenda
525 567 531 590 ;
550 557 620 583 idem
635 556 774 582 NValterus
788 562 875 583 terras
889 558 1050 584 subnotatas
1064 559 1163 593 partim
1178 568 1228 594 pro
1241 559 1313 586 dicta
1332 561 1475 595 pensione,
1494 562 1593 596 partim
1616 571 1666 598 pro

153 604 268 638 pecunia
282 609 441 633 numerata,
459 604 585 630 videlicet
605 613 656 639 pro
671 604 845 640 septuaginta
861 597 938 630 libris
953 605 1127 632 flandrensis
1145 612 1269 633 monetae
1284 612 1312 633 et
1324 609 1423 643 partim
1438 609 1464 634 in
1477 610 1666 636 concambium

153 659 204 685 pro
219 651 308 677 tribus
322 651 442 677 bonai-iis
457 656 547 677 terrae
560 651 648 677 dictae
662 651 792 677 ecclesiae
801 672 808 680 .
824 652 941 685 jacentis
955 653 1027 687 apud
1042 653 1216 689 Ledeberqlie.
1238 654 1326 681 cidem
1338 656 1468 682 ecclesiae
1479 658 1627 693 assignavit
1640 664 1668 684 et

152 697 218 723 dane
231 703 259 724 et
275 698 430 724 deliberare
441 698 529 724 eidem
543 704 569 725 et
584 708 642 724 eam
655 698 689 724 ad
704 698 791 733 legem
808 700 912 734 patriae
927 700 953 725 in
968 700 1125 726 earumdem
1139 706 1275 728 terrarum
1290 704 1487 737 possessionem
1501 705 1611 731 minere
1623 715 1667 732 re-

152 745 286 780 promisit.
301 745 366 771 lnde
380 750 421 772 est
435 745 524 781 quod,
541 754 601 772 cum
613 745 754 780 praefatus
769 746 908 773 walterus
927 756 942 772 a
961 747 1095 773 Willelmo
1113 748 1222 774 domino
1238 749 1272 775 de
1286 749 1462 786 Ledeberqhe,
1477 751 1586 778 homine
1607 762 1666 779 meo

151 791 278 823 foedato,
290 792 381 819 adhuc
395 793 466 819 infra
480 802 566 819 annos
580 793 752 819 discretionis
761 794 912 819 constituto
925 795 1035 820 circiter
1046 795 1169 830 quinque
1183 796 1311 823 bonaria.
1324 806 1419 832 parum
1433 798 1494 833 plus
1508 798 1550 824 vel
1565 799 1668 826 minus.

152 843 242 865 terrae
250 839 367 873 jacentis
378 849 428 875 per
442 845 534 875 partes
545 845 598 866 tam
613 840 639 866 in
655 845 729 866 terra
743 839 840 866 arabili
857 850 939 875 quam
953 842 978 866 in
999 846 1077 876 prato
1090 842 1115 867 in
1132 842 1261 876 parochia
1274 843 1308 869 de
1321 844 1427 870 Pamela
1442 850 1549 872 teneret
1563 847 1589 872 in
1609 846 1666 873 seo-

150 885 230 918 dum,
246 890 275 912 et
289 895 374 912 uuum
385 887 531 913 dietarium
547 892 637 913 terrae
646 887 763 921 jacentis
776 887 803 912 iu
818 887 888 913 dicta
902 888 1030 923 parochia
1041 888 1075 914 ab
1087 889 1183 915 eodem
1199 890 1224 914 ll
1233 889 1335 916 illelmo
1351 892 1529 926 teneretjure
1542 892 1668 920 haeredi—

150 933 238 964 tario,
252 932 342 959 dictus
355 933 495 960 walterus
508 933 544 960 de
557 943 616 960 mea
633 938 660 960 et
676 933 777 960 Aliciae
790 935 883 960 uxoris
898 944 973 960 meae
991 934 1099 961 licentia
1119 941 1147 962 et
1166 945 1292 967 assensu„
1312 937 1338 962 in
1357 941 1511 973 praesentia
1526 939 1665 967 hominum

148 979 322 1006 feodatorum
334 981 400 1007 dicti
414 981 543 1007 willelmi
559 986 587 1007 et
607 981 781 1007 scabinorum
796 981 875 1008 villae
895 982 929 1008 de
946 982 1055 1008 l'amela
1066 1003 1074 1010 ,
1089 988 1143 1008 tam
1163 984 1301 1018 praedicta
1315 987 1438 1020 quinque
1451 986 1563 1012 bonaria
1583 997 1665 1023 quam

148 1027 294 1054 dietarium
310 1027 491 1063 praelibatum
506 1029 532 1054 in
548 1028 706 1062 manusjam
721 1028 786 1054 dicti
802 1028 928 1055 Willelmi
942 1029 1044 1055 domini
1057 1029 1091 1055 de
1106 1030 1281 1066 ledeberqlie7
1295 1036 1322 1057 et
1336 1032 1363 1057 in
1378 1042 1473 1059 manus
1484 1033 1616 1060 Bernardi
1632 1035 1665 1061 de

149 1074 257 1101 Pameta
271 1075 364 1102 militis
379 1095 386 1107 ⁷
400 1075 525 1101 advocati
541 1075 597 1107 sui,
616 1076 664 1111 qui
678 1075 819 1109 eijudicio
831 1075 972 1102 hominum
985 1086 1106 1102 meorum
1120 1077 1200 1103 datus
1211 1083 1253 1103 est.
1265 1078 1292 1104 in
1307 1079 1498 1106 mamburnum
1512 1082 1569 1107 sive
1582 1082 1666 1108 advo—

148 1127 253 1154 catum,
267 1123 459 1149 assistentibus
473 1123 600 1148 omnibus
613 1123 708 1148 liberis
720 1123 777 1149 suis
790 1128 816 1148 et
828 1123 892 1149 huic
906 1123 978 1149 sacto
1001 1132 1162 1150 consensum
1184 1134 1265 1151 suum
1284 1135 1411 1160 expressa
1432 1136 1498 1153 voce
1512 1128 1664 1155 adhibenti-

148 1169 200 1196 bus
214 1190 221 1201 ‚
236 1169 270 1196 ad
283 1179 354 1205 opus
363 1169 495 1196 ecclesiae
509 1170 661 1196 Ninivensis
673 1170 824 1205 reportavit
837 1175 864 1195 et
879 1171 1065 1205 werpitionem
1081 1171 1200 1197 debitam
1213 1171 1277 1197 inde
1295 1172 1359 1198 fecit
1373 1173 1453 1199 dictis
1466 1173 1622 1202 hominibus
1636 1182 1663 1203 et

148 1216 266 1243 scabinis
277 1237 285 1248 ‚
299 1217 349 1252 qui
361 1226 376 1242 a
389 1217 462 1243 dicto
474 1216 612 1243 wilielmo
625 1226 674 1252 per
688 1217 792 1243 dictum
804 1217 972 1243 Bernardum
988 1217 1099 1244 militem
1108 1238 1115 1249 ‚
1129 1218 1291 1245 advocatum
1304 1229 1399 1252 suum,
1413 1230 1497 1256 super
1509 1222 1560 1248 hoc
1570 1223 1664 1250 debito

149 1264 229 1290 modo
243 1269 272 1290 et
285 1273 361 1290 more
372 1264 523 1290 submoniti
538 1264 662 1297 fuerant,
673 1264 864 1299 judicantibus
876 1265 950 1300 qnod
966 1265 1107 1300 praefatus
1119 1265 1259 1292 walterus
1268 1267 1324 1301 jam
1333 1267 1406 1293 dicto
1419 1268 1555 1295 Willelmo
1563 1270 1662 1297 dictam

147 1316 249 1338 terram
261 1311 348 1338 libere
358 1317 387 1337 et
400 1312 505 1347 absque
516 1311 733 1338 contradictione
746 1312 838 1347 aliqua
853 1318 944 1347 posset
952 1314 1092 1348 resignare
1105 1318 1133 1338 et
1145 1322 1204 1339 eam
1217 1313 1283 1340 dare
1298 1314 1341 1340 vel
1353 1315 1472 1342 vendere
1487 1317 1600 1344 cuilibet
1611 1339 1619 1350 ‚
1635 1323 1662 1345 et

146 1358 221 1394 quod
229 1367 279 1385 uec
289 1359 347 1394 ipse
358 1368 408 1384 nec
416 1358 515 1394 aliquis
525 1358 676 1385 liberorum
685 1359 727 1385 vcl
737 1361 956 1394 propinquorum
967 1369 1091 1391 suorum,
1105 1359 1148 1386 vel
1157 1362 1301 1396 quisquam
1313 1361 1382 1387 alius
1393 1372 1425 1388 ex
1435 1368 1499 1389 tunc
1511 1364 1660 1400 quidquam

143 1406 216 1441 juris
227 1406 255 1432 in
268 1405 340 1432 dicta
354 1405 488 1432 baberent
501 1411 574 1432 terra
584 1427 591 1435 ,
607 1411 634 1432 et
648 1406 722 1441 quod
736 1406 805 1432 idem
823 1407 976 1433 willelmus
990 1417 1039 1442 per
1052 1407 1154 1433 dictum
1173 1407 1340 1434 Bernardum
1357 1409 1483 1437 militem.
1499 1411 1660 1438 advocatum

146 1463 227 1480 suum
239 1473 246 1485 ‚
262 1453 384 1479 eamdem
400 1458 500 1479 terram
515 1453 600 1479 libere
622 1458 713 1488 posset
731 1452 859 1479 conferre
880 1453 968 1480 dictae
983 1453 1114 1480 ecclesiae
1130 1454 1280 1480 Nimvensi.
1300 1455 1389 1491 Igitur
1405 1456 1494 1483 dictus
1508 1458 1661 1485 Wiltetmus

145 1500 244 1527 dictam
255 1505 357 1527 terram
365 1501 435 1526 sieut
444 1501 471 1526 in
483 1509 579 1526 manus
589 1510 652 1526 suas
662 1500 751 1526 suerat
764 1506 918 1536 reportata,
932 1507 959 1527 et
969 1502 1040 1527 sicut
1053 1511 1111 1527 eam
1123 1502 1149 1527 in
1165 1511 1246 1527 manu
1258 1511 1307 1528 sua
1320 1502 1406 1529 libere
1418 1504 1527 1530 tenebat
1541 1514 1591 1540 per
1605 1515 1661 1532 ma-

145 1557 210 1574 num
218 1547 284 1574 dicti
293 1547 422 1574 Bel-nardi
432 1547 534 1579 militis,
543 1547 667 1573 advocati
676 1548 730 1579 sui,
742 1548 769 1573 iu
778 1557 873 1574 manus
882 1548 1045 1574 venerabilis
1054 1549 1140 1583 patris
1148 1548 1189 1581 S„
1200 1548 1249 1575 Dei
1257 1550 1388 1584 patientia
1396 1550 1503 1576 abbatis
1510 1551 1544 1577 de
1553 1552 1658 1585 Ninive,

147 1594 182 1621 ad
195 1603 266 1630 opus
277 1593 366 1620 dictae
377 1593 508 1620 ecclesiae
519 1594 672 1620 Ninivensis
685 1594 801 1620 contulit
813 1615 820 1625 ‚
831 1595 896 1628 jure
913 1594 1097 1621 haereditario
1111 1600 1246 1630 perpetuo
1257 1595 1291 1622 ab
1307 1605 1339 1622 eo
1354 1597 1498 1623 tenendam
1511 1599 1563 1624 sub
1577 1608 1659 1626 sensu

144 1641 241 1677 viginti
255 1641 337 1667 unius
351 1640 527 1666 denariorum
543 1640 760 1667 Bruxellensium
774 1661 781 1673 ,
797 1641 831 1667 de
849 1641 951 1676 q'uibus
971 1641 1102 1668 tredecim
1127 1642 1200 1668 dicto
1219 1642 1356 1669 Willelmo
1377 1648 1404 1669 et
1427 1649 1488 1670 octo
1508 1652 1658 1673 memorato

146 1688 270 1714 Waltero
283 1687 397 1724 singulis
411 1688 488 1713 annis
502 1687 536 1713 ad
550 1687 649 1714 festum
661 1689 748 1714 sancti
760 1688 876 1714 Bavonis
889 1688 990 1714 debent
1005 1689 1072 1715 solvi
1082 1710 1089 1721 ,
1104 1694 1131 1715 et
1144 1699 1229 1725 super
1243 1689 1316 1716 dicta
1335 1695 1407 1717 terra
1419 1691 1489 1718 idem
1504 1692 1659 1721 Willelmus

145 1745 195 1772 per
205 1735 307 1762 dictum
319 1735 349 1761 B.
364 1735 476 1761 militem
489 1735 650 1761 advocatum
664 1745 744 1762 suum
763 1741 858 1762 contra
877 1745 971 1762 omnes
985 1737 1043 1770 juri
1059 1746 1156 1772 parere
1177 1737 1300 1763 nolentes
1315 1737 1462 1774 legitimam
1476 1741 1658 1775 garandisiam

144 1783 314 1819 repromisit,
327 1783 555 1818 quotiescumque
567 1792 677 1809 necesse
692 1783 791 1816 suerit,
807 1783 895 1810 eidem
907 1783 1037 1810 ecclesiae
1047 1794 1063 1810 a
1075 1794 1104 1810 se
1117 1790 1145 1810 et
1155 1785 1362 1812 successoribus
1375 1787 1432 1812 suis
1447 1786 1547 1814 suturis
1557 1793 1658 1825 tempo-

144 1830 222 1857 ribus
235 1831 263 1857 in
276 1836 442 1866 perpetuum
453 1830 645 1857 exhibendam.
659 1830 803 1857 praetatus
817 1840 882 1857 vero
896 1831 1037 1858 walnerus
1048 1832 1121 1858 dicta
1135 1832 1186 1858 tria
1200 1832 1314 1858 bonaria
1329 1838 1420 1859 terrae
1429 1843 1501 1869 quae
1513 1836 1619 1871 accepit
1630 1837 1656 1863 in

143 1878 331 1904 concambium
343 1877 378 1903 ab
385 1877 499 1904 ecclesia
510 1883 658 1904 memorata
669 1879 695 1904 in
710 1888 804 1904 manus
818 1878 883 1904 dicti
895 1878 1024 1905 Willetmi
1043 1879 1144 1905 domini
1155 1879 1189 1906 de
1205 1879 1364 1916 Ledeberylze
1379 1881 1497 1915 obtulit,
1515 1888 1542 1908 et
1556 1892 1587 1909 ea
1597 1883 1656 1911 loco

143 1925 279 1952 dictorum
290 1925 413 1960 quinque
425 1925 602 1951 bonariorum
615 1934 677 1951 cum
691 1930 852 1961 praenotato
862 1935 944 1951 censu
956 1931 1018 1952 octo
1031 1926 1205 1952 denariorum
1217 1926 1434 1953 Bruxellensium
1449 1928 1482 1954 de
1495 1938 1576 1955 manu
1589 1930 1659 1964 ejus-

143 1972 242 1998 demin
253 1971 362 1998 feodum
377 1972 491 2007 recepit.
504 1972 649 1998 Praeterea
662 1972 831 2007 praelibatus
840 1972 980 1998 Walterus
991 1972 1024 1998 de
1034 1972 1182 2008 Lapidibus
1190 1974 1299 1999 circiter
1306 1979 1427 2009 quatuor
1437 1974 1550 2002 bonaria
1560 1986 1655 2011 parum

144 2019 208 2055 plus
221 2019 264 2046 vel
274 2020 363 2045 minus
377 2025 467 2045 terrae
477 2019 594 2053 jacentis
609 2019 635 2045 in
646 2019 718 2045 dicta
729 2019 858 2055 parochia
869 2019 903 2045 de
917 2019 1024 2046 Pamela
1034 2041 1041 2051 ,
1055 2029 1137 2055 quam
1152 2020 1333 2047 haereditarie
1347 2021 1459 2047 tenebat
1475 2032 1491 2048 a
1505 2023 1611 2050 nasone
1623 2024 1657 2050 de

143 2065 252 2102 Capella
265 2071 293 2092 et
307 2075 389 2102 quam
404 2071 505 2092 terram
515 2066 586 2092 idem
600 2066 670 2092 Raso
681 2076 696 2092 a
710 2066 783 2092 dicto
799 2066 950 2098 willelmo7
967 2066 1076 2093 domino
1087 2067 1121 2093 de
1130 2067 1306 2104 Ledeberyhe,
1323 2068 1432 2094 tenebat
1446 2069 1472 2094 in
1488 2068 1613 2102 feodum„
1629 2072 1655 2097 in

143 2113 298 2150 praesentia
308 2113 445 2140 dictorum
457 2113 597 2139 hominum
611 2118 639 2140 et
651 2113 826 2140 scabinorum
837 2135 844 2146 ⁷
857 2114 891 2140 de
901 2114 1041 2140 voluntate
1055 2119 1082 2140 et
1094 2124 1205 2141 assensu
1215 2115 1350 2141 dictorum
1361 2115 1511 2142 liberorum
1523 2126 1636 2144 suorum
1647 2140 1653 2147 ,

143 2161 178 2187 ad
187 2169 257 2196 opus
265 2160 354 2186 dictae
363 2160 493 2187 ecclesiae
504 2160 656 2187 Ninivensis
665 2162 690 2187 in
701 2161 858 2195 manusjam
870 2161 934 2188 dicti
944 2161 1058 2188 Rasonis
1068 2163 1220 2197 reportavit
1231 2168 1258 2188 et
1269 2163 1455 2198 wei-pitionem
1465 2163 1584 2191 debitam
1593 2166 1656 2193 inde

142 2207 207 2234 fecit
221 2228 228 2239 ,
244 2206 323 2233 dictis
336 2206 494 2233 hominibus
514 2212 542 2233 et
557 2207 675 2234 scabinis
697 2207 744 2243 qui
759 2217 844 2243 super
857 2208 909 2234 hoc
923 2207 1071 2234 submoniti
1086 2207 1196 2235 fuerant
1215 2218 1230 2235 a
1242 2209 1316 2235 dicto
1337 2209 1474 2236 Willelmo
1487 2220 1538 2245 per
1550 2211 1653 2239 dictum

143 2253 311 2280 Rei-nardum
326 2253 437 2279 militem
453 2253 615 2279 advocatum
630 2263 710 2280 suum
727 2254 916 2288 judicantibus
927 2275 934 2285 ,
954 2254 1028 2290 quod
1047 2255 1136 2282 dictus
1150 2255 1289 2281 Walterus
1305 2255 1392 2282 iibere
1407 2261 1434 2282 et
1445 2257 1570 2285 absolute
1589 2259 1655 2287 dare

143 2300 185 2328 vel
199 2300 320 2327 vendere
333 2304 426 2335 posset
437 2299 550 2326 cuilibet
568 2299 667 2326 dictam
680 2305 796 2332 terram,
812 2306 839 2327 et
852 2300 927 2336 quod
942 2310 992 2328 nec
1011 2302 1068 2337 ipse
1083 2311 1133 2328 nec
1149 2301 1248 2338 aliquis
1262 2302 1412 2328 liberorum
1425 2303 1467 2330 vel
1485 2305 1656 2342 propinquo-

143 2357 204 2375 rum
218 2356 346 2379 suorum,
362 2346 404 2373 vel
418 2347 563 2382 quisquam
576 2346 646 2373 alius
661 2356 692 2373 ex
707 2353 771 2374 tunc
784 2347 886 2383 aliquid
898 2348 970 2382 juris
983 2349 1010 2375 in
1021 2348 1092 2375 dicta
1107 2354 1180 2375 terra
1194 2348 1339 2379 haberent,
1355 2355 1382 2376 et
1396 2350 1469 2385 quod
1480 2351 1570 2379 dictus
1582 2353 1653 2380 Raso

141 2395 263 2423 eamdem
273 2399 375 2421 terram
386 2393 472 2420 libere
481 2399 573 2429 posset
583 2394 710 2420 conferre
722 2394 810 2420 dictae
823 2394 954 2421 ecclesiae
968 2395 1116 2422 Niuivensi.
1127 2395 1224 2431 Itaque
1231 2396 1357 2422 dominus
1366 2396 1436 2423 Raso
1445 2397 1543 2425 dictam
1553 2405 1654 2427 terram

141 2443 211 2469 sicut
225 2442 252 2468 in
266 2450 362 2467 manus
377 2449 440 2467 suas
461 2440 552 2467 suerat
569 2440 668 2467 collata
681 2446 708 2467 et
722 2443 793 2467 sicut
808 2450 865 2467 eam
878 2441 965 2468 libere
981 2442 1008 2468 in
1021 2452 1104 2468 manu
1121 2452 1172 2468 sua
1185 2443 1296 2469 tenebat
1312 2443 1339 2468 in
1353 2453 1449 2470 manus
1459 2444 1524 2472 dicti
1540 2456 1655 2474 venera—

140 2489 203 2516 bilis
210 2489 295 2524 patris
303 2488 331 2515 S.
339 2509 345 2518 ,
354 2488 403 2514 Dei
417 2489 546 2523 patientia
557 2488 664 2515 abbatis
675 2488 709 2515 de
718 2489 822 2520 Ninive,
835 2489 868 2515 ad
881 2499 950 2524 opus
962 2489 1050 2516 dictae
1059 2490 1190 2516 ecclesiae
1198 2490 1360 2523 Niuiveusis,
1371 2491 1488 2518 contulit
1501 2493 1535 2519 ab
1549 2495 1653 2529 eojure

141 2536 325 2563 haereditario
340 2540 475 2571 perpetuo
487 2535 675 2571 possidendam
687 2557 693 2569 ,
707 2536 759 2562 sub
770 2546 861 2563 annuo
875 2546 957 2563 censu
969 2543 1030 2564 octo
1044 2537 1219 2564 denariorum
1232 2537 1446 2566 Bruxellensium
1455 2561 1462 2572 ,
1474 2541 1500 2566 in
1514 2541 1557 2568 die
1568 2545 1654 2569 sancti
