2118 3184
748 390 1036 426 APPENDICES.
1583 390 1655 426 855

136 501 289 527 debebatur
299 501 428 528 ecclesiae
438 506 466 528 et
478 499 629 527 censusille
638 508 719 535 quem
733 498 798 525 mihi
811 499 884 525 dicta
896 498 1021 528 ecclesia,
1033 498 1113 524 sicuti
1122 497 1304 534 praelibatum
1313 503 1366 530 est,
1379 497 1549 526 conserebat.
1559 507 1654 525 secun-

137 549 202 574 dum
215 557 306 574 veram
320 548 533 574 aestimationem
544 546 666 581 ejusdem
678 551 770 572 essent
784 545 928 577 valentiae,
941 554 1052 572 censum
1063 545 1152 580 ipsum
1164 566 1171 577 ‚
1186 545 1213 571 in
1226 554 1282 581 quo
1292 545 1357 571 mihi
1371 545 1518 572 tenebatur
1526 545 1652 572 ecclesia.

136 596 170 622 de
181 596 291 631 speciali
301 604 413 622 assensu
425 595 524 621 nobilis
534 599 674 621 matronae
687 593 821 628 Sophiae,
837 593 932 619 matris
943 601 1017 619 meae
1029 592 1213 619 Bruxellensis
1223 593 1399 625 castellanae,
1412 593 1436 619 ei
1447 593 1538 619 remisi
1550 593 1577 619 in
1592 601 1655 628 per-

137 648 251 678 petuum
262 663 270 673 ,
289 647 318 668 et
331 642 388 677 ipsa
402 641 580 667 nibilominus
592 640 706 667 ecclesia
722 649 835 666 censum
849 639 925 665 illum
935 660 943 671 ,
961 640 987 665 in
1000 647 1056 675 quo
1067 640 1092 665 ei
1106 639 1246 675 obligatus
1258 640 1413 666 exstiteram
1426 639 1490 666 mihi
1504 640 1563 666 vice
1575 648 1653 666 versa

136 690 223 716 libere
230 694 257 716 et
270 688 395 715 absolute
406 688 510 714 remisit
518 697 567 714 sua
575 687 695 724 gratuita
705 686 856 713 voluntate.
871 686 942 712 Neve
954 686 1039 722 igitur
1052 686 1103 712 ista
1113 696 1184 722 quae
1197 687 1366 722 praescripta
1377 692 1441 713 sunt
1451 707 1459 719 ‚
1475 692 1503 713 et
1515 687 1593 722 quasi
1605 696 1654 722 per

136 736 323 763 concambium
337 735 457 772 legitime
471 735 541 762 saeta
555 736 581 761 in
603 734 728 760 futurum
745 734 780 760 ab
793 733 886 769 aliquo
900 733 1038 759 ullatenus
1057 734 1231 760 infirmentur
1242 755 1249 763 ,
1266 743 1396 769 praesens
1412 735 1545 770 scriptum
1564 734 1654 770 sigillo

138 792 198 810 meo
209 792 271 810 eum
283 782 374 818 sigillo
388 782 544 818 praedictae
563 782 682 818 Sophiae
693 803 700 814 ‚
717 782 812 808 matris
831 790 921 813 meae,
941 782 968 807 in
988 782 1173 808 testimonium
1193 786 1221 808 et
1233 782 1467 808 confirmationem
1488 782 1552 808 sacti
1572 782 1655 815 hujus

136 829 229 857 studui
243 831 416 866 consignare.
433 830 528 856 Actum
544 838 615 856 anno
628 829 733 865 gratiae
746 828 914 855 MCCXXVH
926 849 933 861 ‚
948 828 1082 854 dominica
1096 833 1158 864 post
1170 834 1266 855 octava
1280 828 1448 864 Epiphaniae
1461 829 1482 854 ¹.

1187 895 1309 927 original,
1323 903 1391 920 sceau
1407 895 1504 919 de'truit.

823 1108 970 1142 CXLVI.

138 1188 174 1222 J.
203 1190 246 1222 de
270 1187 480 1230 Hauterice,
500 1187 723 1222 archidiae-re
748 1187 789 1220 de
808 1186 924 1234 Lieye,
953 1192 986 1220 et
1006 1185 1049 1220 G.
1054 1212 1065 1228 ‚
1093 1186 1205 1232 doyen
1228 1184 1268 1218 de
1287 1183 1457 1226 Flemus,
1478 1184 1655 1218 declarent

188 1246 344 1292 qu'Arn.
361 1246 536 1281 Rosseaus
548 1259 569 1279 α
584 1245 703 1280 donne'
713 1243 735 1279 ἀ
748 1245 769 1278 Γ
771 1245 904 1291 abbaye
920 1245 955 1278 la
967 1249 1058 1291 part
1069 1243 1157 1290 qu’il
1172 1244 1271 1276 avait
1285 1242 1326 1276 de
1344 1242 1377 1275 la
1391 1241 1485 1283 dime
1499 1243 1539 1276 (Ie
1557 1241 1599 1276 H
1597 1255 1655 1277 ou-

188 1303 300 1338 chain.
322 1325 369 1330 --
388 1304 588 1339 Rzmnsn'r.

783 1455 800 1475 A
811 1452 909 1476 Fleurus
920 1469 926 1475 .
941 1452 1012 1476 1227.

175 1525 201 1552 J·
217 1525 251 1552 de
266 1525 326 1551 Alta
345 1525 428 1560 Ripa.
445 1525 494 1551 Dei
512 1525 617 1561 gratia,
637 1524 794 1551 Leodiensis
813 1523 1035 1555 archidiaconus,
1055 1528 1083 1549 et
1097 1523 1142 1556 G.,
1162 1522 1270 1549 concilii
1290 1522 1425 1549 Flerensis
1443 1521 1581 1553 decanus,
1601 1528 1655 1548 tam

139 1573 241 1600 suturis
251 1582 331 1609 quam
347 1573 538 1608 praesentibus
551 1573 577 1598 in
591 1572 705 1598 Domino
719 1571 845 1598 salutem.
866 1571 977 1597 Noverit
988 1570 1154 1597 universitas
1170 1575 1274 1603 vestra,
1290 1570 1364 1606 quod
1376 1570 1513 1597 Arnoldus
1530 1571 1657 1597 Rosseaus

138 1620 173 1646 de
187 1619 325 1646 Houtliain
337 1628 442 1645 omnem
458 1620 611 1654 portionem
626 1628 708 1655 quam
721 1617 841 1644 hahebat
853 1618 880 1643 in
893 1617 997 1644 decima
1009 1617 1043 1644 de
1055 1617 1210 1651 Houtlzain,
1224 1618 1334 1644 nomine
1345 1617 1525 1649 venditionis,
1541 1617 1657 1644 contulit

138 1669 165 1694 in
183 1667 382 1703 eleemosynam
396 1667 526 1694 ecclesiae
544 1667 693 1694 Ninivensi.
709 1666 745 1693 [t
758 1670 850 1692 autem
862 1665 915 1692 hoc
927 1664 1029 1692 sactum
1042 1670 1133 1692 ratum
1148 1666 1174 1691 in
1190 1670 1332 1700 posterum
1349 1671 1545 1697 conservetur,
1561 1664 1658 1700 sigillis

139 1716 241 1742 nostris
256 1720 427 1751 praesentem
449 1715 575 1751 paginam
596 1715 787 1741 roboravimus
796 1734 803 1745 ,
827 1713 943 1740 testibus
968 1713 1016 1749 qui
1036 1712 1226 1739 interfuerunt
1248 1713 1412 1739 subnotatis.
1436 1712 1465 1739 S.
1485 1712 1599 1739 Gerardi
1623 1712 1657 1738 de

140 1762 240 1789 Sancto
254 1761 398 1796 Amando3
414 1761 537 1788 Severini
551 1761 585 1788 de
599 1760 739 1787 Iloutlmin
750 1772 758 1790 ;
771 1759 864 1786 Alardi
878 1759 912 1786 de
924 1759 1074 1790 Falisules5
1085 1760 1159 1786 Petri
1172 1759 1206 1786 ‹le
1219 1758 1359 1785 Houthain
1369 1771 1378 1790 ,-
1388 1759 1521 1786 Johannis
1532 1759 1566 1786 de
1584 1759 1660 1785 Wal—

140 1813 255 1836 ransart.
268 1809 364 1835 Actum
378 1818 450 1835 anno
461 1808 568 1835 Domini
579 1807 747 1835 MCCXXVII
759 1828 765 1839 ‚
778 1807 804 1833 in
816 1806 931 1833 ecclesia
939 1806 1011 1842 apud
1025 1806 1133 1841 Flet-us,
1148 1808 1175 1833 iu
1186 1806 1230 1833 die
1246 1806 1342 1833 beatae
1355 1806 1457 1833 Mariae
1468 1806 1656 1842 Magdalenae.

1167 1871 1275 1903 Original
1284 1890 1290 1901 ,
1305 1878 1391 1896 sceaux
1404 1871 1499 1903 perdus.

819 2082 968 2118 CXLVII
976 2109 983 2116 .

144 2164 190 2198 Le
194 2176 288 2211 pape
304 2163 468 2211 Gre'qoire
481 2162 537 2197 IX
548 2162 714 2208 confirmo
723 2162 769 2197 les
777 2161 962 2210 prz'vz'leyes
974 2166 1007 2195 et
1019 2160 1065 2195 les
1077 2160 1282 2195 immunite's
1295 2160 1336 2195 de
1349 2159 1651 2207 l'ahbaye.-D1v.

795 2321 812 2342 Α
825 2318 920 2342 Orvieto
929 2336 936 2349 ,
949 2319 1022 2342 1227.

181 2392 329 2428 Gregorius
339 2392 484 2427 episcopus
493 2412 500 2423 ‚
513 2400 609 2417 servus
622 2399 765 2418 servorum
775 2390 837 2423 Dei,
849 2390 956 2416 dilectis
967 2390 1030 2416 filiis
1040 2390 1132 2416 abbati
1143 2394 1171 2416 et
1182 2389 1329 2416 conventui
1339 2389 1497 2415 monasterii
1505 2388 1539 2414 tle
1550 2388 1654 2419 Niniveff

144 2440 419 2467 praemonstratensis
435 2438 552 2471 ordinis,
568 2437 768 2465 Cameracensis
783 2437 914 2464 dioecesis
924 2458 930 2470 ‚
948 2436 1064 2464 salutem
1084 2442 1111 2464 et
1124 2435 1299 2472 apostolicam
1318 2436 1545 2463 benedictionem.
1561 2435 1625 2462 Cum
1641 2446 1656 2462 a

171 2518 175 2528 '
195 2516 224 2536 Le
235 2514 350 2535 cartutnire
362 2513 388 2534 de
401 2514 490 2534 munes
503 2512 576 2534 donne
586 2521 614 2533 un
628 2513 710 2534 double
720 2512 746 2533 de
757 2520 780 2533 ce
789 2512 892 2541 diptdme.
