2118 3184
790 445 1078 480 APPFNDICES.
1622 448 1691 482 9:37

171 554 281 578 omnino
298 553 400 588 exigam
416 562 500 588 snper
513 553 614 589 quibus
624 553 751 579 omnibus
765 553 843 579 dictis
856 554 1007 588 religiosis.
1025 554 1117 580 abbati
1135 559 1161 580 et
1177 555 1324 580 conventui
1340 564 1370 580 ac
1384 555 1562 583 monasterio,
1583 555 1693 589 promisi

171 599 269 625 honam
286 600 472 627 warandisiam
487 605 582 627 contra
596 609 690 626 onmes
704 600 736 626 ad
747 601 794 634 jus
808 606 834 627 et
849 596 919 627 dic-m
935 601 1057 627 volentes
1071 602 1166 627 venire
1178 623 1184 631 ,
1201 601 1233 627 ad
1249 611 1330 637 quam
1343 603 1424 628 etiam
1439 601 1625 629 warandisiam
1639 611 1692 627 om-

171 656 219 672 nes
232 656 402 673 successoros
417 657 489 673 meos
504 652 637 683 quantum
656 647 732 682 potui
748 647 788 673 vol
802 647 884 673 debui
899 648 932 673 do.
946 649 1010 681 jure
1028 648 1157 684 obligavi.
1174 649 1318 675 Praeterea
1331 649 1419 675 dictos
1434 648 1577 685 religiosos
1591 658 1622 675 ac
1636 658 1693 674 mo-

173 695 321 720 nasterium
336 695 362 721 in
379 700 435 721 tota
449 700 523 721 terra
538 695 676 730 praedicta
694 704 724 720 ac
740 696 819 721 otiam
839 701 896 721 toto
908 697 973 728 jure
992 697 1141 731 praemisso
1164 696 1282 731 legitime
1305 696 1448 722 haeredari
1462 701 1489 722 ct
1505 697 1626 722 investiri
1643 694 1692 722 feci

172 750 222 776 per
235 741 386 768 Gerardnm
400 741 434 767 de
449 741 591 775 Boenlaer,
606 741 735 767 ballivum
751 751 839 768 meum
852 763 858 771 ,
871 752 901 768 ac
914 752 962 777 per
978 743 1102 769 scabinos
1119 752 1192 769 meos
1206 743 1240 769 (le
1258 744 1341 770 ΟιιΙι-ε·
1352 744 1523 779 subscriptos
1535 743 1693 778 saepedicto

172 788 294 815 Gerardo
306 788 427 824 Srnlsere
437 793 520 814 totam
536 793 636 814 terram
652 788 818 823 praedictam
831 798 891 814 cum
906 790 977 815 omni
988 790 1052 822 jure
1066 789 1140 825 quod
1154 790 1179 815 in
1192 799 1222 816 ea
1238 790 1355 817 habebat
1371 791 1396 816 in
1411 800 1506 816 mamis
1520 790 1584 816 dicti
1601 789 1693 815 ballivi

174 835 224 862 mei
237 840 396 870 reportante
406 840 432 861 et
445 834 701 869 sestucalijactione
715 836 901 864 renuntiante,
914 836 1043 862 adhibitis
1056 837 1115 862 aliis
1128 836 1348 863 solemnitatibus
1362 846 1433 872 quae
1446 836 1693 872 secundnmlegem

173 887 200 908 et
215 891 294 908 usum
305 883 409 917 patriae
423 882 448 908 in
465 882 565 908 talibus
578 882 667 908 solent
683 892 713 909 ac
727 883 828 909 debent
842 883 978 910 adhiberi.
995 884 1060 909 ltem
1076 889 1171 910 uotum
1189 884 1258 910 facio
1273 885 1347 920 quod
1358 905 1365 915 ‚
1377 894 1438 910 cum
1459 884 1592 911 llenricus
1604 884 1694 910 dictus

176 929 267 965 Koqlie
281 929 400 955 dedisset
419 939 467 956 scu
484 930 645 956 contulisset
659 930 738 956 dictis
759 931 893 965 religiosis
907 931 998 957 abbati
1019 936 1045 957 ct
1067 932 1214 957 conventui
1235 941 1265 957 ac
1285 932 1450 957 monasterio
1465 929 1624 957 eorumdem
1644 931 1695 956 tria

169 977 293 1009 jon-naria
303 997 309 1002 .
323 986 418 1012 parum
431 976 492 1012 plns
503 977 545 1003 vel
558 978 656 1006 minus,
668 977 738 1012 prati
747 977 864 1011 jacentis
875 978 900 1003 in
916 978 974 1003 loco
989 978 1036 1013 qui
1047 978 1148 1004 dicitur
1165 978 1396 1011 ls1'zver·hr0nch‚i11
1407 978 1526 1003 dominio
1536 987 1595 1004 meo
1608 978 1634 1003 in
1645 986 1696 1012 pu-

172 1033 229 1050 ram
241 1028 267 1050 et
282 1029 443 1059 perpetuam
456 1024 655 1059 eleemosynam
667 1045 673 1052 .
683 1034 735 1060 ego
748 1030 801 1050 tam
814 1025 883 1050 lianc
897 1024 1097 1059 eleemosynam
1110 1034 1191 1060 quam
1203 1024 1306 1050 dictum
1318 1030 1489 1051 contractum
1501 1030 1528 1050 et
1542 1025 1631 1050 omnia
1643 1024 1694 1050 alia

174 1071 410 1106 praemissalando
420 1092 425 1101 .,
437 1071 561 1106 approbo
570 1076 596 1097 et
606 1072 738 1097 confirmo
747 1092 753 1102 ,
766 1072 847 1097 salvis
862 1081 916 1097 unu
928 1072 1039 1097 dimidio
1052 1072 1170 1097 sextario
1184 1081 1285 1097 avenae
1295 1076 1321 1097 el.
1333 1080 1388 1097 uno
1400 1081 1503 1106 caponc
1516 1071 1578 1097 mihi
1594 1076 1620 1097 et
1632 1081 1695 1097 suc-

174 1119 328 1144 cessoribus
337 1119 414 1150 meis,
427 1119 534 1145 nomine
542 1119 625 1144 annui
637 1128 667 1145 ac
679 1120 804 1154 perpetui
813 1128 921 1147 census,
934 1119 967 1145 de
976 1119 1049 1145 dicto
1060 1124 1139 1154 prato
1149 1128 1163 1144 a
1175 1118 1255 1145 dictis
1267 1118 1402 1154 religiosis
1412 1118 1511 1144 abbate
1520 1123 1547 1144 (et.
1557 1123 1694 1144 conventu

173 1165 273 1192 debitis
284 1171 311 1191 et
320 1165 459 1191 annuatim
469 1166 494 1191 in
506 1166 588 1191 natali
600 1166 706 1192 Domini
717 1166 854 1192 solvendis
865 1187 871 1196 ,
885 1171 911 1192 et
922 1166 1031 1201 promisi
1043 1166 1123 1192 etiam
1135 1166 1206 1191 bona
1216 1165 1269 1191 side
1278 1165 1357 1192 dictis
1366 1164 1501 1200 religiosis
1514 1165 1588 1200 quod
1599 1170 1694 1191 contra

175 1212 323 1247 praemissa
341 1222 389 1238 seu
408 1212 519 1248 aliquod
541 1213 751 1247 praemissorum
771 1222 819 1248 per
839 1222 880 1238 me
903 1212 943 1239 vel
964 1221 1013 1247 per
1030 1212 1096 1238 alios
1118 1221 1308 1247 quoscumque
1328 1212 1450 1238 venirem
1468 1212 1511 1238 vel
1530 1216 1694 1238 attentarem

175 1259 250 1285 nullo
266 1259 345 1285 modo
364 1268 413 1285 nec
432 1259 534 1294 aliquid
554 1260 623 1293 juris
640 1264 735 1286 contra
750 1269 780 1286 ea
795 1259 941 1295 allegarem
954 1280 960 1289 ,
983 1259 1064 1285 salvis
1078 1259 1210 1285 duntaxat
1221 1259 1329 1292 justitia
1347 1263 1373 1284 et
1393 1258 1521 1284 censibus
1537 1258 1696 1293 praedictis.

174 1306 269 1332 Testes
286 1306 320 1332 ad
334 1307 481 1341 praemissa
498 1307 585 1332 vocati
600 1306 713 1332 fuerunt
732 1306 858 1332 dominus
878 1306 1034 1338 Jollannes⁷
1051 1306 1136 1332 abbas
1154 1305 1311 1340 praedictus
1322 1325 1328 1337 ,
1349 1304 1435 1331 frater
1449 1304 1605 1337 Gerardus,
1623 1305 1696 1331 filius

175 1353 308 1379 johannis
327 1353 528 1379 Barbitonsoris
538 1374 544 1385 ‚
563 1352 748 1379 subdiaconus
763 1353 915 1379 Ninivensis
925 1373 932 1384 ,
947 1357 974 1379 et
992 1353 1078 1378 frater
1093 1352 1247 1378 Willetmus
1260 1373 1266 1384 ,
1285 1361 1451 1384 conversus,
1467 1352 1596 1388 magister
1610 1353 1697 1378 curtis

173 1400 207 1426 de
229 1399 380 1425 liubroucla.
402 1400 469 1425 Item
489 1399 599 1426 Colinus
619 1400 654 1425 de
672 1400 789 1435 Asplaer
800 1421 807 1431 ,
833 1400 970 1426 Walterus
993 1400 1026 1425 de
1048 1399 1232 1432 Betcebronclt,
1258 1399 1397 1425 Woitinus
1416 1399 1450 1425 de
1471 1404 1548 1425 extra
1570 1399 1675 1425 curiam
1689 1420 1695 1427 ,

178 1446 305 1483 lVedeqhe
314 1446 348 1472 de
355 1446 473 1478 Lzbbelce,
486 1446 630 1478 Henricus,
644 1446 734 1473 dictus
748 1446 865 1480 llallz'uc,
878 1446 1007 1481 Aegidius
1017 1446 1051 1472 de
1065 1445 1216 1472 oesterzele.
1227 1446 1274 1471 Isti
1285 1455 1378 1472 omnes
1390 1451 1420 1472 ut
1431 1446 1545 1478 scabini,
1559 1450 1586 1472 et
1597 1446 1697 1472 Gerar-

174 1494 226 1520 dus
236 1494 270 1521 de
281 1494 397 1520 Boeular
406 1494 570 1520 utballivus.
587 1494 666 1526 Item,
682 1500 766 1521 testes
777 1494 925 1525 Gosuinus,
941 1494 1030 1520 dictus
1040 1493 1198 1519 Palmetmre
1208 1514 1214 1526 ,
1228 1493 1357 1524 Thomas,
1370 1493 1460 1519 dictus
1470 1492 1600 1529 Hoycarl7
1616 1493 1698 1529 Aegi-

176 1542 248 1573 dius,
263 1542 353 1567 dictus
366 1540 497 1577 Ioncart,
512 1546 539 1567 et
553 1541 697 1573 Henricus,
714 1541 803 1568 dictus
814 1541 924 1577 Moyere,
940 1541 1105 1577 adquorum
1120 1541 1239 1566 omnium
1254 1541 1438 1566 testimonium
1451 1545 1478 1566 et
1492 1541 1630 1566 munimen
1647 1549 1697 1576 ego

180 1589 318 1615 Walterus
332 1589 366 1614 de
381 1588 475 1614 Pollar
485 1609 492 1621 ,
507 1588 634 1614 dominus
648 1588 682 1614 dc
700 1588 782 1615 Oulre
796 1588 953 1624 praedictus
967 1589 1045 1614 istam
1060 1592 1162 1614 cartam
1184 1587 1247 1613 dedi
1263 1587 1343 1613 dictis
1356 1587 1447 1613 abbati
1462 1592 1489 1613 et
1503 1588 1650 1613 conventui
1668 1596 1699 1612 ac

178 1636 344 1663 monasterio
362 1645 473 1669 eorum‚
493 1645 552 1663 meo
574 1638 686 1672 proprio
704 1636 793 1672 sigillo
811 1636 966 1672 sigillatam.
983 1636 1079 1662 Actum
1094 1640 1121 1661 et
1135 1635 1229 1661 datum
1242 1644 1314 1661 anno
1327 1634 1435 1660 Domini
1447 1634 1694 1666 MCCLXXXVHL

178 1693 270 1710 mense
283 1683 406 1710 Octobri.

1174 1728 1281 1760 Original
1291 1747 1297 1752 .
1310 1736 1379 1752 sceau
1392 1736 1421 1752 en
1435 1728 1482 1752 cire
1494 1733 1566 1752 verte.

850 2010 1028 2044 CCLXIX.

181 2091 333 2138 Erasme
354 2103 395 2137 de
425 2102 541 2137 Gavre
563 2108 594 2136 et
617 2114 680 2136 son
705 2101 762 2148 fils
785 2107 1008 2149 approuvent
1030 2107 1062 2136 et
1086 2101 1296 2147 confirment
1318 2101 1353 2135 la
1373 2102 1542 2136 donatz'on
1565 2103 1652 2148 faite
1675 2102 1698 2137 (ὶ

228 2163 385 2208 l’ahhaye
397 2162 505 2196 d'zme
514 2163 633 2208 partie
647 2161 687 2195 de
696 2162 779 2208 pre',
794 2160 950 2195 ozomme'e
960 2160 1476 2195 Veroetmeersclr—Armnzes
1487 2174 1646 2196 mvmzssss.

905 2335 976 2359 1288.

220 2418 276 2454 Ego
290 2418 360 2444 Raso
373 2417 407 2444 de
420 2417 540 2451 (lavem,
556 2418 683 2444 dominus
696 2417 730 2444 de
746 2417 914 2443 Liedekerke
929 2422 955 2443 et
969 2417 1004 2443 de
1021 2416 1106 2443 Breda
1116 2438 1122 2449 ,
1140 2421 1234 2442 notum
1250 2416 1319 2442 facio
1334 2417 1526 2452 praesentibus
1540 2422 1566 2444 et
1582 2417 1682 2444 futuris
1693 2439 1699 2450 ‚

181 2465 255 2502 quod
270 2474 331 2491 cum
345 2465 380 2491 ob
391 2470 530 2491 aeternam
546 2465 661 2492 salutem
673 2474 744 2501 quae
759 2465 785 2491 in
802 2464 910 2490 Christo
925 2469 966 2491 est
983 2464 1099 2491 feliciter
1111 2464 1288 2490 obtinendam
1299 2485 1306 2497 ,
1319 2464 1446 2490 dominus
1457 2464 1608 2498 Arnoldus,
1626 2466 1702 2492 miles

179 2512 213 2539 de
225 2512 374 2539 Lombecca
385 2533 391 2543 ,
410 2512 574 2539 castellanus
585 2533 591 2544 ,
604 2517 631 2539 et
648 2522 716 2539 uxor
730 2522 779 2539 sua
792 2512 961 2545 machtildis,
977 2513 1037 2548 piae
1051 2513 1116 2538 moti
1130 2512 1283 2538 devotionis
1294 2512 1393 2538 affectu
1403 2533 1410 2545 ‚
1429 2512 1575 2539 bonarium
1590 2514 1660 2549 prati
1675 2519 1702 2540 et

182 2559 323 2586 dimidium
335 2559 445 2594 jornale
458 2564 505 2586 aut
514 2560 634 2592 circiter,
646 2559 719 2595 quod
735 2564 843 2594 pratum
852 2559 954 2585 dicitur
972 2558 1177 2592 Veroetsmerch,
1200 2558 1274 2593 quod
1285 2559 1359 2593 jacet
1374 2559 1445 2585 inter
1464 2559 1550 2586 Dor-nt
1569 2566 1596 2587 et
1610 2560 1702 2597 Spect,
