2137 3131
484 384 552 420 :532
825 384 998 418 coaptis
1025 384 1352 419 CHRONICORUM
1383 385 1644 419 FLANDRtAE.

486 494 627 540 projecit
644 520 650 525 .
674 497 796 536 utpote
819 492 878 537 qui
900 490 1017 525 adhuc
1039 491 1238 525 mundanae
1256 493 1445 538 sapientiae
1464 492 1605 526 deditus
1624 493 1734 540 magis
1753 492 1994 527 delectabatur

487 552 631 585 lectione
650 549 803 582 Platonis
822 562 927 595 quam
951 550 1149 597 Augustini.
1173 550 1260 584 Cum
1281 564 1364 598 ergo
1388 564 1449 597 per
1471 551 1561 585 duos
1584 552 1656 585 fere
1680 564 1814 585 menses
1833 552 1991 585 Boetium

484 610 524 642 (le
542 608 776 642 Consulatztme
788 607 1021 654 philosophiae
1033 636 1041 651 7
1058 608 1238 654 discipulis
1254 610 1371 657 legens
1382 637 1389 643 .
1407 610 1450 643 ad
1465 617 1632 656 quartum
1647 611 1794 653 librum„
1813 611 1848 643 in
1863 622 1935 656 quo
1949 610 1993 644 de

488 668 594 700 libero
608 665 752 699 arbitrio
764 665 898 699 disserit
908 693 916 709 7
930 668 1139 711 pervenisset
1149 694 1156 707 ἢ
1170 667 1374 701 recordatus
1387 669 1494 713 empti
1512 669 1604 711 libri7
1623 669 1852 715 cogitansque
1865 669 1892 701 si
1907 667 1993 714 quid

485 725 632 772 (lignum
655 725 822 758 memoria
847 725 881 757 in
905 737 945 758 eo
970 733 1085 770 posset
1105 726 1272 770 invenim
1299 739 1404 773 quem
1430 727 1474 760 de
1494 727 1616 760 eadem
1645 727 1789 761 materia
1812 727 1995 761 constabat

488 783 654 816 intitulari
668 809 675 825 a
694 789 816 815 vocato
831 783 991 816 ministro
1008 785 1186 829 suojnssit
1201 785 1266 818 sibi
1281 798 1363 818 eum
1378 785 1519 818 deferri.
1539 785 1690 819 Allatum
1705 786 1823 832 itaque
1837 785 1995 831 aperiens

486 849 520 875 (Ἰ,
538 841 624 874 duas
644 841 695 874 wl
714 847 783 874 tres
803 842 946 889 paginas
968 843 1102 890 legens7
1126 844 1293 889 paulatim
1317 844 1433 889 coepit
1455 844 1584 890 eloquii
1607 851 1788 877 venustate
1807 843 1992 885 delectariq

487 900 717 945 protinusque
736 900 934 934 convocatis
951 901 1084 934 clericis
1108 908 1230 947 utpote
1250 902 1364 935 omnis
1385 914 1507 947 expers
1527 901 1694 944 invidiae7
1717 908 1752 935 et
1770 902 1901 935 inventi
1921 902 1997 935 the-

486 959 577 992 sauri
590 958 707 991 rolens
716 970 774 991 eos
790 959 975 1004 participes
990 972 1062 993 esse
1080 973 1086 993 ε
1105 974 1122 990 ι(
1136 961 1239 994 Vere.
1254 961 1385 1006 inquit,
1399 961 1569 994 imotenus
1584 961 1740 1009 ignoravi
1757 960 1994 1008 Augustinum

487 1023 602 1050 tantae
618 1023 762 1062 tamque
776 1016 990 1050 delectabilis
1005 1019 1110 1051 fuisse
1125 1018 1322 1052 facundiae.
1341 1034 1358 1050 η
1378 1019 1482 1061 Dixit„
1501 1019 1689 1065 statimque
1705 1019 1834 1052 librum
1849 1019 1965 1064 ipsum
1976 1030 1994 1051 a

488 1075 599 1121 capite
615 1075 785 1120 incipiens
801 1087 869 1108 non
884 1076 995 1109 solum
1012 1083 1097 1110 tunc
1108 1104 1115 1119 ,Ι
1133 1077 1193 1110 sed
1211 1084 1245 1111 et
1259 1078 1419 1123 sequenti
1431 1077 1488 1111 die
1506 1077 1622 1123 coepit
1636 1077 1684 1110 eis
1698 1076 1852 1110 studiose
1866 1077 1993 1125 legere,

488 1141 519 1167 vt
544 1135 579 1167 in
604 1134 687 1167 locis
711 1134 976 1168 obscurioribus
1000 1135 1189 1183 diligenter
1209 1149 1395 1182 exponere.
1419 1136 1506 1170 Cum
1526 1148 1605 1169 ecce
1624 1135 1773 1183 legendo
1788 1135 1832 1169 ad
1851 1135 1995 1169 tertium

488 1193 616 1226 librum
633 1192 848 1238 pervenitur„
868 1194 901 1226 in
917 1206 988 1239 quo
1006 1195 1183 1239 praefatus
1197 1194 1323 1228 doctor
1338 1207 1437 1228 servo
1452 1207 1516 1240 pro
1533 1195 1738 1228 criminibus
1749 1195 1820 1228 suis
1829 1193 1872 1228 de
1888 1194 1996 1240 priori

488 1251 658 1299 dignitate
674 1250 774 1295 pulso
785 1277 792 1290 Ἴ
805 1257 839 1283 et
850 1251 1074 1285 mundandae
1089 1253 1227 1286 cloacae
1241 1252 1410 1298 deputato
1425 1259 1606 1298 comparat
1620 1253 1830 1298 peccatrices
1843 1252 1976 1286 animas
1986 1279 1995 1291 ‚

489 1322 579 1356 quae
594 1309 778 1342 coelestem
795 1309 938 1355 quidem
955 1311 1103 1358 gloriam
1118 1324 1183 1356 pro
1198 1311 1386 1344 sceleribus
1399 1311 1469 1344 suis
1484 1311 1656 1357 perdunt7
1679 1311 1775 1345 hunc
1793 1323 1875 1344 vero
1890 1323 1996 1344 mun-

489 1369 575 1402 dum
596 1368 730 1402 cloacae
750 1368 901 1402 foetidae
921 1370 1070 1402 similem
1087 1369 1353 1416 quodammodo
1368 1369 1538 1403 decorant
1556 1369 1728 1416 quamdiu
1750 1370 1784 1403 in
1804 1382 1845 1403 eo
1859 1370 1994 1403 vivunt.

490 1428 584 1461 Hanc
600 1439 684 1474 ergo
699 1427 906 1460 sententiam
922 1427 1146 1461 audientibus
1160 1428 1341 1473 discipulis
1355 1440 1435 1461 cum
1452 1428 1606 1476 legisset„
1624 1435 1736 1461 tactus
1750 1428 1860 1461 nimio
1876 1427 1997 1462 dolore

490 1485 605 1519 cordis
624 1485 834 1519 intrinsecus
853 1492 887 1519 ct
906 1498 946 1519 ex
972 1487 1042 1519 imo
1062 1493 1204 1532 pectore
1223 1487 1366 1520 trahens
1384 1487 1452 1519 alta
1476 1487 1624 1532 suspiria
1643 1500 1648 1519 :
1677 1500 1693 1516 (t
1718 1486 1828 1520 Heus!
1858 1486 1994 1532 inquit„

489 1557 596 1591 quam
617 1544 752 1577 fortiter
773 1544 835 1577 ista
855 1557 918 1578 nos
934 1546 1063 1590 premit
1083 1545 1272 1579 sententia!
1298 1546 1388 1579 Haec
1408 1558 1526 1578 revera
1545 1552 1616 1579 tam
1637 1546 1778 1591 proprie
1792 1545 1880 1578 mihi
1899 1544 1998 1578 vide-

491 1609 548 1636 tur
566 1603 667 1635 nobis
687 1615 882 1650 congruere
899 1615 939 1636 ac
958 1604 984 1636 si
1004 1610 1149 1649 propter
1169 1616 1231 1637 nos
1251 1603 1474 1637 solummodo
1496 1604 1602 1637 fuerit
1620 1605 1760 1650 scripta.
1782 1619 1799 1636 η
1819 1603 1877 1637 His
1895 1603 1998 1637 dictis

489 1661 655 1703 surrexit„
680 1667 846 1707 totusque
866 1661 1027 1707 lacrymis
1051 1662 1214 1707 perfusus
1241 1662 1420 1696 ecclesiam
1450 1663 1603 1695 intravit.
1632 1662 1719 1696 Tota
1738 1662 1856 1696 subito
1879 1662 1998 1696 schola

490 1720 669 1761 turbatur,
695 1719 945 1752 canonicorum
963 1720 1067 1753 etiam
1085 1727 1279 1753 conventus
1297 1719 1530 1754 admiratione
1552 1721 1659 1754 nimia
1678 1721 1891 1754 concutitur.
1916 1720 1999 1754 Post

491 1779 575 1811 haec
586 1790 668 1825 ergo
685 1778 851 1823 paulatim
867 1778 982 1824 coepit
996 1791 1068 1812 sese
1082 1779 1209 1812 scholis
1223 1780 1419 1822 absentare7
1436 1779 1613 1813 ecclesiam
1630 1779 1708 1825 plus
1722 1780 1823 1813 solito
1837 1779 1999 1825 frequen-

490 1843 580 1879 tare„
602 1836 785 1881 pecuniam
805 1843 1052 1883 congregatam
1072 1838 1287 1882 pauperibus
1305 1849 1467 1885 erogare„
1485 1837 1703 1883 jejuniorum
1723 1838 1874 1885 rigorem
1889 1843 1999 1871 atten-

491 1901 562 1927 tare
580 1921 588 1935 ἦ
609 1894 656 1927 ita
680 1901 719 1927 ut
745 1895 923 1928 multoties
942 1907 1067 1940 panem
1092 1908 1214 1943 pugno
1237 1895 1441 1938 includens,
1469 1903 1503 1929 ct
1517 1895 1626 1942 ¹quod
1645 1897 1796 1930 exterius
1822 1896 1999 1930 eminebat

491 1953 630 1986 cultello
652 1952 873 1998 praecidens7
897 1966 967 1987 non
988 1954 1064 1999 plns
1083 1954 1125 1988 ad
1147 1954 1406 1988 comedendum
1427 1955 1613 1998 retineret‚
1635 1967 1741 2001 quam
1757 1955 1792 1988 in
1808 1967 1928 2003 pugno
1943 1967 2000 1988 re-

492 2012 689 2053 mansissetg
702 2018 736 2045 et
750 2024 829 2045 ecce
844 2012 952 2045 homo
966 2012 1147 2058 quondam
1164 2014 1262 2047 lactei
1273 2013 1435 2047 candoris
1450 2014 1719 2060 corpulentique
1733 2013 1869 2056 nitoris7
1881 2013 1998 2047 subito

486 2070 702 2115 jejuniorum
714 2071 948 2105 maceratione
963 2072 1103 2105 attritus
1113 2099 1121 2114 ἢ
1139 2072 1174 2105 in
1189 2078 1327 2105 tantum
1342 2084 1460 2105 macer
1474 2079 1508 2105 et
1517 2073 1631 2106 tenuis
1649 2072 1856 2118 ossibusque
1870 2072 2000 2118 promi-

492 2128 656 2161 uentibus
667 2129 792 2171 siccus7
810 2136 843 2162 et
853 2130 948 2163 exilis
962 2130 1053 2163 intra
1068 2143 1198 2176 paucos
1207 2130 1281 2164 dies
1296 2130 1455 2164 redditus
1464 2138 1528 2170 est„
1545 2138 1585 2165 ut
1593 2131 1637 2164 ab
1648 2131 1702 2164 his
1715 2131 1777 2177 qui
1788 2143 1870 2164 eum
1883 2129 2001 2164 videre

491 2194 745 2220 consueverant
759 2188 858 2233 quasi
877 2188 912 2221 in
928 2188 1041 2222 virum
1058 2189 1206 2222 alterum
1224 2196 1379 2223 mutatus
1395 2196 1591 2235 putaretur„
1609 2190 1737 2236 vixque
1751 2190 1824 2235 jam
1845 2202 1864 2222 a
1882 2189 1999 2223 multis

491 2252 775 2291 cognosceretur.
806 2247 908 2280 Fama
930 2247 1091 2292 protinus
1115 2248 1345 2281 circumvolat
1368 2260 1430 2293 per
1455 2255 1566 2282 totam
1589 2249 1768 2296 regionem
1789 2248 1998 2295 quantocius

492 2303 608 2336 seculo
635 2305 923 2338 renuntiaturum
950 2306 1159 2354 magistrum
1188 2306 1373 2350 Odonem,
1399 2306 1493 2340 unde
1521 2313 1675 2353 quatuor
1701 2319 1741 2340 ex
1767 2307 1841 2353 ejus
1867 2306 1999 2341 clericis

491 2361 605 2406 ipsum
626 2370 810 2408 sequentes
828 2364 931 2410 eique
950 2364 1201 2409 adhaerentes7
1225 2366 1438 2411 promittunt
1456 2366 1486 2399 ei
1505 2378 1733 2412 quocumque
1751 2366 1836 2409 iret7
1858 2376 1893 2399 se
1916 2377 1997 2398 eum

490 2420 564 2452 fore
578 2427 772 2464 secuturos7
789 2427 823 2454 et
833 2421 877 2454 ab
891 2434 932 2455 eo
943 2434 1151 2468 responsum
1165 2424 1357 2469 accipiunt7
1375 2423 1473 2470 quod
1489 2424 1575 2457 nihil
1590 2424 1720 2457 faceret
1732 2423 1865 2469 absque
1874 2434 1998 2456 eorum

490 2479 669 2511 communi
694 2491 846 2512 assensu.
875 2479 944 2513 Hos
967 2487 1086 2514 autem
1108 2481 1163 2514 his
1191 2482 1394 2515 nominibus
1418 2481 1609 2527 appellatos
1634 2482 1740 2515 fuisse
1765 2480 1964 2527 accepimus
1987 2494 1993 2513 :
