2137 3131
502 377 570 409 326

848 374 1022 409 ‹JoRPUS
1049 374 1382 409 CHRONICORUM
1411 376 1675 411 FLANDRIAE.

915 483 1048 516 Peritos
1066 483 1101 515 in
1120 483 1290 517 scientiis.

914 541 983 581 Qui
1003 541 1147 574 fuerunt
1165 541 1201 574 in
1219 541 1344 576 studiis
1357 570 1364 576 .

915 599 957 632 Ut
976 599 1160 646 theologos
1178 599 1341 634 doctores
1353 628 1361 644 7

813 656 881 690 610
908 657 1142 692 Considerans
1160 671 1242 692 suos
1263 672 1395 694 mores.

908 717 947 750 Et
966 717 1141 763 sapientes
1159 718 1245 752 alios

908 775 1027 809 Justos
1046 775 1082 808 in
1102 776 1171 809 vita
1192 783 1227 809 et
1243 776 1320 822 pios
1333 804 1341 819 ·,

910 833 1045 866 Peritos
1065 840 1218 880 utroque
1234 834 1333 880 jure.

910 890 1072 924 Viventes
1091 898 1183 926 caste
1202 899 1237 926 et
1255 905 1361 939 pure2

813 949 882 984 615
910 949 949 983 In
969 950 1119 984 naturali
1138 951 1309 996 pollentes

909 1008 1038 1053 Sensu7
1059 1010 1143 1056 quia
1163 1017 1246 1043 sunt
1264 1010 1469 1056 prudentes.

909 1070 1008 1103 Tales
1025 1077 1108 1104 sunt
1126 1070 1314 1105 luminaria

908 1129 1081 1163 Lucentes
1101 1130 1136 1162 in
1154 1130 1310 1163 ecelesia.

907 1187 992 1234 Regi
1012 1188 1175 1221 Franciae
1194 1189 1328 1233 petenti

810 1244 879 1278 620
906 1245 1085 1278 Decimam
1098 1272 1106 1288 ,Α
1128 1246 1165 1278 in
1183 1247 1378 1280 continenti

905 1305 932 1338 A
951 1316 986 1337 se
1006 1304 1118 1337 missis
1137 1304 1342 1352 denegarim

906 1364 954 1397 Ac
975 1363 1080 1396 etiam
1100 1364 1275 1397 revocavit

907 1421 1115 1456 Concessam
1134 1435 1153 1455 a
1172 1434 1415 1468 praecessore.

905 1480 1066 1514 Johanne
1085 1493 1193 1527 papa„
1215 1481 1277 1527 qui
1297 1493 1396 1515 more

809 1538 879 1574 625
906 1540 1065 1585 Aliorum
1084 1547 1322 1581 concesseratg

905 1597 996 1638 Quia
1015 1598 1159 1631 ecclesia
1178 1604 1251 1631 erat

903 1657 969 1691 Per
988 1656 1142 1690 decimas
1161 1663 1350 1704 aggravata

902 1716 943 1748 Et
962 1715 1156 1761 plurimum
1177 1721 1333 1749 onerata.

902 1774 997 1808 Mors
1015 1786 1106 1820 quae
1125 1786 1265 1820 semper
1283 1785 1347 1807 nos
1365 1774 1488 1808 invitat
1503 1801 1511 1815 ,

806 1832 874 1867 630
902 1833 1001 1873 Quae
1019 1844 1091 1866 non
1109 1832 1244 1866 dormit
1262 1844 1326 1866 nec
1346 1831 1533 1866 dormitat.

900 1891 979 1925 Non
997 1891 1110 1937 parcit
1128 1891 1345 1933 senioribus7

901 1950 972 1985 Nec
991 1951 1097 1984 etiam
1110 1950 1301 1996 juvenibus
1312 1977 1320 1993 7

900 2008 1033 2054 Papam
1053 2014 1159 2055 atque
1178 2007 1373 2042 cardinales

898 2066 1082 2113 Simulque
1100 2079 1223 2100 omnes
1240 2067 1405 2101 mortales
1417 2095 1425 2111 e

802 2124 872 2160 635
899 2125 987 2159 Cum
1006 2126 1149 2174 regibus
1167 2132 1203 2159 et
1219 2125 1372 2159 ducibus

897 2184 939 2217 Et
957 2184 1123 2218 omnibus
1142 2184 1363 2230 principibus
1376 2212 1385 2226 7

899 2243 948 2276 Ac
966 2241 1092 2277 divites
1110 2249 1146 2276 et
1163 2253 1337 2288 pauperes

898 2300 1030 2335 Omnes
1047 2301 1132 2335 facit
1149 2301 1373 2347 coaequales,

896 2359 1029 2405 Papam
1049 2358 1271 2405 praedictum
1289 2359 1431 2402 terruit7

802 2415 871 2450 640
898 2417 940 2450 Et
961 2430 1067 2464 super
1085 2418 1203 2464 ipsum
1221 2418 1344 2462 irruit,

899 2476 968 2517 Qui
987 2478 1089 2512 solvit
1106 2479 1230 2512 mortis
1248 2478 1423 2513 debitum.
