2137 3131
470 376 540 410 -49-'4
810 372 986 407 CORPUS
1012 369 1343 406 CHRONICORUM
1372 369 1634 405 FLANDRIAE.

475 492 543 518 tate
568 489 767 528 correptus,
790 480 949 526 sequenti
976 485 1078 512 nocte
1099 476 1186 511 vidit
1203 478 1238 511 in
1257 478 1389 511 somnis
1412 477 1510 525 quod
1528 485 1618 512 esset
1637 479 1727 511 inter
1753 478 1826 512 duo
1850 479 1987 512 altaria.

473 555 564 590 quae
589 546 687 575 erant
706 540 741 572 in
764 537 982 584 presbyterio
1001 536 1166 570 ecelesiae
1184 535 1219 570 S.
1244 536 1373 570 Mariae
1393 536 1420 570 T
1423 537 1624 570 ornaeensis
1651 535 1742 570 sedis
1765 536 1988 582 episcopali&

474 602 611 635 videbat
631 599 735 632 etiam
755 598 872 645 ignem
897 596 1089 629 maximum
1109 595 1202 628 inter
1220 594 1342 629 eadem
1363 595 1483 629 altaria
1505 594 1670 629 succendi
1687 601 1722 628 et
1739 594 1891 640 puellam
1911 606 1992 640 spe-

474 658 700 693 ciosissimam
711 683 719 699 7
736 655 797 690 sed
815 654 927 688 scissis
941 653 1097 687 vestibus
1111 652 1272 687 indutam
1283 679 1293 696 .‚
1310 654 1410 699 juxta
1429 654 1542 699 majus
1556 653 1664 687 altare
1678 659 1827 687 stantem
1843 659 1878 686 et
1892 664 1992 686 com-

474 718 576 763 plosis
600 715 763 749 manibus
785 714 898 747 crines
919 724 1000 746 suos
1022 718 1055 745 et
1077 711 1202 745 faeiem
1222 710 1447 750 caedentem,
1474 723 1513 745 ae
1535 711 1579 746 de
1603 712 1771 746 Fulehero
1796 712 1857 757 qui
1882 717 1993 745 vestes

473 787 551 809 suas
567 773 734 815 sciderat7
756 772 818 818 qui
837 783 872 805 se
894 769 1109 812 nudaverat7
1127 769 1299 815 justitiam
1319 782 1338 803 a
1362 770 1432 803 Deo
1456 781 1537 803 eum
1559 782 1688 817 magno
1705 770 1858 803 elamore
1877 775 1912 802 et
1929 780 1993 817 ge-

475 835 562 867 mitu
586 837 834 879 quaerentemff
860 830 1050 876 ipsumque
1065 828 1277 862 fulcherum
1299 829 1333 862 in
1349 828 1509 862 flammas
1530 828 1622 862 illius
1641 829 1731 877 ignis
1754 828 1992 874 impellentem

474 901 503 926 et
522 893 698 926 dicentem
717 890 764 923 illi
783 903 789 922 :
818 904 836 920 α
852 888 882 923 Ο
900 888 1053 923 erudelis
1072 894 1222 934 tyranne
1235 915 1242 929 .,
1255 887 1378 921 avidus
1395 899 1559 934 pervasor
1569 887 1733 921 eeclesiae
1751 899 1866 930 meae5
1883 897 1993 933 quare

475 964 529 985 uie
545 951 592 984 ita
612 948 793 983 lacerasti?
811 947 882 981 Cur
901 947 1006 981 tantis
1024 945 1259 980 dedecoribus
1274 958 1329 979 me
1343 945 1528 980 infedasti'r'
1547 961 1564 977 n
1587 945 1747 992 Cumque
1767 945 1957 979 Fulcherus
1974 956 1993 979 e

473 1017 594 1044 eontra
610 1009 842 1042 reluctaretur
856 1019 900 1040 ne
917 1007 953 1040 in
968 1006 1087 1054 ignem
1102 1006 1302 1039 mitteretur
1319 1012 1354 1039 et
1372 1004 1505 1039 diceret
1522 1018 1527 1037 :
1551 1020 1569 1035 «
1586 1005 1733 1039 Domina
1748 1005 1857 1038 totius
1875 1004 1970 1038 orbis
1981 1031 1989 1047 .,

474 1081 544 1103 non
568 1080 630 1101 ms
652 1068 700 1101 sic
722 1066 990 1100 dehonestatam
1011 1063 1162 1098 reddidi.
1186 1080 1204 1096 υ
1228 1063 1362 1109 Adjecit
1382 1064 1497 1110 puella
1515 1064 1635 1098 dicens
1657 1077 1663 1097 z
1695 1078 1714 1094 α
1734 1064 1880 1105 Quoties
1899 1064 1993 1097 bona

474 1126 721 1161 famulantium
749 1125 837 1159 mihi
862 1122 1100 1166 defraudastie
1124 1123 1227 1156 toties
1249 1123 1286 1156 in
1309 1135 1365 1156 me
1387 1122 1455 1156 tela
1474 1123 1750 1169 opprobriorum
1769 1121 1957 1168 jaculasti?
1973 1136 1990 1153 u

474 1188 522 1221 De
537 1198 607 1233 qua
626 1183 862 1219 tremebunda
880 1183 1013 1216 visione
1030 1182 1147 1216 statim
1172 1182 1355 1230 evigilans„
1378 1181 1605 1215 vehementer
1624 1181 1775 1216 clamare
1800 1181 1937 1227 coepitq
1959 1186 1994 1214 et

473 1246 625 1280 elamore
646 1255 710 1277 suo
732 1249 843 1276 totam
867 1241 1036 1275 familiam
1053 1241 1227 1274 excitavit.
1254 1240 1555 1274 Concurrentibus
1581 1241 1751 1274 universis
1771 1246 1805 1273 et
1831 1239 1993 1273 clamoris

476 1316 617 1338 eausam
631 1301 906 1343 sciscitantibus„
924 1299 1013 1346 quid
1028 1300 1063 1333 in
1078 1302 1210 1333 somnis
1225 1298 1384 1333 vidisset.
1403 1299 1539 1341 retulit.v
1558 1306 1592 1332 et
1608 1299 1759 1345 puellam
1780 1298 1874 1331 illam
1889 1309 1993 1331 sanc-

476 1370 547 1396 tam
570 1362 631 1395 Dei
650 1360 856 1408 genitricem
876 1370 949 1392 esse
972 1359 1153 1404 exposuit.
1175 1369 1266 1404 quae
1284 1357 1355 1391 filio
1374 1370 1437 1391 suo
1457 1364 1649 1403 conquesta
1671 1363 1739 1390 est.
1763 1356 1861 1403 quod
1881 1356 1994 1390 ecele—

476 1422 563 1454 siam
582 1431 682 1454 suam
697 1418 750 1452 sui
764 1418 872 1464 juris„
893 1417 994 1450 terris
1012 1416 1111 1462 quasi
1132 1416 1286 1449 vestibus
1303 1415 1485 1449 nudasset.
1507 1422 1541 1449 et
1563 1415 1731 1448 militibus
1746 1415 1993 1449 Noviomensi—

478 1481 544 1514 bus
561 1478 734 1521 dedisset7
757 1476 908 1522 ideoque
930 1488 966 1510 se
982 1475 1072 1509 mala
1092 1481 1204 1509 morte
1223 1487 1293 1521 qua
1311 1475 1413 1508 toties
1424 1475 1622 1520 periturum
1641 1475 1824 1522 gehennae
1842 1473 1994 1508 flammis

478 1535 770 1585 dismergendum
797 1534 991 1580 subjunxit.
1019 1533 1217 1567 Perterritis
1237 1533 1403 1566 omnibus
1426 1539 1461 1566 et
1480 1532 1586 1565 finem
1609 1533 1658 1565 rei
1679 1532 1992 1578 praestolantibus‘¹

476 1609 555 1631 eece
583 1596 701 1630 subito
726 1592 964 1641 apprehendit
991 1604 1071 1626 eum
1099 1592 1202 1625 dolor
1221 1591 1319 1625 dirus
1341 1592 1514 1625 viscerum
1539 1598 1573 1624 et
1598 1591 1723 1625 morbo
1750 1592 1994 1626 intercutaneo

479 1668 684 1703 percussus.
703 1661 743 1688 ut
761 1653 805 1687 de
821 1651 958 1686 Herode
976 1651 1125 1694 dicitur„
1147 1650 1349 1685 videntibus
1366 1651 1522 1694 eunetis„
1544 1657 1739 1696 coeperunt
1758 1662 1910 1693 vermes,
1931 1653 1994 1698 qui

480 1714 631 1762 pediculi
660 1718 847 1753 meantum
882 1710 926 1744 de
953 1722 1101 1756 corpore
1128 1710 1204 1755 ejus
1227 1710 1449 1758 glomeratim
1475 1709 1640 1752 ebullire5
1666 1715 1863 1756 gutturque
1885 1716 1921 1744 et
1946 1710 1995 1744 fa-

477 1777 565 1809 eiem
583 1774 658 1819 ejus
677 1784 759 1806 eum
778 1778 853 1805 toto
869 1781 1017 1816 corpore
1036 1770 1191 1815 operire.v
1213 1776 1247 1803 et
1266 1769 1334 1803 hoc
1353 1768 1488 1802 tamdiu
1507 1767 1621 1802 donee
1639 1768 1794 1802 animam
1813 1768 1990 1803 redderet.

478 1834 639 1879 Cumque
661 1843 789 1877 eorpus
816 1828 975 1863 defuncti
995 1828 1106 1862 lotum
1126 1835 1161 1862 et
1179 1828 1334 1862 vestibus
1358 1840 1397 1861 ex
1423 1839 1521 1861 more
1547 1827 1669 1861 fuisset
1688 1826 1873 1871 indutum,
1898 1840 1995 1862 nun—

478 1904 585 1939 quam
602 1889 754 1937 pediculi
771 1888 953 1923 cessabant
967 1888 1131 1921 ebullire.
1149 1894 1311 1934 totasque
1329 1894 1440 1921 vestes
1458 1887 1613 1932 operiret
1634 1886 1747 1920 donee
1767 1887 1917 1921 ministri
1936 1899 1995 1921 ne·

477 1951 636 1985 cessitate
650 1948 822 1994 compulsi
836 1974 844 1989 ·.
865 1947 938 1980 aliis
956 1946 1112 1980 vestibus
1126 1945 1293 1980 indutum
1313 1947 1348 1980 in
1363 1946 1459 1980 corio
1473 1946 1614 1980 cervino
1624 1952 1841 1980 consuerunt
1850 1963 1863 1989 7·
1875 1946 1996 1993 sicque

477 2009 702 2055 sepelierunt.
721 2006 871 2040 Caveant
885 2017 969 2054 ergo
983 2005 1146 2051 praelati.
1166 2017 1208 2038 ne
1224 2006 1457 2051 possessiones
1471 2005 1731 2047 ecclesiastieas‚
1748 2004 1793 2038 ad
1807 2017 1890 2039 usus
1905 2016 1995 2051 pau-

479 2080 603 2114 perum
626 2066 754 2101 Christi
776 2065 824 2098 illi
852 2065 917 2099 sibi
944 2065 1111 2099 ereditas.
1141 2066 1176 2098 in
1197 2064 1348 2111 propriis
1371 2064 1582 2098 utilitatibus
1604 2064 1695 2097 male
1721 2071 1889 2112 erogent‚
1910 2065 1995 2111 quia

477 2128 575 2160 Jesus
609 2125 768 2160 Christus
794 2125 856 2171 qui
885 2125 1049 2171 injuriam
1079 2124 1243 2158 eeclesiae
1269 2124 1389 2157 matris
1420 2135 1503 2156 suae
1535 2123 1584 2156 sie
1610 2123 1645 2156 in
1672 2122 1779 2168 hujus
1804 2121 1996 2156 vindicavit

477 2197 642 2231 corpore.
670 2185 803 2218 animas
821 2183 1103 2230 disperdentium
1123 2195 1180 2216 eas
1198 2183 1391 2228 impunitas
1411 2194 1481 2215 non
1503 2181 1656 2227 patietur
1675 2181 1784 2214 abire.
1811 2180 1880 2221 Qui
1899 2181 1994 2214 enim

478 2245 615 2277 illorum
635 2243 867 2277 substantiam
887 2242 1033 2288 dissipat
1052 2241 1191 2275 Christo
1213 2241 1377 2286 injuriam
1397 2241 1542 2288 irrogat.

527 2302 614 2335 Huic
630 2302 801 2335 Fulehero
811 2301 977 2334 suecessit
987 2299 1211 2346 Hadulphust
1224 2299 1413 2345 Hadulpho
1424 2298 1669 2343 Lendulphus„
1687 2297 1897 2343 Lendulpho
1907 2297 1996 2331 Rab-

480 2360 593 2393 bodus
607 2367 640 2394 et
654 2359 867 2402 Harduinus.v
880 2372 973 2393 anno
984 2359 1123 2393 Domini
1135 2359 1331 2392 millesimo.
1345 2358 1408 2392 Hic
1421 2358 1486 2391 fuit
1496 2364 1656 2403 tempore
1665 2357 1809 2391 Roberti
1820 2383 1829 2399 7
1842 2357 1994 2390 Franco-

481 2430 560 2451 rum
576 2418 684 2466 regist
703 2418 763 2451 filii
779 2418 935 2465 Hugonis
950 2416 1082 2463 Capeti.
1099 2418 1132 2451 in
1149 2429 1222 2464 quo
1238 2417 1337 2450 finita
1352 2423 1401 2450 est
1417 2416 1602 2462 posteritas
1617 2427 1741 2463 regum
1757 2415 1918 2448 Franciae
1931 2415 1993 2461 qui

482 2477 627 2509 fuerunt
642 2476 685 2509 de
695 2477 802 2521 stirpe
817 2476 907 2509 illius
918 2475 1031 2509 Karoli
1049 2476 1139 2523 regis
1154 2475 1275 2521 inclyti
1285 2502 1292 2508 .
1310 2475 1371 2521 qui
1382 2487 1447 2520 pro
1459 2475 1565 2508 nimia
1574 2474 1750 2519 probitate
1764 2467 1995 2507 suaaRo‘ma-
