2118 3184
593 418 817 452 elinowe&
848 418 1169 452 ToanCENsts.
1566 419 1634 453 2533

125 524 335 559 cerbon-ius.
360 526 590 572 Rndulphus.
616 526 832 559 Willelinus.
856 527 916 571 qui
947 525 973 558 X
999 525 1162 559 kalendas
1186 525 1264 559 Maii
1287 532 1503 572 praesentem
1528 526 1631 559 vitam

127 585 338 618 termimuit.
357 584 484 618 Obitus
502 584 635 618 domini
652 584 787 618 odonis
806 585 881 617 xlx·
898 585 906 605 ¹
925 584 1087 618 kalendas
1101 584 1181 618 Julii
1202 584 1411 618 celebratur.
1434 584 1633 618 Lamfridus

125 650 273 689 quartus
287 642 300 663 ²²
319 655 442 676 eorum
461 643 576 676 socius
591 643 673 689 fuga
689 643 804 688 lapsus
825 644 938 688 periit.
965 643 1128 676 Protinus
1147 643 1290 676 abbates
1310 643 1416 676 totius
1436 643 1634 688 provinciae

126 708 196 735 tam
225 701 481 734 monachorum
500 713 606 747 quam
630 702 881 735 canonicorum
902 702 1077 749 sigillatim
1099 701 1297 735 'fornacum
1320 701 1533 743 adveniunt..
1560 713 1635 733 ma-

135 760 346 807 gistrumque
362 759 523 793 odonem
544 772 583 793 ac
605 760 679 805 ejus
696 761 807 793 socios
832 759 874 793 ad
899 773 995 793 suani
1020 760 1263 806 unusquisque
1286 760 1409 793 invitat
1435 760 1632 793 ecelesiam.

123 817 263 851 Clericis
281 829 363 850 vero
387 818 542 865 magistri
562 818 813 851 canonicorum
840 819 949 865 magis
969 830 1075 864 quarn
1100 818 1355 851 monachorum
1374 817 1535 851 ordinem
1556 818 1631 863 pla-

123 881 177 909 cet
188 887 381 909 assunwre.
399 876 481 921 quia
497 882 531 909 et
547 876 581 909 in
597 876 836 909 ecclesiasticis
850 876 970 909 officiis
988 883 1022 909 ct
1039 876 1071 909 in
1091 875 1300 921 quotidiano
1319 876 1412 909 victu
1433 888 1492 908 sen
1509 876 1633 909 vestitu

125 934 283 967 canonici
307 934 576 967 tolerabiliorem
604 934 710 967 ritum
734 933 902 967 ducerent
932 946 1038 980 quam
1067 933 1244 967 monaehi.
1270 933 1509 974 Quamobrem
1541 946 1634 967 nunc

125 991 169 1026 ad
185 998 341 1025 montem
361 992 396 1025 S.
419 992 530 1040 Eligii.
554 1005 648 1026 nunc
667 1005 748 1026 vero
765 993 952 1025 Gantenias
966 993 1027 1026 ubi
1046 992 1204 1026 canonici
1219 991 1440 1026 districtioris
1455 993 1543 1026 vitae
1558 1005 1633 1025 ma-

127 1050 274 1084 nebant.
293 1051 498 1084 visitationis
512 1052 622 1099 gratia
638 1052 898 1097 proficiscentes
909 1078 917 1087 .
934 1051 1079 1085 sollicite
1094 1051 1323 1096 explorabant
1336 1064 1408 1097 quo
1427 1051 1503 1085 loco
1519 1063 1634 1084 rema-

126 1120 208 1142 nere
219 1109 283 1142 sibi
294 1109 551 1154 competentius
562 1110 665 1143 foret.
679 1109 739 1143 sed
749 1109 865 1143 divina
876 1109 1057 1154 dispositio
1072 1108 1115 1142 de
1128 1109 1254 1153 eis-jam
1265 1108 1363 1142 aliter
1373 1108 1592 1142 ordinaverat
1604 1109 1629 1142 ³.

173 1167 251 1200 Erat
271 1166 282 1187 ⁴
307 1167 482 1213 siquidem
510 1174 594 1201 tunc
625 1168 792 1213 temporis
815 1174 910 1200 exn-a
939 1166 1095 1212 ejusdem
1125 1167 1221 1200 urbis
1245 1173 1382 1211 portam
1404 1167 1634 1202 meridianam

127 1224 264 1259 modica
287 1225 464 1259 ecclesiola
489 1226 523 1259 in
547 1226 682 1259 honore
705 1226 796 1259 beati
822 1226 960 1259 Martini
982 1226 1014 1258 in
1043 1232 1161 1258 monte
1180 1232 1403 1261 constructa:
1430 1226 1520 1259 hanc
1543 1228 1634 1259 fama

125 1283 327 1331 vulgaverat
336 1284 530 1330 antiquitus
540 1285 715 1317 abbatiam
726 1284 845 1317 fuisse.
861 1284 920 1317 sed
932 1290 1090 1329 tempore
1101 1283 1353 1328 persecutionis
1365 1283 1633 1318 Normannicae.

124 1353 217 1375 anno
234 1342 435 1375 Dominicae
454 1342 702 1376 incarnationis
717 1342 970 1376 DCCCLXXXI
987 1348 1219 1388 perpetratae.
1242 1354 1323 1375 cum
1340 1343 1483 1376 caeteris
1500 1343 1637 1391 gallica-

126 1400 179 1433 nis
191 1399 344 1433 ecclesiis
358 1412 377 1433 a
392 1401 536 1448 paganis
552 1399 781 1442 destructam.
800 1400 843 1434 ad
854 1400 1003 1433 nihilum
1019 1399 1199 1433 devenisse
1214 1399 1461 1446 desertamque
1471 1414 1636 1447 perman-

124 1458 206 1492 sisse
225 1470 288 1504 per
302 1457 473 1492 ducentos
491 1465 527 1492 et
541 1458 588 1491 XI
609 1471 731 1501 annos7
751 1458 786 1492 id
805 1465 856 1492 est
869 1471 982 1504 usque
996 1457 1041 1492 ad
1060 1470 1192 1491 annum
1214 1458 1437 1492 Dominieum
1454 1459 1596 1501 MXCH.
1617 1473 1636 1493 a

127 1529 201 1563 quo
225 1517 488 1550 restaurationis
512 1529 595 1551 suae
617 1517 767 1563 sumpsit
789 1517 985 1551 exordium.
1016 1517 1092 1563 Ipsa
1120 1529 1202 1551 vero
1225 1517 1404 1551 ecclesiola
1434 1518 1477 1552 ad
1502 1525 1636 1552 tantam

124 1574 351 1609 solitudinem
370 1576 483 1609 fuerat
502 1575 642 1610 redacta
653 1603 660 1610 .
684 1583 724 1610 ut
738 1576 876 1610 nullum
892 1577 1037 1609 omnino
1060 1576 1158 1609 fieret
1174 1577 1208 1609 in
1225 1588 1264 1610 ea
1285 1576 1443 1610 divinum
1459 1578 1613 1611 officium
1627 1605 1634 1610 .

126 1633 295 1680 quoniam
316 1646 380 1668 nec
398 1634 613 1681 presbyteri.
631 1635 691 1681 qui
712 1634 928 1680 parochiales
943 1634 1100 1680 ejusdem
1120 1635 1217 1668 urbis
1234 1635 1401 1669 tenebant
1414 1662 1421 1675 .
1440 1636 1474 1669 in
1493 1648 1532 1670 ea
1552 1637 1638 1670 mis-

124 1704 197 1726 sam
217 1698 358 1726 cantare
378 1693 543 1727 volebant
557 1720 565 1736 7
584 1700 707 1740 utpote
725 1694 822 1727 nullo
841 1694 1108 1739 superveniente
1126 1694 1187 1739 qui
1202 1694 1250 1727 eis
1265 1694 1312 1727 ibi
1331 1694 1463 1740 aliquid
1479 1694 1634 1728 offerret.

125 1750 302 1797 Pauperes
324 1751 548 1785 solummodo
572 1752 633 1798 qui
654 1752 741 1785 nihil
760 1752 899 1798 penitus
919 1752 1118 1794 habebant.
1144 1759 1178 1785 et
1199 1752 1321 1798 procul
1337 1765 1356 1786 a
1378 1753 1637 1798 parochialibus

126 1809 278 1843 ecclesiis
297 1810 426 1843 mortui
442 1822 514 1843 non
532 1809 748 1843 invenientes
767 1810 829 1856 qui
845 1810 920 1843 illos
939 1809 983 1843 ad
1001 1822 1057 1843 eas
1075 1809 1245 1853 deferret,
1262 1809 1306 1843 ad
1324 1810 1433 1850 hanc.
1455 1811 1538 1857 quia
1552 1824 1638 1857 pro-

127 1867 206 1913 pior
223 1873 317 1905 erat.
340 1866 612 1909 deferebantur„
636 1874 794 1914 tuncque
813 1868 1062 1913 superveniens
1084 1868 1268 1914 presbyter
1290 1868 1333 1902 de
1356 1869 1468 1902 vicina
1488 1869 1522 1903 S.
1549 1870 1636 1903 Piati

126 1925 268 1960 ecclesia
279 1953 287 1967 ,
305 1938 364 1960 eos
376 1927 583 1972 sepeliebat.
600 1934 635 1961 et
648 1927 675 1961 si
689 1926 777 1973 quid
794 1927 884 1961 forte
897 1927 941 1960 ab
955 1927 1073 1973 aliquo
1091 1926 1183 1960 fideti
1199 1927 1356 1961 oblatum
1376 1928 1498 1962 fuisset
1513 1941 1636 1974 aspor-

126 1984 222 2018 tabat
247 1983 281 2018 5.
315 1985 498 2025 Quaedam
527 1993 645 2020 tamen
674 1993 786 2020 terrae
812 1986 886 2031 ejus
915 1986 948 2018 in
974 1985 1153 2031 provincia
1181 1993 1445 2028 remanserant.
1476 1999 1565 2032 quae
1593 1988 1636 2020 ab

126 2043 292 2076 omnibus
304 2043 424 2077 adhuc
442 2050 554 2078 terrae
573 2044 608 2079 S.
626 2045 767 2079 Martini
782 2045 1012 2086 vocabantur.
1032 2044 1138 2078 sedin
1155 2044 1323 2078 laicorum
1340 2057 1464 2079 manus
1482 2045 1635 2079 devene-

126 2107 222 2143 rant„
243 2102 304 2148 qui
319 2114 376 2136 eas
395 2103 430 2136 in
450 2104 622 2137 beneficio
642 2103 686 2137 de
706 2116 813 2136 manu
831 2103 983 2148 episcopi
1001 2103 1179 2136 tenebant.
1203 2103 1250 2136 Ex
1265 2103 1306 2137 iis
1319 2102 1332 2124 ‘⁵
1349 2116 1442 2136 unus
1461 2110 1535 2137 erat
1555 2104 1635 2136 Fas—

126 2159 267 2202 tredus.
288 2160 362 2205 ejus
376 2161 475 2194 urbis
499 2160 688 2195 advocatus
701 2188 709 2204 7
735 2161 796 2207 qui
815 2160 936 2195 videns
956 2159 1054 2194 Idam
1076 2162 1265 2208 conjugem
1288 2173 1387 2194 suam
1400 2188 1408 2203 ·,
1432 2173 1635 2209 germanam

129 2216 340 2251 Theodorici
364 2217 408 2252 de
430 2219 604 2262 Avesniis7
627 2218 767 2252 easdem
786 2225 896 2252 terras
914 2218 1051 2252 rusticis
1071 2218 1141 2252 suis
1161 2218 1206 2252 ad
1224 2218 1496 2252 inhabitandum
1517 2219 1637 2253 distri-

127 2276 294 2309 buentem
306 2303 314 2318 .
336 2276 528 2322 corripiens
545 2289 621 2310 eam
641 2277 782 2310 dicebat
796 2277 894 2323 quod
909 2277 997 2310 male
1015 2277 1162 2319 faceret,
1180 2289 1291 2322 quum
1308 2276 1343 2310 S.
1367 2276 1506 2310 Martini
1526 2284 1636 2311 terras

123 2332 356 2371 ,distribueret
374 2334 513 2377 alienis.
535 2341 575 2368 ut
594 2341 714 2380 postea
728 2335 854 2380 patuit.

165 2421 170 2437 ¹
191 2420 271 2456 Apud
286 2420 429 2457 D'Achery
440 2433 448 2451 ,·
461 2421 535 2448 Xlll.
945 2422 956 2440 4
977 2422 1173 2453 Heriumnnus,
1188 2427 1199 2457 ᾗ
1213 2423 1238 2447 5.

163 2466 176 2484 2
194 2466 273 2502 Apud
287 2467 415 2493 eumdum
433 2477 439 2493 ι
453 2468 574 2503 quintus.
947 2468 958 2486 5
976 2468 1050 2495 Finis
1071 2469 1082 2503 §
1096 2469 1127 2497 5,
1142 2468 1309 2494 Herimanni.

195 2512 267 2539 Finis
286 2514 325 2548 *j-'t
340 2533 347 2546 ‚
368 2513 534 2539 Herimanni.
946 2515 958 2532 ⁶
980 2515 1160 2541 Hcrimannus
1171 2535 1177 2546 ⁷
1192 2515 1204 2550 ᾖ
1218 2514 1244 2541 9.
