2118 3184
514 415 739 450 CllRONlCA
770 416 937 449 ‚xsssslnll
965 416 1006 450 Ll
1036 415 1202 450 Mulsls.
1556 418 1625 449 269

104 533 138 560 et
170 525 370 572 publicare.
404 532 436 559 et
464 526 512 559 sic
539 525 748 560 duodecima
779 525 836 559 die
864 527 991 559 niensis
1017 525 1114 566 Maii.
1150 527 1304 559 fecerunt
1333 538 1415 559 eum
1441 524 1618 559 decollari.

155 586 254 618 Anno
287 582 432 617 eodem.
467 585 567 617 tertia
598 583 655 617 die
688 584 815 617 mensis
843 584 944 626 Maii.
980 583 1146 617 dominns
1173 583 1334 626 Carolus.
1365 583 1456 617 filius
1487 582 1622 617 domini

106 643 237 676 Alfonsi
256 641 300 676 de
320 642 501 688 Hispania.
524 643 726 688 capitaneus
747 643 781 675 in
800 642 834 676 S.
857 642 1055 679 Odomaro,
1076 643 1134 675 ivii
1156 655 1238 676 cuin
1257 643 1328 676 suis
1345 642 1532 676 armaturis
1551 654 1624 674 ver-

103 713 161 734 sus
179 701 295 734 villain
318 699 363 734 de
386 699 592 734 limem-0110
614 701 649 734 in
670 700 848 743 flandria.
878 707 911 734 et
936 701 1042 734 eaesis
1066 701 1226 746 pluribus
1257 713 1334 734 eain
1367 700 1558 734 combussit
1588 706 1623 732 et

105 759 223 805 plures
241 758 324 792 alias
342 758 438 791 villas
453 765 678 804 campestres.

152 816 283 851 Eodem
306 828 415 850 anno.
447 816 605 850 uidelicet
634 817 875 851 MCCCXLYH
890 844 897 850 .
919 824 1040 851 octava
1061 817 1118 851 die
1136 818 1251 859 junii.
1278 825 1349 851 erat
1378 830 1435 851 rex
1459 818 1621 851 franciae

105 876 297 910 Attrebati.
323 882 355 908 et
383 875 548 909 dominus
571 876 750 909 ‹loliannes
770 876 814 910 de
839 876 1041 919 Hannonia.
1068 883 1211 910 vocatus
1238 875 1404 910 (lominus
1430 876 1474 909 de
1506 876 1623 909 Blau-

105 939 217 976 ηιοηιτ
244 934 338 967 venit
361 934 395 966 in
417 933 576 967 Turnaco
600 946 681 968 cuin
706 934 844 968 circiter
869 934 1047 981 sexaginta
1071 934 1240 967 militibus
1264 941 1298 967 et
1319 935 1485 981 gentibus
1511 946 1624 968 armo-

105 1004 184 1026 rum
204 993 372 1038 copiosis,v
399 999 433 1025 et
455 993 551 1025 stetit
572 993 607 1025 in
636 993 846 1026 monasterio
866 992 901 1026 S.
926 993 1087 1035 Martini7
1115 993 1254 1039 fuitque
1274 1000 1434 1039 receptus
1453 993 1623 1027 amicabi-

104 1050 199 1092 liter.
221 1056 255 1083 et
275 1050 305 1083 ei
325 1049 503 1084 exhibitus
522 1050 638 1084 honor
656 1058 857 1085 consuetus.

153 1108 288 1142 Accidit
303 1115 422 1142 autem
437 1108 590 1154 quadam
606 1109 681 1151 die.
702 1109 800 1156 quod
818 1109 964 1155 quidam
984 1109 1028 1143 de
1047 1110 1176 1143 familia
1193 1110 1328 1144 domini
1344 1111 1388 1145 de
1403 1111 1620 1157 Faynnelle-s‘,

105 1167 230 1201 ludens
248 1167 293 1201 ad
317 1168 451 1201 taxillos
471 1180 552 1201 cuin
572 1168 728 1214 quodam
749 1168 793 1201 de
813 1169 990 1211 Tornaco³
1012 1169 1072 1214 qui
1096 1169 1187 1201 inter
1204 1181 1240 1202 se
1259 1170 1410 1203 rixantes
1431 1177 1622 1216 coeperunt

105 1225 304 1268 decertare.
325 1232 357 1258 et
379 1226 509 1259 familia
533 1225 617 1259 dicti
637 1225 771 1259 domini
791 1225 836 1259 de
853 1226 1061 1272 Fayuzwllvx
1078 1232 1259 1259 traxerunt
1278 1227 1375 1260 illum
1401 1227 1445 1261 de
1466 1228 1624 1262 Tornaco

105 1284 140 1317 in
172 1283 367 1329 hospitium
390 1295 535 1325 eorum7
561 1289 596 1316 et
619 1295 701 1316 euin
724 1283 1020 1323 verberaveruntq
1052 1283 1171 1328 plures
1196 1291 1315 1317 autem
1345 1284 1390 1318 de
1422 1287 1623 1319 communia

104 1341 174 1375 hoc
199 1340 375 1383 videntes.
404 1341 521 1374 nescio
545 1352 618 1386 quo
644 1340 834 1383 instinctu.
865 1347 1053 1373 moverunt
1074 1353 1127 1383 se.
1153 1348 1184 1374 et
1208 1342 1275 1375 fuit
1299 1344 1564 1391 promulgatum
1592 1352 1625 1377 et

105 1399 295 1433 clamatum
313 1410 378 1444 per
396 1404 507 1431 totam
527 1398 643 1431 villam
663 1398 750 1432 citra
765 1405 799 1431 et
818 1398 910 1431 ultra
931 1397 1111 1441 Scaldain7
1133 1399 1232 1445 quod
1251 1400 1514 1435 Hannonienses
1533 1415 1626 1436 com—

105 1457 263 1491 muniam
281 1463 316 1490 et
333 1456 549 1490 habitatores
570 1456 735 1489 volebant
753 1455 980 1502 suppeditare
993 1484 1001 1499 7
1023 1463 1057 1490 et
1075 1457 1124 1490 sic
1144 1464 1214 1491 tota
1238 1460 1441 1493 communia
1461 1460 1625 1508 ignorans

105 1516 286 1550 veritatem
309 1515 359 1548 rei
385 1515 453 1548 fuit
476 1515 512 1548 in
536 1521 676 1549 tantum
700 1521 896 1558 commota,
926 1516 1164 1549 nescientibus
1189 1517 1488 1564 gubernatoribus
1511 1519 1622 1553 villae.

105 1574 209 1608 Venit
233 1580 352 1608 autem
380 1573 531 1607 maxima
559 1573 752 1607 multitudo
782 1574 1007 1607 communiae
1040 1574 1076 1607 in
1103 1574 1180 1608 foro
1208 1582 1289 1608 ante
1314 1575 1510 1622 hospitium
1542 1577 1625 1611 dicti

103 1632 240 1668 domini
263 1632 308 1667 de
325 1632 550 1679 Faytzzzelles,
577 1632 711 1666 ibidem
738 1632 889 1666 insultus
912 1639 947 1666 et
974 1633 1156 1667 violentias
1182 1634 1352 1679 plurimas
1379 1635 1565 1669 facientes.
1592 1643 1626 1669 et

103 1691 210 1726 etiam
234 1691 270 1725 in
291 1690 366 1724 aliis
390 1690 572 1736 hospitiis,
600 1690 662 1724 ubi
684 1690 842 1724 sciebant
865 1690 1128 1725 Hannonienses
1149 1690 1358 1737 hospitatos.
1381 1692 1483 1726 Venit
1507 1701 1624 1727 autem

103 1749 250 1797 quidam
282 1761 345 1795 per
371 1748 634 1783 fraudulentam
659 1748 891 1793 delationem.
920 1750 982 1796 qui
1004 1749 1154 1792 diceret.
1183 1750 1281 1796 quod
1305 1751 1569 1786 Hannonienses
1590 1754 1626 1786 in

105 1807 317 1842 monasterio
343 1806 379 1841 S.
408 1807 550 1840 Martini
573 1819 608 1841 se
631 1807 881 1841 coadunabant
902 1814 936 1841 et
959 1808 1164 1851 armabant.
1194 1809 1338 1842 absente
1358 1816 1477 1843 tamen
1502 1823 1625 1844 eorum

105 1865 271 1909 domino7
294 1865 356 1912 qui
375 1872 451 1899 erat
471 1866 641 1899 Attrebati
665 1865 709 1900 ad
728 1865 916 1900 dominum
935 1879 1066 1914 regem.
1091 1866 1192 1900 Venit
1210 1874 1328 1901 autern
1348 1868 1443 1902 dicta
1463 1881 1627 1903 commu-

106 1924 163 1958 nia
185 1931 221 1958 et
244 1923 481 1958 circumdedit
504 1923 639 1958 dictum
666 1925 939 1968 monasterium.
961 1931 996 1958 et
1013 1937 1077 1971 per
1094 1926 1202 1959 scalas
1221 1933 1255 1960 et
1274 1939 1394 1960 muros
1413 1934 1447 1961 et
1465 1928 1627 1962 ubicum—

105 1995 177 2030 que
200 1989 364 2029 poterant
387 1983 536 2026 intrare.
565 1983 746 2017 intrabant
768 1990 803 2017 et
826 1995 908 2017 cum
936 1983 1060 2031 gladiis
1079 1991 1114 2018 et
1132 1985 1286 2019 fustibus
1307 1998 1366 2019 eos
1388 1987 1622 2032 quaerebant.

104 2042 261 2075 volentes
282 2053 346 2087 per
363 2041 565 2075 violentiam
584 2049 724 2088 portam
746 2042 947 2076 monasterii
967 2043 1123 2088 aperire7
1145 2056 1253 2089 quam
1275 2045 1411 2090 aperire
1436 2057 1506 2078 non
1533 2046 1627 2079 vale-

105 2100 205 2134 bant.
227 2100 410 2133 Venerunt
426 2107 544 2134 autem
564 2101 753 2147 praepositi
771 2107 806 2134 et
824 2101 1080 2149 gubernatores
1098 2102 1247 2136 civitatis
1260 2129 1268 2145 ·,
1290 2103 1351 2149 qui
1371 2103 1531 2137 fecerunt
1549 2116 1625 2137 eain

106 2160 256 2205 aperire.
281 2159 428 2192 Intravit
449 2165 566 2193 autem
593 2172 675 2193 cum
702 2160 785 2206 ipsis
807 2160 959 2193 maxima
977 2172 1057 2205 pars
1080 2161 1322 2204 communiae,
1352 2168 1386 2195 et
1407 2162 1626 2207 quaerebant

106 2217 241 2263 ubique
262 2217 546 2260 Hannonienses.
572 2230 662 2264 quos
685 2230 766 2252 cuin
787 2230 859 2252 non
877 2219 1091 2264 reperirent.
1113 2218 1280 2253 mandato
1303 2221 1492 2266 praepositi
1511 2233 1626 2254 reces-

107 2281 230 2309 serunt
255 2274 300 2308 de
325 2275 552 2309 monasterio.
583 2276 732 2322 Fuitque
757 2276 865 2310 abbas
888 2288 928 2310 ac
954 2276 1119 2310 monachi
1141 2283 1176 2310 et
1200 2277 1249 2310 illi
1272 2278 1334 2323 qui
1356 2278 1392 2310 in
1413 2279 1625 2313 monasterio

107 2332 305 2368 absconditi
323 2339 441 2376 erant,
462 2333 499 2366 in
521 2345 651 2381 magno
670 2334 827 2380 periculo
853 2340 888 2367 et
911 2334 1049 2368 timore.
1073 2333 1162 2377 Sed.
1184 2334 1393 2368 benedictus
1417 2335 1528 2369 Deus!
1552 2337 1626 2370 sine

107 2392 255 2438 alicujus
287 2392 438 2426 laesione
470 2391 641 2435 notabili,
681 2392 755 2426 sine
786 2398 899 2425 morte
934 2398 1179 2435 recesserunt,
1216 2399 1251 2426 et
1284 2392 1429 2439 quando
1459 2393 1626 2428 dominus

106 2450 151 2485 de
179 2451 388 2497 Byanmonc
411 2463 570 2484 reversus
599 2457 650 2484 est
679 2463 698 2484 a
733 2463 813 2498 rege
845 2451 882 2484 in
914 2451 1136 2494 Tornaeum,
1166 2457 1201 2484 et
1226 2450 1270 2484 de
1297 2451 1390 2486 facto
1415 2452 1625 2486 informatus

107 2510 237 2557 gratias
263 2508 419 2544 reddidit
445 2509 744 2557 gubernatoribus
765 2509 982 2555 sapientibus
1004 2516 1038 2544 et
1060 2509 1155 2553 aliis7
1179 2510 1240 2556 qui
1267 2522 1347 2544 suas
1363 2517 1486 2558 gentes
1505 2517 1627 2545 contra
