2137 3131
467 408 536 442 842
1071 400 1364 436 APPENDICES.

468 519 495 539 et
505 511 650 547 praepositi
661 521 667 544 3
678 510 825 541 hunberti,
839 508 974 540 Balduiui,
984 508 1071 544 Sigei-i
1082 529 1088 539 Ἴ
1100 517 1295 534 conversorum
1305 508 1456 535 Ninivensis
1468 509 1598 535 ecclcsiae
1609 519 1615 543 3
1627 508 1655 534 S.
1668 509 1783 535 walteri
1795 509 1927 543 Flumine,
1938 510 1980 535 Si-

469 561 526 595 geri
538 559 570 584 dv
585 557 719 585 scallam,
735 556 871 582 Theodori
884 555 917 581 de
932 555 1042 582 Elsbeca
1054 577 1060 587 ,
1071 555 1225 582 Godescalci
1238 556 1271 582 de
1286 556 1359 591 Nepa
1367 561 1393 582 et
1403 556 1518 582 walteri
1532 555 1638 582 Stoi-em
1652 556 1686 583 dc
1701 556 1789 588 Νααί,
1805 556 1977 583 scabinorum

469 607 502 631 tle
511 605 658 631 lllcrbeccn.
670 603 764 629 Actum
773 612 862 628 corani
876 611 917 627 me
929 602 1000 637 apud
1009 602 1188 634 Merheccam,
1200 603 1226 628 in
1235 603 1305 628 atrio
1320 612 1351 629 ex
1362 607 1440 638 parte
1453 602 1629 635 occidentali,
1642 612 1714 629 anno
1730 603 1836 629 Domini
1846 602 1959 629 MCCXX
1972 625 1978 634 ,

467 653 526 678 idus
545 651 643 677 martii.
659 649 715 675 Hoc
733 649 803 675 idem
818 649 894 684 prius·
912 653 1001 674 actum
1016 648 1068 674 suit
1082 654 1108 674 et
1122 648 1250 675 collatum
1270 650 1297 675 in
1313 659 1408 675 manus
1421 649 1523 675 domini
1538 649 1674 685 Radulphi
1685 671 1691 683 ,
1706 650 1812 676 abbatis
1827 650 1978 676 Ninivensis

466 699 603 729 ecclesiae,
615 696 686 732 apud
698 696 863 722 Mei-beccam
874 697 901 722 in
915 696 1019 731 capella
1030 696 1057 722 S.
1071 696 1144 722 Petri
1153 717 1159 729 7
1173 697 1293 722 intrante
1307 697 1417 729 Martio⁷
1433 706 1524 723 coram
1535 696 1614 723 dictis
1626 697 1756 733 magistro
1768 696 1800 723 G.
1813 702 1840 723 et
1852 696 1978 723 Johanne

466 751 491 771 et
505 745 619 771 llenrico
629 765 635 775 ,
650 743 838 770 sacerdotibus
851 749 877 769 et
890 744 1026 770 canonicis
1038 743 1072 769 de
1083 743 1242 779 lllerbecca5
1259 749 1286 770 et
1300 744 1430 770 Nicholao
1444 744 1525 770 etiam
1537 744 1571 770 de
1584 744 1728 775 Windeea,
1743 744 1868 770 diacono.
1883 743 1978 770 'restes

466 792 543 818 etiam
557 790 655 816 ibidem
670 790 734 816 dicti
749 790 887 816 walterus
899 790 1035 824 Flumine,
1051 789 1163 826 Sigerus
1177 790 1211 816 de
1227 790 1364 822 Scalkem,
1381 790 1542 817 Theoderus
1555 790 1589 816 de
1603 790 1732 823 Elsbcca,
1751 790 1933 817 Godescalcus
1945 790 1978 816 de

468 838 552 873 Nepa,
566 837 704 863 walterus
718 837 823 863 Storcm
837 836 870 862 de
885 836 971 869 Naut,
987 836 1071 863 Adam
1086 836 1120 863 de
1135 836 1222 870 Naat,
1237 842 1264 863 et
1279 837 1439 873 Arnulphus
1447 837 1480 863 de
1493 836 1578 871 Naat,
1595 837 1700 863 scabini
1713 837 1747 863 de
1762 837 1912 863 Mei-becca.

1443 901 1550 933 Original
1559 920 1565 931 ‚
1579 909 1647 925 sceau
1660 909 1689 925 en
1701 902 1748 926 cire
1761 902 1844 926 brune.

1134 1216 1304 1250 CXXVII.

466 1311 499 1345 E
502 1311 651 1358 nyelbert
672 1309 866 1358 d’Anglmm
885 1311 1052 1356 eonfimne
1074 1312 1110 1345 la
1130 1312 1298 1346 donation
1316 1312 1358 1346 cle
1379 1315 1435 1346 sim
1447 1315 1644 1359 jozernauat
1665 1312 1705 1346 cle
1728 1318 1820 1346 terre
1833 1310 1918 1359 pres
1935 1311 1976 1345 de

491 1370 668 1404 Hartbelae
680 1397 689 1412 ,
702 1370 788 1414 faite
797 1382 872 1416 par
884 1382 946 1403 son
959 1371 1076 1404 'cassel
1081 1398 1090 1413 1,
1112 1371 1243 1405 Rohert
1259 1371 1300 1405 de
1316 1371 1463 1406 Bossart
1470 1399 1480 1414 ,
1502 1370 1525 1405 ἀ
1543 1371 1949 1418 l'ahbczye.—HARTBEKE.

1090 1560 1105 1581 Α
1117 1558 1237 1582 §trichout
1245 1578 1251 1583 ,
1266 1559 1335 1583 1921.

500 1628 554 1663 Ego
565 1627 748 1662 higelbertus,
764 1627 889 1653 dominus
900 1627 933 1653 de
946 1628 1097 1664 Aienqlzien
1108 1649 1115 1660 ‚
1129 1635 1223 1655 notum
1236 1629 1305 1655 facio
1318 1629 1510 1665 praesentibus
1521 1634 1548 1655 et
1560 1629 1675 1661 futuris,
1689 1629 1763 1664 quod
1774 1638 1835 1656 cum
1849 1630 1975 1657 dominus

464 1675 612 1707 ucbertus,
632 1675 708 1700 miles
727 1674 760 1700 de
778 1674 904 1708 Bessart,
922 1675 956 1702 de
970 1685 1081 1702 assensu
1096 1682 1123 1702 et
1136 1676 1277 1703 voluntate
1291 1677 1436 1704 Helewidis
1450 1677 1542 1703 uxoris
1561 1686 1640 1708 suae,
1656 1677 1823 1703 constitutus
1840 1678 1868 1704 in
1882 1678 1976 1705 ultima

462 1722 601 1748 voluntate
618 1722 724 1748 dederit
738 1722 874 1748 Ninivensi
894 1723 1025 1750 ecclesiae
1040 1724 1066 1749 in
1087 1724 1199 1750 liberam
1218 1730 1246 1750 et
1257 1730 1419 1760 perpetuam
1438 1725 1655 1760 eleemosynam,
1676 1724 1785 1750 nomine
1805 1727 1974 1760 testamenti,

460 1770 566 1795 circiter
580 1779 624 1795 sex
637 1770 752 1795 dietario
766 1775 865 1801 terrae,
877 1779 974 1805 parum
985 1771 1047 1806 plus
1061 1771 1104 1798 vel
1118 1772 1220 1805 minus,
1232 1773 1349 1806 jacentis
1360 1772 1440 1806 juxta
1450 1773 1554 1798 curiam
1564 1772 1598 1798 de
1610 1772 1746 1798 nartheca
1756 1793 1763 1804 ‚
1779 1778 1863 1808 prout
1875 1783 1890 1799 a
1903 1783 1976 1800 com-

462 1818 551 1842 munia
565 1817 720 1843 extenditur
732 1816 846 1843 inferius
860 1826 938 1844 secus
951 1819 1099 1852 vinarium,
1112 1829 1193 1855 quam
1208 1825 1309 1846 terram
1324 1829 1338 1845 a
1350 1829 1392 1846 me
1407 1819 1517 1846 tenebat
1532 1820 1559 1845 in
1574 1818 1682 1845 feodum
1695 1828 1702 1845 ι
1717 1819 1837 1846 eamdem
1852 1820 1977 1847 donatio-

462 1874 520 1889 uem
535 1864 568 1890 de
583 1864 719 1899 praedicta
732 1869 806 1890 terra
819 1870 983 1891 memoratae
997 1866 1127 1893 ecclesiae
1143 1867 1256 1901 factam,
1271 1868 1375 1903 quitam
1393 1867 1482 1893 habeo
1496 1872 1524 1893 et
1537 1871 1676 1902 acceptam
1687 1887 1693 1899 ,
1710 1872 1737 1892 et
1751 1876 1831 1893 omne
1841 1867 1888 1901 jus
1901 1869 1974 1903 quod

460 1911 485 1936 in
500 1911 592 1937 eadem
608 1916 679 1937 terra
697 1911 779 1937 habui
790 1933 796 1943 ,
813 1912 900 1938 eidem
913 1913 1044 1940 ecclesiae
1061 1915 1088 1940 in
1105 1924 1201 1950 puram
1220 1915 1419 1950 eleemosynam
1433 1914 1558 1941 similiter
1570 1914 1693 1946 contuli,
1707 1914 1857 1941 decernens
1876 1915 1976 1942 nihilo—

461 1959 547 1984 minus
560 1963 591 1984 ut
600 1959 684 1993 ipsam
696 1964 796 1985 terram
810 1960 837 1986 in
850 1965 1014 1995 perpetuum
1028 1966 1129 1995 teneat,
1140 1963 1174 1989 ab
1182 1963 1255 1989 omni
1265 1963 1406 1990 exactione
1418 1968 1446 1988 et
1456 1962 1592 1988 calumnia
1602 1962 1715 1988 liberam
1729 1967 1757 1988 et
1769 1963 1924 1989 immunem.
1940 1963 1976 1990 Ut

459 2006 571 2032 salutem
584 2016 615 2032 ex
627 2006 677 2032 hoc
689 2006 760 2033 facto
772 2012 799 2033 et
809 2007 919 2042 aliquod
932 2009 1082 2035 remedium
1094 2011 1198 2037 animae
1210 2020 1284 2037 meae
1293 2020 1307 2036 a
1316 2010 1430 2036 Domino
1442 2019 1496 2036 nou
1507 2009 1611 2036 frustra
1619 2018 1731 2044 sperare
1744 2009 1869 2043 debeam,
1880 2016 1909 2037 et
1920 2020 1976 2037 me—

460 2053 512 2078 rito
524 2054 654 2079 invenire.
668 2054 703 2079 Ut
713 2059 804 2080 autem
817 2060 976 2089 praenotata
988 2056 1103 2083 ecclesia
1112 2057 1264 2085 Ninivensis
1275 2058 1375 2084 dictam
1388 2063 1488 2084 terram
1503 2057 1574 2083 sicut
1585 2066 1676 2083 veram
1686 2057 1885 2093 eleemosynam
1897 2067 1972 2084 suam

460 2101 485 2125 in
498 2105 660 2135 perpetuum
673 2100 784 2135 pacifice
796 2101 934 2136 possideat
943 2107 970 2128 et
982 2104 1075 2138 quiete
1084 2125 1092 2137 ‚
1105 2105 1237 2140 scriptum
1248 2114 1377 2141 praesens
1388 2104 1477 2141 sigillo
1486 2113 1545 2131 meo
1556 2104 1715 2130 roboratum
1726 2125 1733 2136 ‚
1747 2103 1834 2130 eidem
1846 2104 1974 2131 ecclesiae

459 2147 551 2173 censui
565 2146 772 2173 conserendum.
788 2147 874 2173 Porro
889 2148 951 2175 huic
966 2148 1037 2176 sacto
1052 2150 1240 2178 iuterfuerunt
1256 2157 1385 2188 tanquam
1400 2157 1483 2178 testes
1499 2161 1506 2178 ε
1520 2150 1659 2177 Walterus
1672 2150 1706 2177 de
1720 2151 1843 2177 Mushem
1855 2172 1861 2183 ,
1878 2151 1973 2178 Daniel

459 2194 492 2219 de
508 2193 667 2219 Rusckebroc
677 2214 684 2227 ,
700 2194 810 2227 milites,
826 2194 949 2222 homines
963 2197 1028 2232 mei3
1044 2197 1171 2225 Oliverus
1186 2198 1220 2225 de
1233 2198 1378 2231 Timbeke‚
1392 2203 1420 2225 et
1431 2197 1642 2234 Inghelbertus‚
1658 2196 1752 2223 famuli
1762 2199 1824 2224 mei.
1837 2198 1935 2225 Actum
1947 2200 1974 2225 in

459 2240 538 2266 domo
548 2249 615 2273 mea,
629 2241 654 2266 in
666 2240 814 2271 Stricltout,
825 2240 891 2268 feria
899 2248 996 2277 quarta
1004 2249 1065 2279 post
1076 2244 1175 2272 festum
1184 2245 1256 2272 beati
1266 2245 1369 2278 Lucae,
1382 2254 1453 2272 anno
1463 2244 1661 2272 Inoni-nationis
1670 2243 1821 2271 dominicae
1831 2245 1971 2273 MCCXXI.

1516 2321 1648 2346 cartulaire
1659 2321 1688 2345 dc
1700 2320 1807 2346 Malines.

1196 2408 1263 2419 Ι]
