2137 3131
437 400 507 436 782
1044 393 1333 429 APPENDICES.

438 509 615 535 bunariorum
629 515 686 533 esse
697 504 798 531 dicitur
806 503 849 530 vel
862 502 944 538 paulo
953 502 1040 528 minus
1051 501 1093 527 vel
1105 501 1231 536 amplius,
1239 506 1266 527 et
1273 501 1307 528 de
1316 501 1525 528 eademcultura
1535 501 1639 527 decima
1647 502 1732 536 ipsius
1741 501 1775 528 ad
1783 502 1953 529 Ninivensem

435 557 574 583 ecclesiam
588 559 648 589 post
662 557 778 578 mortem
791 551 875 586 ipsius
887 550 1048 580 deveniret,
1065 550 1087 575 si
1105 549 1164 575 sine
1177 548 1296 575 haerede
1313 549 1415 576 obiret.
1431 549 1488 576 Hoc
1501 553 1613 584 pactum
1631 554 1659 575 et
1674 549 1777 575 (ionum
1796 549 1912 576 vidimus
1927 555 1955 576 et

436 603 588 629 audivimus
599 621 605 631 ,
619 606 645 626 et
657 598 807 634 sigillorum
820 602 978 623 nostrorum
990 596 1168 631 impressione
1181 601 1208 621 et
1221 601 1316 622 nostro
1331 597 1486 623 testimonio
1501 601 1530 622 et
1544 596 1660 622 aliorum
1673 596 1796 623 fidelium
1809 597 1956 624 confirma-

438 659 533 675 vimus.
551 648 644 673 Testes
664 645 797 672 Henricus
810 664 818 674 ,
832 643 959 670 sacerdos
977 643 1012 670 de
1030 643 1154 669 Woluwe
1165 665 1173 675 ‚
1188 643 1323 669 Reincrus
1339 643 1483 671 Ruscbosc.
1507 644 1612 670 Franco
1628 644 1739 679 Lupus„
1757 644 1901 671 Anselmus
1920 645 1954 671 de

441 696 574 722 Giseukem
585 715 592 727 ,
605 693 688 719 Adam
701 693 734 719 de
748 692 916 728 Grimbergis
928 712 935 724 ,
952 691 1092 717 Walterus
1105 691 1170 717 Bosc
1183 696 1211 717 et
1226 691 1271 717 alii
1285 691 1390 726 plures.
1403 692 1501 718 Actum
1514 701 1586 718 anno
1597 691 1748 718 dominicae
1763 692 1957 719 incarnationis

439 742 603 770 ncnxxxll
617 763 623 771 ,
639 750 729 767 mense
746 739 887 766 januario.

1146 795 1255 826 Originat
1266 813 1273 818 .
1286 802 1355 819 sceau
1372 802 1400 819 en
1414 794 1462 818 cire
1479 795 1554 819 brune
1565 814 1571 824 ‚
1585 803 1631 819 aux
1648 795 1753 820 archives
1771 796 1800 819 de
1818 796 1840 820 la
1858 797 1959 821 Fiandre

1180 837 1304 861 orientale.

1144 1116 1246 1150 XLV.

437 1213 482 1247 Le
496 1219 601 1247 comte
615 1213 812 1247 Bamlouz'n
824 1213 865 1246 de
880 1211 1048 1246 Haz'naut
1060 1212 1228 1258 confirme
1247 1212 1281 1245 la*
1299 1213 1468 1247 clonatz'on
1482 1213 1571 1247 d'un
1590 1214 1725 1247 moulz'n
1744 1212 1769 1248 ἀ
1782 1213 1953 1261 l’czhhaye.

1060 1293 1108 1297 —
1124 1271 1325 1306 Rfflmsssmr.

1092 1447 1109 1468 A
1122 1445 1292 1468 Binch.1182.

475 1517 504 1542 ln
517 1517 623 1542 nomine
638 1516 755 1542 Domini.
768 1516 825 1552 Ego
841 1515 1004 1545 Balduinus,
1025 1515 1074 1542 Dei
1085 1516 1173 1551 gralia
1185 1537 1192 1545 ,
1209 1525 1224 1541 a
1238 1515 1373 1542 Balduino
1390 1517 1488 1542 comite
1502 1516 1549 1551 qui
1565 1515 1733 1541 Ilasnonium
1751 1516 1954 1550 reaedificavit,

436 1564 482 1590 ubi
494 1569 521 1590 et
532 1564 654 1599 sepultus
665 1564 782 1599 quiescit
792 1584 799 1595 ‚
815 1564 862 1599 qui
876 1569 904 1589 et
914 1564 1054 1590 Franciam
1068 1564 1245 1598 procuravit.
1261 1568 1287 1589 et
1302 1563 1446 1590 Flandriae
1458 1564 1538 1589 simul
1553 1573 1584 1589 ac
1596 1564 1756 1589 Hannoniae
1771 1564 1956 1590 monarchiam

436 1612 492 1637 suis
504 1612 673 1646 temporibus
686 1612 807 1637 obtinuit
816 1632 823 1637 .
839 1621 891 1647 ego
901 1633 907 1642 ,
923 1612 1033 1646 inquam
1045 1632 1051 1642 ‚
1062 1611 1152 1637 abillo
1163 1611 1386 1637 [Iannouensium
1395 1621 1485 1637 comes
1495 1612 1608 1646 quintus
1617 1632 1623 1638 .
1634 1611 1772 1646 praesenti
1784 1616 1811 1637 et
1823 1616 1957 1637 venturae

433 1659 601 1694 generationi
613 1665 707 1684 notum
719 1659 777 1684 fieri
793 1658 853 1684 volo
868 1659 942 1694 quod
956 1659 1037 1685 homo
1051 1664 1077 1684 et
1092 1659 1168 1684 miles
1180 1668 1256 1684 meus
1267 1680 1273 1684 .
1290 1658 1429 1685 Gerardus
1444 1659 1478 1684 de
1490 1658 1613 1684 Rohinus
1622 1679 1629 1690 ‚
1647 1668 1661 1684 a
1676 1668 1772 1685 sorore
1784 1668 1832 1684 sua
1844 1659 1901 1685 Yda
1911 1659 1955 1693 xxj

438 1715 541 1731 mareas
559 1707 665 1742 argenti
681 1706 834 1732 Coloniensi
847 1706 938 1742 pondo
949 1707 1117 1742 impetravit,
1128 1711 1211 1742 atque
1223 1707 1248 1732 in
1260 1706 1415 1742 praesentia
1426 1716 1485 1732 mea
1494 1711 1520 1732 et
1530 1707 1624 1732 uxoris
1634 1716 1709 1732 meae
1717 1706 1897 1742 Margaretae,
1909 1707 1958 1732 ba—

431 1753 538 1789 julique
550 1754 600 1779 mei
614 1754 726 1780 lioberti
739 1754 773 1780 de
787 1754 917 1790 Gamapia
936 1760 962 1780 et
979 1754 1162 1790 quorumdam
1178 1755 1312 1780 baronum
1324 1764 1447 1780 meorum
1459 1755 1613 1789 portionem
1627 1763 1704 1780 suam
1719 1753 1866 1780 molendini
1880 1754 1956 1789 quod

436 1800 468 1826 de
483 1800 592 1826 Raineri
605 1806 678 1826 sarto
691 1800 792 1827 dicitur
806 1810 867 1827 cum
883 1801 988 1827 vivario
999 1806 1026 1827 et
1039 1806 1113 1827 terra
1130 1801 1217 1827 eidem
1235 1801 1295 1827 loco
1311 1801 1471 1836 appendicia
1481 1822 1487 1832 ‚
1504 1800 1642 1836 praefatae
1658 1810 1724 1827 suae
1738 1801 1813 1827 Ydae
1827 1801 1916 1827 sorori
1929 1802 1956 1827 in

436 1848 618 1873 vadimonium
630 1857 680 1882 pro
692 1849 897 1883 praenominata
909 1849 1024 1884 pecunia
1035 1848 1111 1874 dedit
1119 1869 1125 1877 ,
1140 1858 1171 1874 ea
1181 1848 1338 1875 conditione
1349 1853 1380 1874 ut
1392 1853 1607 1883 praememorata
1616 1857 1695 1874 soror
1706 1857 1756 1874 sua
1764 1848 1822 1874 Yda
1833 1857 1958 1874 numera-

437 1895 483 1920 tim
494 1900 595 1920 sortem
609 1904 701 1926 suam,
715 1895 869 1930 praedictas
884 1894 1011 1922 videlicet
1022 1895 1064 1930 xxj
1078 1905 1182 1921 marcas
1196 1897 1302 1931 argenti
1322 1895 1493 1922 Coloniensi.
1511 1900 1542 1920 ut
1555 1895 1657 1921 dictum
1671 1900 1727 1927 est,
1740 1895 1832 1930 pondo
1842 1905 1875 1921 ex
1887 1895 1959 1922 sruc-

436 1942 508 1967 tibus
517 1941 674 1973 molendini,
686 1942 781 1967 vivarii
794 1947 821 1968 et
832 1947 922 1968 terrae
931 1942 1002 1968 sicut
1014 1942 1093 1968 vadia
1104 1952 1132 1968 se
1144 1942 1247 1968 habent
1257 1952 1288 1968 ex
1299 1943 1406 1978 integro
1418 1942 1542 1977 recipiat.
1555 1942 1633 1977 Quod
1644 1943 1665 1968 si
1678 1942 1764 1968 fratre
1772 1952 1822 1968 suo
1833 1942 1956 1969 Gerardo

434 1988 523 2014 adhuc
546 1989 671 2021 vivente,
691 1994 793 2015 sortem
808 1998 903 2021 suam,
924 1994 956 2015 ut
973 1989 1106 2021 diximus,
1124 1999 1156 2015 ex
1174 1990 1282 2025 integro
1296 1990 1450 2024 receperit,
1471 1989 1609 2015 Gerardus
1629 1989 1814 2015 molendinum
1831 1999 1912 2016 suum
1929 1995 1958 2017 et

436 2041 553 2062 caetera.
564 2036 696 2061 vivarium
707 2046 786 2062 suum
797 2041 880 2071 atque
893 2042 993 2062 terram
1003 2046 1079 2063 suam
1089 2037 1176 2064 libere
1188 2037 1348 2072 possidebit.
1363 2037 1390 2064 Si
1402 2046 1466 2063 vero
1477 2042 1540 2062 ante
1553 2037 1728 2063 novissimum
1738 2042 1865 2072 receptae
1875 2038 1958 2064 sortis

434 2082 574 2108 denarium
588 2083 773 2118 saepedictum
790 2083 900 2110 militem
916 2084 1067 2110 Gerardum
1082 2085 1159 2111 obire
1173 2085 1336 2121 contigerit,
1351 2085 1521 2120 praescripta
1535 2094 1614 2110 soror
1628 2094 1678 2110 sua
1697 2084 1752 2111 Yda
1768 2090 1956 2120 praetaxatum

434 2129 542 2155 vadium
552 2150 558 2162 ,
573 2130 754 2166 quoadusque
768 2131 921 2166 praedictas
933 2132 974 2166 xxj
990 2142 1094 2158 marcas
1105 2142 1119 2158 a
1131 2133 1220 2168 capite
1232 2133 1257 2158 in
1269 2137 1352 2168 caput
1362 2132 1454 2158 denuo
1465 2141 1496 2157 ex
1516 2133 1624 2168 integro
1636 2133 1788 2167 receperit,
1803 2132 1890 2159 libere
1907 2133 1958 2159 ob—

435 2176 548 2206 tinebit,
564 2176 651 2202 donec
661 2177 763 2211 justior
778 2177 874 2204 haeres
887 2178 1031 2210 adveniat,
1047 2181 1094 2214 qui
1109 2179 1224 2205 redditis
1236 2180 1278 2213 xxj
1294 2180 1391 2205 marcis
1403 2179 1603 2214 praescriptum
1616 2179 1723 2205 vadium
1737 2179 1772 2205 ab
1785 2189 1816 2206 ea
1826 2180 1952 2206 redimat.

436 2222 463 2247 Si
476 2228 564 2248 autem
580 2224 729 2258 praefatam
741 2226 883 2259 pecuniam
898 2225 939 2251 vel
955 2227 980 2252 in
992 2226 1192 2262 eleemosynam
1204 2227 1314 2253 tradere
1327 2226 1368 2252 vel
1382 2227 1408 2252 in
1421 2226 1489 2252 alios
1502 2236 1569 2252 usus
1580 2227 1788 2261 traducerejam
1801 2227 1956 2263 saepedicta

438 2269 492 2294 ula
510 2270 626 2296 voluerit
639 2271 743 2306 absque
757 2273 830 2298 omni
843 2273 1008 2299 offendiculo
1022 2284 1054 2300 cx
1069 2284 1100 2300 ea
1115 2274 1184 2301 velle
1198 2284 1279 2301 suum
1295 2275 1385 2300 facere
1403 2275 1519 2309 poterit,
1535 2274 1618 2309 hujus
1633 2284 1699 2300 vero
1712 2275 1900 2301 conventionis
1913 2285 1956 2301 me

437 2321 464 2341 et
474 2325 584 2343 uxorem
600 2327 685 2343 meam
699 2318 881 2355 Margaretam
894 2321 1068 2355 saepedictus
1083 2321 1158 2348 miles
1172 2322 1312 2348 (iel-ardus
1321 2321 1431 2347 obsides
1446 2321 1508 2347 fecit
1517 2341 1524 2353 ‚
1538 2321 1586 2347 sed
1600 2326 1627 2347 et
1642 2321 1766 2356 bajulum
1778 2327 1869 2348 terrae
1879 2331 1955 2348 meae

438 2363 586 2390 Robertum
598 2365 693 2392 eodem
705 2366 859 2393 obsidatum
871 2368 996 2394 similiter
1007 2368 1152 2405 obligavit,
1166 2369 1240 2396 unde
1253 2379 1287 2395 ne
1302 2379 1356 2405 qua
1367 2378 1451 2404 super
1464 2369 1506 2394 his
1519 2374 1642 2404 emergat.
1652 2369 1795 2399 dissentio,
1808 2375 1839 2395 ut
1853 2369 1960 2404 pactio-

438 2410 478 2435 nis
500 2410 542 2436 hic
561 2416 641 2437 tenor
656 2412 777 2439 fideliter
791 2423 821 2439 ac
835 2415 942 2441 sincere
963 2420 991 2441 et
1008 2416 1216 2443 immutabiliter
1236 2421 1319 2452 queat
1337 2416 1509 2448 conservari,
1524 2425 1581 2442 rem
1597 2421 1680 2451 prout
1701 2421 1778 2452 gesta
1795 2422 1838 2443 est
1851 2417 1955 2452 scripto

437 2458 681 2486 commendavimus
694 2469 725 2486 ac
737 2466 893 2488 nostrorum
906 2463 1134 2497 impressionibus
1148 2464 1300 2500 sigillorum
1315 2469 1407 2490 cartae
1418 2464 1571 2499 praesentis
1584 2463 1771 2490 testimonium
1784 2464 1956 2500 consignavi-

438 2513 509 2532 mus,
526 2514 587 2531 cum
606 2507 853 2542 subscriptionibus
873 2511 1006 2545 appositis
1022 2520 1118 2537 eorum
1136 2513 1184 2546 qui
1203 2517 1288 2538 testes
1303 2510 1456 2537 interfuere
1475 2511 1640 2537 nominibus.
1660 2510 1832 2546 Subscriptio
1852 2511 1954 2536 domini
