2118 3184
1608 413 1626 422 u

588 413 813 449 CHRONICA
842 414 1162 449 TORNACENSIS.
1559 414 1629 449 510

129 520 325 554 firmissime
341 548 349 563 ‚
376 528 491 555 tamen
519 529 677 556 tenemus
703 521 801 568 quod
827 522 992 555 relatione
1017 529 1159 567 paterna
1186 521 1397 563 didicimus7
1431 527 1469 554 ut
1500 520 1627 554 scilicet

128 582 287 624 tempore
311 581 563 625 persecutionis
584 580 850 622 normannicam
875 580 974 625 cujus
997 580 1150 613 narratio
1174 587 1252 626 post
1274 579 1431 614 dicetur.
1460 578 1626 612 nonnulla

124 634 170 669 de
193 638 396 683 supellectili
417 639 581 672 ecclesiae
604 645 742 672 nostrae
767 645 800 671 et
820 639 1095 684 possessionibus
1117 650 1198 672 cum
1220 638 1325 672 dente
1346 638 1436 672 beati
1465 637 1624 670 Martini.

126 693 161 727 iu
180 695 281 740 cujus
300 697 520 730 veneratione
538 697 726 731 fundatum
748 703 822 731 erat
837 698 1047 730 coenobium
1063 697 1318 731 monachorum
1335 709 1354 730 a
1374 697 1476 730 beato
1498 696 1605 743 Eligio
1617 722 1625 728 .

124 751 160 784 in
179 754 428 788 canonicorum
449 756 486 788 B.
510 755 637 789 Mariae
655 755 852 789 dominium
873 761 956 788 tunc
974 755 1195 795 devenirentq
1219 762 1279 789 aut
1296 754 1340 789 ad
1356 753 1626 788 custodiendum

124 812 372 858 suscipientes.
394 820 455 847 aut
475 814 612 860 aliquae
638 820 780 847 mutuae
798 813 1045 847 vicissitudinis
1066 815 1176 862 gratia
1194 815 1265 859 juri
1286 827 1350 847 suo
1374 814 1625 859 mancipantes.

127 869 244 917 Usque
270 872 304 905 in
336 872 548 906 hodiernum
575 874 703 906 etenim
732 872 825 906 diem
853 872 948 918 apud
973 885 1031 906 eos
1056 872 1144 906 dens
1176 873 1295 907 haberi
1327 872 1473 907 dicitur.
1506 879 1540 905 et
1567 883 1628 917 per

126 929 231 962 verba
255 930 451 977 subscripta
472 930 704 979 dignoscitur.
727 931 839 964 Verba
859 938 977 964 autem
1002 931 1139 965 Erbaldi
1161 944 1240 965 vera
1266 933 1371 966 fuisse
1391 944 1461 965 non
1485 930 1628 964 dubita—

125 997 205 1020 mus
216 1014 225 1030 „
241 989 324 1034 quia
339 1001 415 1023 mos
429 990 490 1035 qui
511 990 544 1022 in
565 989 694 1023 chartis
708 988 901 1023 scribendis
915 988 1020 1022 liodie
1038 990 1298 1035 frequentatur,
1310 991 1382 1036 jam
1402 991 1446 1024 ab
1465 990 1529 1023 illis
1544 996 1629 1022 tem-

125 1046 270 1091 poribus
285 1047 439 1081 inolevit.
457 1047 555 1081 Sicut
568 1049 661 1081 enim
676 1047 720 1080 de
736 1047 1011 1093 possessionibus
1029 1054 1061 1080 et
1081 1048 1248 1082 altaribus
1267 1061 1358 1094 quae
1374 1048 1479 1082 hodie
1498 1061 1515 1081 a
1535 1048 1628 1093 prin—

124 1103 261 1150 cipibus
286 1112 318 1138 et
349 1106 520 1151 episcopis
540 1106 692 1139 ecclesiis
709 1105 859 1148 dantur7
889 1104 961 1138 duo
988 1105 1222 1152 chirographa
1253 1106 1412 1141 videmus
1437 1106 1624 1140 conscribi.

124 1174 278 1209 quorum
305 1176 416 1198 unum
443 1176 482 1197 ex
511 1164 651 1210 propria
683 1164 910 1209 impressione
937 1164 1038 1211 sigilli
1066 1163 1197 1198 datoris
1224 1165 1413 1213 sigillatum
1444 1166 1624 1199 ecclesiae.

123 1222 180 1255 cui
199 1222 351 1256 traditur
369 1223 556 1269 possessio.
578 1222 777 1269 delegatur„
798 1223 946 1255 alterum
966 1234 1047 1255 vero
1066 1235 1137 1256 non
1158 1223 1365 1271 sigillatum„
1386 1224 1549 1257 ecclesiae
1568 1224 1627 1256 ubi

124 1279 223 1315 sedes
236 1288 288 1315 est
304 1281 476 1327 episcopi.
494 1287 666 1314 remanet:
685 1281 731 1314 ita
747 1281 876 1326 scripta
891 1280 1029 1313 illarum
1046 1282 1304 1326 possessionum
1324 1293 1415 1327 quae
1433 1282 1627 1327 antiquitus

123 1338 209 1373 haec
222 1339 365 1373 ecclesia
379 1338 549 1385 possedit.
567 1338 692 1372 eodem
707 1338 813 1372 modo
831 1338 1008 1371 canonicis
1023 1338 1057 1371 S.
1077 1338 1204 1372 Mariae
1222 1338 1350 1373 tradita
1369 1340 1474 1372 fuisse
1493 1339 1623 1386 liquida

122 1403 230 1443 patet.

171 1455 306 1490 Nostris
326 1456 338 1477 ¹
365 1457 469 1490 etiam
495 1455 735 1501 temporibus5
762 1455 923 1488 homines
949 1455 1176 1501 provectioris
1198 1455 1319 1488 aetatis
1340 1466 1440 1488 secus
1462 1454 1626 1488 Scaldum

122 1515 214 1549 circa
230 1515 365 1549 Helcim
385 1522 420 1549 et
437 1514 473 1549 S.
490 1515 677 1548 Genesium
697 1514 840 1547 fuerunt
853 1540 861 1554 .,
885 1514 946 1559 qui
965 1526 1000 1547 se
1019 1514 1063 1547 ab
1083 1514 1361 1548 antecessoribus
1381 1514 1452 1547 suis
1477 1514 1628 1547 audiisse

121 1573 305 1618 dixerunt,
327 1574 426 1622 quod
443 1574 586 1608 ecclesia
604 1574 668 1607 ista
685 1573 881 1619 antiquitus
898 1573 988 1606 infra
1007 1573 1094 1607 fines
1110 1580 1323 1608 memoratos
1339 1574 1534 1620 praeclaros
1553 1574 1628 1607 red—

122 1633 217 1668 ditus
231 1633 437 1680 possederit.
463 1632 558 1678 Ipsas
572 1644 654 1665 vero
674 1632 907 1677 possessiones
925 1631 1199 1665 determinantes
1213 1632 1378 1666 dicebant
1392 1633 1488 1679 quod
1508 1634 1627 1666 altaria

121 1693 280 1727 villarum
291 1698 566 1726 memoratarum
577 1717 585 1734 e
598 1697 713 1736 prata.,
727 1702 888 1733 nemora7
904 1697 1015 1724 terras
1029 1691 1193 1734 arabiles7
1206 1704 1335 1735 servos7
1351 1692 1492 1726 ancillas
1507 1700 1539 1726 et
1553 1705 1626 1726 cae-

121 1757 214 1785 teros
227 1750 403 1793 redditus7
422 1761 511 1796 quos
525 1760 620 1783 nunc
634 1749 682 1782 ibi
699 1755 795 1782 tenet
812 1749 1014 1795 ερίεοορυε.Λ
1034 1750 1192 1783 canonici
1207 1757 1241 1783 et
1251 1750 1377 1784 milites
1391 1750 1435 1784 de
1445 1751 1622 1796 episcopo.

121 1810 241 1844 altaria
259 1820 404 1856 quoque
423 1807 467 1841 de
481 1806 649 1841 Curtraco
669 1813 701 1840 et
720 1806 765 1840 de
783 1807 955 1841 Hemniis.
973 1808 1154 1841 monachis
1171 1807 1434 1842 discedentibus
1453 1809 1488 1842 in
1508 1822 1626 1855 perse-

120 1869 262 1904 cutione
275 1867 517 1909 normannica,
534 1866 600 1899 sub
613 1877 737 1899 eorum
752 1865 860 1898 tutela
875 1866 1067 1911 reliquisse.
1085 1865 1154 1900 Sed
1169 1866 1350 1900 monachis
1364 1879 1435 1900 non
1451 1866 1625 1901 redeunti-

121 1928 201 1971 bus.¹
213 1927 303 1974 juris
315 1926 369 1960 sui
382 1924 551 1959 allodium
561 1923 766 1958 effecerunt.
780 1923 871 1964 Quia
882 1930 999 1957 autem
1016 1931 1207 1958 restaurata
1217 1931 1269 1958 est
1282 1925 1356 1971 ipsa
1369 1925 1524 1968 ecclesia7
1539 1927 1625 1959 anti-

119 1987 263 2035 quitatis
277 1991 505 2019 monumenta
519 1982 651 2017 idcirco
665 1994 737 2016 non
750 1982 978 2030 deteguntur.
991 1983 1042 2017 Ne
1056 1983 1146 2016 inter
1160 1983 1249 2017 filios
1262 1984 1448 2030 utriusque
1462 1984 1624 2018 ecclesiae

119 2043 263 2092 aliquod
291 2042 481 2078 discidium
510 2041 561 2075 vel
588 2041 825 2075 controversia
850 2041 984 2074 oriatur
1009 2053 1074 2086 pro
1100 2041 1298 2087 repetendis
1325 2042 1621 2087 possessionibus7

118 2102 217 2151 quod
235 2114 317 2136 vero
331 2102 486 2135 habeant
500 2100 679 2147 privilegia
698 2100 922 2133 ecclesiarum
940 2100 978 2133 B.
996 2099 1157 2141 Quintini
1171 2099 1216 2134 de
1233 2100 1311 2134 foro
1323 2127 1331 2143 ,Ι
1349 2101 1516 2146 Beatique
1531 2101 1624 2134 Petri

119 2161 163 2196 de
180 2160 296 2195 media
313 2160 420 2202 urbe„
441 2159 476 2192 in
495 2158 626 2204 quibus
645 2159 934 2205 congregationes
952 2157 1091 2191 Christo
1116 2158 1363 2192 famulantium
1383 2158 1466 2191 olim
1487 2171 1624 2193 manse-

120 2226 204 2254 runt
221 2225 256 2253 et
273 2217 391 2252 adhuc
410 2217 659 2250 inrestauratae
682 2222 843 2259 manent,
865 2217 1169 2262 possessionesque
1191 2228 1311 2250 earum
1331 2222 1473 2249 teneant
1494 2217 1624 2262 plenis-

120 2279 224 2320 sime7
252 2277 408 2310 fatentur
432 2274 458 2307 2.
487 2274 648 2308 Nostram
676 2274 855 2307 ecclesiam
882 2274 1004 2320 priscis
1029 2274 1249 2320 temporibus
1274 2273 1467 2320 possedisse
1491 2281 1620 2309 terras.

119 2349 226 2384 super
239 2347 326 2382 quas
343 2346 437 2368 nunc
452 2339 645 2367 restaurata
662 2339 730 2374 est„
751 2339 786 2366 et
800 2333 835 2365 in
855 2333 1004 2367 circuitu
1019 2333 1094 2378 ejus
1112 2344 1183 2366 non
1202 2332 1377 2366 modicam
1391 2333 1623 2379 quantitatem

118 2394 354 2441 comperimus
367 2420 375 2435 ,
396 2403 486 2439 quae
502 2398 659 2436 tempore
678 2390 850 2424 secundae
869 2391 1130 2424 restaurationis
1148 2390 1266 2424 adhuc
1282 2396 1394 2424 terrae
1412 2392 1520 2425 sancti
1536 2391 1624 2426 Mar—

158 2524 163 2541 ¹
184 2524 298 2556 Herim.‚
313 2524 325 2558 5
340 2523 384 2549 45.
926 2518 939 2536 ²
959 2518 1051 2554 Finis3
1069 2519 1114 2544 45.
