2118 3184
547 411 773 446 CHRoNICA
803 412 967 446 ABG-loll
998 413 1038 446 Ll
1069 411 1232 448 MUlSlS.
1577 413 1642 447 231

135 521 255 555 nibus.
275 522 366 567 capti
383 522 417 555 in
434 522 495 554 ista
515 532 660 567 guerra.v
682 520 881 554 relaxentur
899 520 943 554 de
962 521 1034 554 suis
1050 521 1286 566 prisionibus.
1309 519 1352 554 ad
1373 519 1595 554 redeundum
1614 522 1646 553 in

135 580 201 614 illis
216 592 278 626 per
296 593 357 614 sua
371 581 572 626 juramenta
585 591 736 625 suasque
752 579 837 612 suh-s
850 607 857 612 .
876 580 938 613 nisi
961 581 1006 613 ita
1025 580 1068 613 sit
1081 607 1088 613 .
1111 579 1208 625 quod
1228 580 1357 613 fuerint
1378 579 1550 625 redempti
1569 586 1649 612 ante

135 638 253 673 datam
273 638 510 685 praesentium
528 644 754 684 treugarum7
776 638 870 671 salvo
889 638 985 684 quod
1005 638 1088 672 ‹licti
1109 638 1306 684 prisionarii
1327 637 1472 671 redeant
1490 650 1553 684 per
1571 650 1649 672 suas

137 698 223 733 fidos
244 697 425 732 recrediti.
448 697 620 730 reversuri
637 697 670 729 in
691 709 752 729 sua
772 697 925 742 prisione
943 697 1046 731 dictis
1061 697 1194 743 treugis
1216 697 1336 729 finitis.
1359 697 1398 730 Et
1417 697 1443 729 si
1463 697 1649 745 continge-

135 764 208 800 ret.
229 755 325 804 quod
345 756 472 802 aliquis
488 755 716 801 prisionarius
735 762 823 789 esset
845 756 982 789 rebellis
1000 755 1171 789 redeundi
1194 756 1226 788 in
1248 756 1437 801 prisionem
1452 782 1461 799 ‚
1483 755 1649 789 dominus

134 817 202 851 sub
220 815 322 861 cujus
339 814 498 848 dominio
513 820 598 847 esset
610 841 618 846 .
641 821 779 861 cogeret
797 826 878 847 011111
898 814 1013 848 redire
1031 815 1065 847 in
1087 815 1290 860 prisionem.

183 891 202 908 »
232 875 318 908 Item
330 901 338 917 ·.
359 880 411 906 est
428 872 655 907 accordatum
670 900 676 915 .
695 872 793 919 quod
811 874 929 907 omnia
948 874 1057 907 levata
1070 900 1078 915 ·.
1096 885 1344 919 quaecumque
1359 873 1444 915 sini.
1464 873 1554 907 facta
1569 881 1648 907 autt-

133 934 244 968 dictas
267 939 408 980 treugas
430 939 590 978 tempore
615 944 781 979 guerrae.
806 932 874 965 sint
897 932 989 965 bona
1012 932 1204 977 spiritualia
1227 931 1278 964 vel
1305 932 1387 974 alia.
1415 932 1646 965 remanebunt

134 994 245 1027 levata
257 992 391 1038 absque
407 990 565 1024 facienda
584 991 818 1024 restitutione.
841 990 943 1024 (110115
964 991 1095 1037 treugis
1114 990 1338 1024 durantibus.

183 1067 201 1083 »
219 1051 326 1092 ltem.
347 1056 397 1083 est
412 1049 658 1091 accon-datum„
680 1048 778 1095 quod
795 1061 885 1082 uuae
899 1055 1043 1096 treugae
1062 1049 1246 1094 capiantur
1261 1055 1295 1081 ct
1310 1060 1404 1081 nunc
1419 1048 1511 1081 inter
1526 1049 1649 1096 Angli-

133 1121 193 1144 cos
210 1115 246 1143 et
259 1108 381 1143 Scotos
393 1135 401 1141 .
424 1120 546 1142 corum
566 1107 746 1141 dominos.
768 1107 947 1151 adjutores
965 1114 999 1141 et
1013 1107 1170 1154 alligatos
1189 1119 1295 1152 super
1312 1106 1515 1141 sufferentia
1535 1107 1649 1140 dictat·

131 1179 298 1216 guerrae.
321 1178 428 1212 quam
449 1166 581 1199 habent
603 1166 695 1199 inter
715 1178 768 1199 se.
789 1165 833 1199 ad
852 1165 1057 1199 durandum
1080 1177 1193 1210 usque
1214 1164 1258 1198 ad
1282 1164 1412 1199 dictam
1433 1166 1647 1199 nativitatem

131 1227 241 1261 sancti
255 1226 427 1260 Johannis
446 1225 621 1270 Baptistae
633 1251 641 1261 .
658 1231 693 1257 et
705 1224 803 1270 quod
821 1231 968 1257 cunctae
984 1235 1152 1269 personae
1170 1223 1239 1256 sint
1254 1222 1442 1268 deputatae
1459 1236 1522 1269 per
1539 1223 1649 1258 dictas

131 1292 248 1332 partes
261 1311 268 1327 .
287 1290 326 1318 ut
336 1284 406 1317 sint
419 1283 523 1316 certis
538 1281 596 1315 dic
607 1288 639 1314 et
655 1282 731 1315 loco
745 1294 852 1327 super
866 1281 1035 1314 fronteria
1046 1281 1190 1328 Angliae
1199 1287 1234 1314 et
1248 1280 1384 1314 Scotiae
1399 1281 1443 1314 ad
1460 1282 1649 1315 firmandas

131 1344 242 1378 dictas
260 1350 419 1389 treugas„
442 1341 508 1374 sub
526 1340 585 1373 tali
605 1339 829 1383 conditione7
851 1339 949 1385 quod
967 1339 1050 1372 alias
1063 1339 1193 1372 exstitit
1208 1346 1417 1372 consuetum
1434 1340 1469 1372 in
1489 1340 1554 1373 illis
1574 1352 1649 1386 par-

130 1402 246 1444 tibus,
267 1407 302 1434 et
323 1400 369 1433 ita
388 1398 487 1445 quod
503 1398 716 1431 durantibus
738 1397 842 1431 dietis
857 1398 1008 1445 treugiS,
1031 1398 1151 1431 Franci
1171 1409 1234 1431 nce
1253 1410 1375 1431 eorum
1397 1397 1563 1432 dominus
1579 1412 1647 1431 non

128 1458 371 1494 fortificabunt
383 1456 428 1491 de
441 1457 607 1505 gentibus
621 1469 802 1490 armorum
815 1470 822 1489 :
841 1463 873 1490 et
888 1457 923 1489 in
939 1468 1022 1490 casu
1032 1483 1040 1490 .
1057 1455 1156 1502 quod
1171 1462 1292 1503 gentes
1308 1456 1443 1490 Scotiae
1458 1457 1509 1490 101
1525 1470 1647 1491 eorum

133 1518 301 1552 dominus
322 1515 455 1549 nollent
476 1514 675 1548 consentire
701 1515 736 1547 in
758 1514 861 1548 dictis
884 1515 1017 1562 treugis
1039 1514 1093 1548 vel
1111 1526 1168 1548 eas
1193 1514 1445 1562 infringerent.
1470 1522 1556 1549 tune
1579 1528 1648 1549 non

131 1577 289 1611 facerent
307 1575 356 1608 eis
377 1574 499 1607 Franci
518 1573 570 1606 vel
590 1585 714 1606 eorum
733 1572 900 1607 dominus
920 1573 1058 1606 nullum
1077 1573 1264 1615 auxilium.
1287 1572 1500 1607 durantibus
1518 1575 1651 1622 treugis

131 1634 247 1669 dictis.

180 1708 199 1726 >2
220 1692 308 1726 Item
322 1718 331 1734 7
351 1698 403 1725 est
421 1690 649 1725 accordatum
663 1717 671 1723 .
691 1689 790 1737 quod
810 1691 845 1724 in
861 1690 934 1724 istis
953 1691 1086 1738 treugis
1105 1697 1188 1724 sunt
1206 1691 1330 1725 inclusi
1351 1698 1385 1725 et
1404 1692 1649 1738 comprehensi

132 1751 294 1798 Hispani,
313 1750 515 1792 Cathalani.
533 1749 760 1784 Gennevenni
773 1777 781 1792 .
800 1749 1051 1793 provinciales.
1069 1750 1256 1795 episcopus
1270 1756 1304 1783 et
1317 1750 1511 1796 capitulum
1527 1750 1652 1785 Came-

131 1822 294 1852 racense,
318 1808 499 1843 castellum
525 1807 773 1842 Cameracense
792 1815 826 1841 et
849 1820 972 1842 omnes
994 1808 1281 1852 cameracenses.
1304 1815 1338 1842 et
1360 1810 1465 1842 etiam
1485 1809 1651 1843 dominus

132 1868 177 1902 de
195 1868 223 1901 le
242 1867 350 1909 Broc.
375 1867 570 1900 vicecomes
592 1865 638 1900 (10
665 1866 856 1908 Troussac,
887 1865 1015 1900 Caston
1034 1866 1078 1900 de
1098 1867 1202 1908 Billa,
1227 1866 1394 1901 dominus
1416 1866 1460 1901 de
1489 1867 1648 1902 Tios-lun.

132 1926 300 1961 dominus
317 1925 496 1958 Johannes
513 1924 557 1958 de
585 1924 715 1958 Vrevz'n
731 1932 765 1958 et
783 1924 950 1958 dominus
969 1925 1013 1959 de
1032 1925 1148 1958 Roiee.

180 1999 199 2017 »
218 1984 306 2017 ltem
317 2010 325 2025 .
342 1989 393 2016 est
402 1982 644 2027 accordatum,
660 1983 759 2029 quod
773 1990 973 2029 praesentes
989 1990 1134 2031 treugae
1149 1990 1255 2018 erunt
1263 1985 1462 2018 notificatae
1476 1985 1511 2017 in
1526 1986 1649 2032 Aug-lia

132 2050 167 2077 et
185 2044 221 2076 in
240 2041 373 2083 scotia.
397 2041 485 2075 infra
503 2042 627 2089 viginti
649 2054 707 2075 sex
726 2041 800 2075 dies
819 2048 899 2087 post
917 2041 1035 2075 datam
1055 2043 1247 2087 praesentis
1266 2042 1413 2076 litterae.

181 2116 199 2133 »
223 2100 263 2134 ln
286 2100 528 2134 testimonium
549 2100 656 2146 hujus
678 2100 726 2133 rei
751 2112 815 2134 nos
834 2101 1062 2148 sigillavimus
1080 2108 1280 2146 praesentes
1306 2102 1436 2135 litteras
1460 2103 1587 2136 nostris
1609 2104 1650 2135 si-

133 2160 241 2208 gillis7
264 2159 389 2202 factas.
415 2158 617 2192 accordatas
634 2165 669 2192 et
687 2158 785 2193 datas
804 2160 840 2192 in
858 2160 1001 2193 ecclesia
1020 2159 1244 2206 ‹l’Esplecz'n.
1267 2159 1324 2194 die
1345 2161 1464 2202 lunae.
1486 2161 1648 2195 vicesima

131 2218 256 2264 quinta
275 2217 332 2251 die
352 2216 586 2263 SeptembriS,
602 2230 695 2251 anno
713 2218 846 2265 gratiae
865 2218 1055 2252 MCCCXL.
1069 2234 1087 2251 »

182 2275 374 2309 Praedictis
395 2282 512 2309 autem
536 2275 820 2310 ordinationibus
842 2276 1081 2320 concordatis³
1103 2275 1270 2311 dominus
1288 2290 1347 2311 rex
1370 2278 1534 2312 Franciae
1556 2279 1649 2312 misit

132 2334 317 2369 confestim
341 2334 375 2367 in
400 2334 576 2368 civitatem
600 2334 857 2368 Tornacensem
877 2347 990 2369 unum
1017 2342 1203 2369 strenuum
1224 2336 1370 2370 militem
1397 2336 1584 2370 dominum
1605 2337 1648 2370 d«-

135 2392 268 2435 Clz'son,
288 2399 323 2426 et
336 2404 449 2425 unum
469 2391 513 2425 de
531 2392 724 2426 secretariis
743 2393 889 2426 notariis
909 2393 1000 2437 suis.
1021 2393 1183 2427 videlicet
1200 2394 1409 2442 magistrum
1431 2395 1644 2429 Robertum.

132 2450 177 2485 de
194 2450 284 2484 Lori
297 2451 533 2484 nominatum.
556 2451 614 2484 lsti
633 2450 706 2485 duo
725 2457 899 2484 venerunt
920 2451 1119 2486 Tornacum
1133 2479 1141 2495 a
1165 2459 1201 2486 et
1215 2453 1355 2486 iverunt
1372 2452 1417 2486 ad
1436 2454 1649 2487 conestabu—

129 2509 254 2543 larium
268 2510 304 2543 in
324 2509 517 2543 infirmaria
532 2508 566 2543 S.
586 2509 727 2543 Martini
743 2509 992 2553 Tornacensis.
1015 2517 1050 2544 et
1064 2509 1281 2556 praedictam
1301 2510 1560 2545 ordinationem
1579 2512 1649 2545 511(-
