2118 3184
757 389 1045 426 APPENDICES.
1586 391 1656 427 755

139 496 220 522 nibus
234 496 431 532 perpetualiter
445 496 591 523 habeatur.
604 496 632 523 S.
645 496 824 528 Theoderici,
836 497 959 530 ejusdem
974 497 1100 523 abbatiae
1113 496 1314 531 archidiaconi5
1329 496 1358 524 S.
1376 496 1510 523 Johannis
1519 518 1526 529 ‚
1540 497 1633 524 Alai-di
1643 519 1649 526 .

140 542 313 570 Theoderici.
323 542 592 577 archidiaconorum
603 543 631 570 S.
643 543 786 575 Guidonis,
801 544 962 579 praepositi;
973 544 1002 570 S.
1013 544 1137 575 Ger-irati,
1149 544 1243 570 decani
1253 549 1281 570 ct
1292 544 1492 578 archidiaconi3
1507 543 1651 579 Guidonis,

140 591 254 617 walteri
265 612 272 618 .
289 590 484 617 Guircnboldi.
499 591 562 617 item
576 590 770 618 Guirenboldi.
787 591 925 627 llugonis,
941 592 1005 617 item
1018 591 1140 627 lingonis
1151 612 1158 618 .
1174 591 1391 624 Bar-tholomaei,
1405 591 1558 623 Eustachii,
1574 591 1654 618 lIeri-

139 638 235 664 vuardi
245 659 252 670 ‚
267 637 389 668 Raduffi,
407 638 611 664 canonicorum.
626 638 723 664 Actum
739 647 811 664 anno
824 638 976 665 dominicae
990 638 1188 665 lncarnationis
1204 639 1374 672 MCXXXIX,
1389 639 1537 666 indictione
1548 640 1633 675 prima
1643 661 1650 669 ,

139 685 312 720 praesulatus
324 684 426 711 domini
440 684 542 711 Mcolai
555 685 686 711 secundo.
699 685 756 721 Ego
770 685 974 712 Guirenboldus
989 685 1168 712 cancellarius
1182 686 1318 712 recensui.

1018 752 1125 784 Original
1136 770 1142 780 ,
1158 760 1226 777 sceau
1235 760 1264 776 cn
1275 752 1322 777 cire
1331 752 1414 777 brune.

164 843 270 871 Ejusdem
278 843 321 864 sere
328 847 417 867 tenoris,
429 844 466 865 sed
476 844 584 865 breviores
596 846 686 869 litteras,
696 845 783 867 dederat
793 854 850 867 :inno
860 847 1031 870 MCXXXVIU,
1042 847 1145 867 Nicotaus
1155 849 1276 875 episeopus.
1286 848 1416 875 quaslegcre
1426 853 1456 869 cst
1469 847 1526 876 apud
1538 849 1650 873 Min-neum,

136 881 219 904 Donat.
228 881 307 909 Belg„
317 883 356 904 lib.
368 884 399 904 11.
408 891 455 912 up.
470 885 520 904 XL!
529 899 534 908 ,
547 885 596 905 etin
609 884 694 905 ΛηηιιΙ.
707 884 757 906 ord.
769 884 939 908 Praemonstr.,
952 889 1004 905 tom.
1019 886 1049 906 ΙΙ.
1061 885 1104 906 eol.
1116 886 1244 906 CCXXVH.

868 1191 925 1225 lv.

139 1300 186 1335 Le
212 1305 319 1334 comte
351 1299 497 1334 Thierrz'
517 1300 677 1335 d'Alsace
710 1301 825 1335 don-ne
852 1300 875 1335 ἀ
903 1301 1060 1347 l’abhaye
1086 1301 1127 1334 de
1153 1300 1290 1335 Ninow
1315 1301 1350 1335 la
1372 1301 1466 1336 (lime
1489 1303 1530 1337 cle
1555 1304 1653 1339 Her-

185 1357 358 1401 lz'nchove,
385 1365 418 1393 et
441 1365 596 1406 exempte
622 1359 664 1394 de
691 1365 767 1394 tout
792 1359 901 1407 z'mpdt
929 1359 975 1394 les
1004 1360 1101 1393 hiens
1122 1372 1188 1405 que
1211 1360 1268 1394 lui
1288 1373 1312 1394 a
1337 1360 1470 1395 clonne's
1497 1362 1648 1398 Ge'rard.

183 1437 231 1442 —-
249 1416 390 1451 Nmovn.

858 1595 931 1619 1142.

173 1680 205 1706 In
218 1679 329 1706 nomine
347 1683 457 1705 sanctae
470 1683 498 1705 et
512 1677 669 1705 individuae
684 1679 826 1705 Trinitatis
837 1699 844 1712 ,
860 1679 949 1705 Patris
963 1684 990 1706 et
1003 1679 1064 1706 Filii
1081 1684 1109 1706 et
1123 1679 1242 1715 Spiritus
1255 1679 1358 1706 Sancti.
1376 1681 1433 1718 Ego
1450 1682 1649 1712 Theodericus.

134 1726 189 1754 Dei-
203 1727 292 1763 gratia
309 1725 518 1752 Flandrensium
535 1734 636 1753 comes.
656 1726 754 1752 Divina
772 1727 939 1762 aspiratione
956 1727 1126 1759 admonitus,
1146 1727 1269 1753 fidelium
1286 1737 1398 1764 quoque
1415 1730 1585 1766 principum,
1604 1734 1652 1768 qui

133 1773 261 1801 ecclesias
275 1773 324 1800 Dei
338 1772 525 1799 fundaverunt
539 1778 566 1799 et
578 1773 663 1799 rebus
677 1773 734 1800 suis
746 1773 905 1800 ditaverunt
915 1795 922 1807 ,
939 1773 1061 1810 exempla
1075 1779 1187 1800 secutus
1196 1795 1204 1807 ‚
1225 1774 1260 1800 ob
1274 1775 1462 1802 remissionem
1476 1783 1651 1813 peccatorum

134 1830 258 1848 meorum
275 1825 303 1847 et
321 1820 437 1847 salutem
451 1820 557 1847 animae
574 1829 649 1847 meae
670 1826 698 1847 et
715 1820 907 1853 Suanahildis,
927 1822 1052 1858 conjugis
1071 1831 1146 1848 meae
1165 1822 1333 1855 comitissae,
1353 1823 1652 1863 praedecessorumque

135 1876 258 1895 meorum
269 1867 477 1894 Flandrensium
491 1868 639 1900 comitum,
657 1868 796 1894 Ninivensi
810 1868 954 1902 ecclesiae,
975 1870 1002 1895 in
1020 1868 1153 1894 honorem
1170 1873 1327 1895 sanctorum
1342 1869 1460 1897 Cornelii
1477 1877 1505 1898 et
1525 1871 1652 1909 Cypriani

135 1919 310 1942 constructae
319 1935 326 1947 ,
342 1914 509 1949 dominoque
521 1913 644 1940 Gerardo
654 1935 661 1947 ‚
675 1915 760 1950 ipsius
773 1914 825 1941 loci
839 1915 948 1948 abbati,
963 1915 1075 1951 suisque
1087 1914 1220 1941 fratribus
1234 1915 1286 1941 sub
1298 1916 1395 1952 regula
1405 1919 1492 1944 sancti
1506 1918 1653 1956 Augustini

133 1962 234 1989 ibidem
247 1962 417 1998 Deojugiter
429 1962 629 1994 servientibus,
645 1961 777 1989 decimam
791 1962 825 1989 de
836 1962 1020 1989 Herlinchove
1033 1968 1061 1989 et
1073 1962 1207 1998 quidquid
1221 1963 1345 1997 suijuris
1358 1964 1385 1990 in
1400 1965 1494 1991 eadem
1506 1967 1651 2002 parrochia

133 2009 273 2037 Gemi-dus
282 2030 289 2042 ‚
303 2009 524 2036 constabularius
537 2009 570 2036 de
584 2009 680 2036 Ninive
689 2030 696 2042 ,
710 2010 767 2036 sive
778 2010 806 2036 in
819 2011 914 2042 terris,
931 2010 988 2036 sive
1001 2010 1028 2036 in
1043 2009 1126 2046 sylvis
1135 2030 1142 2042 ‚
1159 2010 1245 2046 pratis
1258 2010 1301 2037 vel
1314 2012 1423 2046 pascuis
1433 2033 1440 2045 ,
1456 2013 1597 2048 praefatae
1607 2014 1653 2041 Ni-

134 2056 377 2083 nivensiecclesiae
385 2057 553 2092 praebuerat
563 2077 570 2089 ‚
581 2062 681 2093 rogatu
690 2057 813 2092 ejusdem
825 2057 952 2090 Gerardi,
968 2057 1047 2092 cujus
1061 2057 1170 2084 feodum
1185 2058 1301 2091 exstitit,
1317 2058 1351 2084 ab
1363 2060 1437 2085 omni
1450 2061 1590 2088 exactione
1599 2063 1652 2089 mei

129 2104 203 2138 juris
215 2103 333 2130 liberum
348 2104 375 2130 in
389 2108 555 2139 perpetuum
567 2104 672 2137 obtuli,
687 2110 714 2131 et
727 2105 791 2140 quia
802 2105 876 2141 pium
890 2110 931 2132 est
942 2105 1027 2131 sacris
1040 2105 1090 2132 Dei
1103 2105 1170 2131 locis
1183 2105 1218 2131 de
1230 2105 1336 2132 cautela
1352 2107 1426 2141 pacis
1437 2112 1464 2133 et
1477 2108 1578 2143 quietis
1591 2117 1653 2144 pro-

134 2151 244 2185 videre,
260 2151 350 2178 locum
368 2151 456 2187 ipsum
471 2151 644 2178 Ninivensem
664 2157 692 2178 et
705 2153 890 2188 possessiones
904 2152 963 2187 ejus
977 2153 1142 2179 auctoritate
1161 2161 1220 2178 mea
1233 2157 1261 2178 et
1273 2153 1354 2189 sigilli
1369 2154 1421 2180 mei
1433 2155 1612 2190 impressione
1625 2161 1652 2183 et

133 2199 244 2225 testium
257 2198 460 2233 subscriptione
470 2198 645 2224 communivi.
657 2198 771 2235 Signum
780 2199 943 2232 Wefflerici,
957 2199 986 2226 S.
999 2199 1105 2236 otgeri,
1118 2198 1147 2226 S.
1158 2199 1330 2233 Theoderici,
1343 2200 1372 2227 S.
1386 2200 1536 2235 Michaelis,
1547 2208 1653 2230 consta—

134 2245 251 2279 bularii,
265 2245 294 2272 S.
310 2244 434 2277 ottonis,
451 2245 480 2271 S.
498 2245 590 2272 lwaini
605 2245 639 2273 de
649 2245 729 2272 Gant.
743 2246 841 2273 Actum
855 2256 927 2273 anno
940 2247 1072 2274 incarnati
1092 2247 1177 2273 Verbi
1192 2246 1326 2281 MCXLII,
1342 2248 1490 2276 indictione
1503 2249 1538 2283 V,
1554 2256 1650 2286 epacta

135 2292 229 2326 XXII,
244 2297 427 2320 concurrente
439 2291 489 2318 111.

851 2402 925 2413 ΙΙ
