2137 3131
434 414 504 447 844
1045 405 1332 442 APPENDICES.

435 522 544 547 aecclesia
558 519 704 545 Ninivensis
717 522 743 543 ot
756 521 863 551 pratum
878 515 1006 545 Walteri,
1023 518 1203 549 cognomento
1219 511 1328 538 Hubout
1339 532 1346 546 ,
1361 517 1447 538 ratam
1462 512 1550 539 habeo
1563 533 1569 545 ‚
1585 518 1613 539 et
1631 513 1706 548 quod
1720 512 1819 539 ibidem
1833 518 1897 539 ante
1910 513 1951 538 di-

438 569 564 594 visionem
578 566 672 591 saetam
685 564 752 590 male
763 563 861 589 fossum
874 562 974 594 suerat,
989 561 1061 587 unde
1070 565 1164 586 contra
1173 559 1313 586 ecclesiam
1325 559 1428 586 dudum
1441 560 1512 586 movi
1523 560 1732 595 querimoniam,
1744 565 1831 586 totum
1844 561 1952 586 remitto

439 621 465 640 οι
477 615 510 639 ab
521 612 631 648 quercla
640 611 710 637 omni
722 610 794 646 quod
807 610 906 635 fossum
917 614 976 635 erat
986 629 992 640 ,
1008 607 1121 634 absolvo
1132 628 1138 639 ‚
1150 616 1199 633 nec
1213 616 1297 642 super
1307 606 1358 633 hoe
1366 607 1400 633 de
1410 612 1518 633 caetero
1533 606 1672 633 ecclesiam
1683 607 1855 633 Ninivensem
1864 610 1954 634 vexari

439 661 601 696 permittam.
624 659 657 684 Ut
672 663 761 683 aulem
782 657 832 683 hoe
851 661 940 682 ratum
959 660 1117 691 permaneat
1132 659 1160 680 et
1178 663 1258 680 nemo
1278 663 1362 690 super
1382 654 1434 681 hoc
1448 654 1482 680 de
1499 660 1609 681 caetero
1623 654 1763 681 ecclesiam
1782 654 1954 681 Ninivensem

438 708 549 736 turbare
559 706 600 731 vel
615 705 780 731 calumniare
790 708 961 739 praesumat,
977 703 1109 738 scriptum
1120 702 1172 728 hoc
1182 701 1262 738 sigilli
1275 702 1326 728 mei
1338 702 1506 737 appensione
1517 707 1544 728 et
1559 703 1669 728 testium
1680 702 1881 738 subscriptione
1891 710 1955 728 con-

438 754 551 780 firmavi.
571 752 682 787 Signum
701 751 802 777 Soikini
817 771 823 782 ,
843 751 954 785 prioris5
976 749 1101 784 Symonis
1121 748 1155 775 de
1177 749 1263 782 Gaul,
1282 749 1405 774 canonici
1421 748 1592 783 Ninivensis3
1613 749 1642 775 S.
1663 749 1775 775 Gosuini
1788 770 1794 781 ⁷
1814 749 1905 775 militis
1921 749 1955 775 de

440 799 705 834 Emelverdengheni3
716 798 744 825 S.
756 798 869 823 Walteri
877 798 911 823 de
920 796 1115 833 Dcftenghem3
1127 796 1155 822 S.
1170 796 1296 827 nazonis,
1310 796 1358 822 filii
1369 797 1420 822 mei
1431 807 1437 831 3
1448 795 1562 823 Gemi-di
1577 796 1686 823 Vauder
1696 797 1814 828 Revren,·
1826 796 1854 824 S.
1869 797 1952 827 Adae,

442 849 512 873 filiae
527 856 610 873 meae.
628 847 725 872 Actum
738 845 848 878 Boulcr,
864 854 935 871 anno
950 844 1055 871 Domini
1070 843 1213 871 MCCXXII
1225 864 1231 876 ‚
1245 853 1335 870 mense
1349 843 1510 870 Februario.

1499 910 1623 941 original,
1636 917 1704 935 sceau
1715 911 1812 935 detrun.

1124 1122 1260 1157 CXXX.

443 1211 570 1245 L'ahlm'
590 1212 630 1244 de
649 1210 853 1248 St-Amaml
866 1222 909 1243 en
927 1209 1047 1243 Puella
1065 1209 1179 1243 donne
1199 1208 1222 1243 ὰ
1240 1209 1414 1256 l'ahhaye,
1443 1207 1467 1242 ἀ
1488 1209 1614 1256 charye
1634 1210 1742 1244 d'mw
1767 1210 1956 1245 redevamce

536 1269 714 1310 annuallo,
738 1273 862 1313 quatre
888 1269 1052 1302 lmmziers
1073 1268 1115 1301 de
1141 1280 1280 1311 moere,
1305 1267 1412 1301 situe's
1436 1265 1459 1300 ὰ
1480 1267 1650 1301 Basrode.
1674 1288 1718 1293 -—
1737 1267 1856 1302 CALru.

1160 1428 1232 1452 1225.

481 1490 617 1515 Universis
631 1495 786 1525 praesentes
800 1490 905 1516 litteras
919 1491 1095 1525 inspecturis.
1109 1489 1251 1522 Galterus,
1268 1490 1318 1516 Dei
1330 1491 1508 1525 permissione
1525 1490 1609 1517 abbas
1623 1495 1651 1517 et
1664 1495 1815 1517 conventus
1828 1490 1958 1517 ecclesiae

445 1538 472 1561 S.
494 1537 606 1562 Amandi
626 1537 652 1562 in
673 1536 770 1569 Peula,
786 1536 902 1563 salutem
919 1537 944 1563 in
963 1537 1090 1563 Domino.
1109 1537 1221 1564 Noverit
1241 1537 1406 1563 universitas
1425 1542 1518 1563 nostra
1536 1537 1611 1573 quod
1625 1546 1674 1563 nos
1690 1537 1814 1564 dedimus
1829 1537 1958 1564 ecclesiae

445 1584 580 1610 Ninivensi
589 1590 706 1619 quatuor
717 1584 830 1610 bonaria
841 1584 875 1610 de
887 1594 963 1610 mour
971 1585 1043 1620 apud
1058 1584 1194 1611 Bacerode
1206 1605 1213 1616 ‚
1227 1584 1278 1611 sub
1293 1593 1384 1610 annuo
1397 1585 1522 1620 quinque
1535 1584 1685 1610 solidorum
1695 1584 1858 1611 flandrensis
1869 1594 1959 1611 mone-

447 1636 501 1663 tae,
511 1632 537 1656 in
550 1632 617 1657 sesto
629 1632 713 1658 sancti
727 1632 838 1668 Remigii
850 1632 1054 1664 solvendorum,
1069 1637 1096 1659 et
1105 1642 1137 1658 ea
1148 1632 1280 1659 debemus
1289 1633 1328 1659 eis
1340 1637 1436 1658 contra
1448 1641 1542 1658 omnes
1553 1632 1750 1658 calumniantes
1762 1632 1881 1668 legitime
1894 1642 1958 1669 gua-

446 1678 564 1704 randire.
579 1678 609 1704 In
623 1679 701 1712 cujus
712 1679 751 1705 rei
759 1679 914 1705 memoriam
926 1684 1099 1714 praesentem
1111 1679 1236 1715 paginam
1249 1678 1362 1706 fecimus
1371 1678 1505 1706 conscribi
1517 1700 1523 1709 ,
1539 1683 1566 1705 et
1576 1678 1728 1714 sigillorum
1742 1683 1898 1706 nostrorum
1912 1689 1957 1714 ap-

446 1726 574 1759 pensione
586 1726 719 1752 roborari.
735 1726 832 1753 Actum
843 1736 915 1753 anno
929 1727 1036 1753 Domini
1050 1726 1218 1753 MCCXXHI.

1497 1793 1628 1818 cartulaire
1642 1794 1670 1817 de
1686 1794 1792 1818 Malines.

1108 1966 1262 2000 CXXXI.

454 2051 609 2093 Com-ad,
629 2051 717 2085 ahhe'
729 2052 770 2086 de
788 2051 1015 2095 Pre‘montre',
1037 2059 1187 2100 partaye
1211 2058 1308 2087 entre
1329 2053 1375 2087 les
1388 2053 1539 2100 abbayes
1557 2054 1598 2087 de
1619 2053 1848 2101 Grimberqhe
1869 2060 1901 2088 et
1917 2055 1958 2089 de

497 2109 632 2143 Nineve.
653 2109 699 2143 les
720 2122 868 2144 revemcs
884 2111 924 2144 de
942 2110 977 2144 la
994 2110 1088 2145 dimo
1107 2111 1148 2145 de
1166 2110 1272 2145 Menz
1281 2138 1291 2153 ,
1311 2113 1376 2157 qui
1391 2110 1520 2145 e'taient
1537 2117 1682 2145 souvent
1696 2124 1739 2145 en
1755 2111 1846 2159 [αἴθε
1863 2118 1960 2146 entre

496 2169 540 2202 les
553 2169 646 2202 deam
662 2175 834 2203 couvents.
857 2190 904 2195 -
919 2169 1022 2204 Mem.

960 2310 1023 2334 Dans
1035 2309 1143 2341 l'abbaye
1155 2310 1183 2334 de
1196 2310 1337 2334 Prementre
1348 2328 1354 2340 ,
1366 2310 1439 2335 1225.

488 2369 640 2401 Conradus,
661 2369 709 2395 Dei
722 2370 852 2405 patientia
870 2370 1145 2397 Praemonstratensis
1166 2371 1296 2398 ecclesiae
1317 2371 1406 2398 dictus
1429 2371 1529 2404 abbas,
1553 2372 1680 2398 omnibus
1698 2378 1750 2399 tam
1769 2375 1960 2408 praesentibus

453 2425 532 2451 quam
547 2415 646 2442 futuris
662 2421 798 2443 aeternam
817 2417 843 2443 in
865 2417 980 2444 Domino
994 2418 1120 2445 salutem.
1140 2418 1216 2446 Scire
1238 2419 1365 2445 volumus
1384 2419 1548 2451 universos,
1567 2419 1641 2455 quod
1658 2429 1720 2446 cum
1741 2420 1854 2447 ecclesia
1873 2420 1961 2447 Grim-

453 2463 601 2498 bergensis,
612 2463 638 2489 in
652 2463 794 2498 parrochia
805 2463 838 2490 de
849 2464 942 2491 Mence
954 2465 1061 2491 tertiam
1073 2471 1178 2501 partem
1189 2466 1319 2499 decimae,
1331 2466 1438 2492 ratione
1451 2470 1624 2501 personatus,
1639 2475 1700 2492 cum
1714 2467 1855 2494 sacerdote
1864 2477 1960 2503 parro-

453 2509 532 2535 chiali
547 2515 575 2536 et
591 2510 625 2536 de
641 2510 748 2537 duabus
761 2511 877 2538 residuis
894 2513 1018 2547 partibus
1038 2518 1159 2540 octavam
1174 2518 1202 2540 et
1215 2523 1314 2540 nonam
1325 2513 1398 2549 apud
1415 2512 1513 2549 Opltem
1527 2514 1634 2540 ratione
1648 2514 1770 2550 pignoris
1782 2515 1937 2550 perciperet
1950 2535 1957 2547 ,
