2137 3131
389 359 459 394 954
990 339 1280 378 APPENDICES.

390 466 467 492 dame
477 463 547 490 Aalis
560 471 600 487 ma
611 460 704 485 semme
715 465 784 482 nous
794 464 827 481 en
841 462 925 480 avons
934 452 1027 478 donent
1036 452 1050 476 a
1064 450 1175 476 l'abbeit
1187 453 1215 475 et
1227 449 1242 474 :⁸1
1253 451 1372 474 convent
1382 446 1483 473 devant
1497 446 1537 472 dit
1549 445 1614 472 ches
1626 445 1735 478 lettres,
1751 445 1856 473 saillfies
1869 446 1903 472 de

392 517 483 538 nostre
492 508 555 536 saial
564 528 570 533 .
585 506 645 539 etju
656 505 733 530 dame
748 501 819 528 Aalis
833 498 971 527 conset-me
985 498 1080 524 cheste
1091 496 1281 523 confirmation
1290 516 1297 525 ,
1309 494 1366 521 ensi
1379 493 1413 520 ke
1423 492 1539 519 deviseit
1551 497 1593 519 est
1605 492 1732 519 deseure.
1747 492 1802 519 Che
1815 491 1843 519 su
1856 492 1904 519 fait

395 559 444 584 l'an
459 556 500 582 del
515 552 682 581 incarnation
693 548 929 583 Nostre-Segnour
938 543 1127 572 MCCLXXXV
1137 564 1144 575 ,
1162 542 1186 569 81
1201 542 1268 568 mois
1282 541 1316 568 de
1328 541 1399 576 May.

1289 607 1399 639 Original
1408 626 1414 630 .
1427 613 1496 630 sceau
1507 614 1536 630 eu
1549 606 1597 630 cire
1606 611 1679 630 verte,

1067 842 1226 877 CCLXV.

395 942 440 975 Le
457 944 524 975 sire
545 939 586 973 cle
605 936 734 982 Seneffe
756 948 904 970 renonce
924 934 948 969 ἀ
966 941 1076 969 toules
1093 934 1139 968 les
1159 933 1378 980 pre'tentions
1396 933 1485 980 qu’z'l
1499 935 1598 967 avait
1616 932 1767 977 fbrme'es
1791 945 1857 966 sm*
1875 932 1909 965 la

575 998 687 1042 ferme
708 995 748 1029 cle
768 994 974 1029 Rez'nz'rsart
984 1021 994 1037 ‚
1012 992 1197 1041 proprz'e'te'
1206 993 1248 1027 de
1265 993 1436 1039 l’ahhaye.
1454 1013 1502 1018 -
1517 993 1717 1027 ΒΕιΝιηεΑιιτ.

1034 1162 1050 1183 Α
1069 1159 1175 1185 Seneffe.
1195 1159 1268 1183 1287.

438 1236 457 1261 A
472 1240 532 1260 tous
542 1234 636 1260 chiaus
647 1233 673 1258 ki
683 1242 726 1259 ces
740 1233 835 1259 lettres
848 1236 946 1258 veront
956 1236 983 1257 et
995 1236 1087 1257 oront.
1101 1231 1154 1256 Nos
1169 1230 1289 1256 WVatiers
1298 1230 1332 1256 <le
1343 1230 1474 1263 Brainne,
1486 1230 1652 1262 chevaliers,
1665 1231 1733 1256 sires
1746 1230 1780 1257 de
1791 1230 1911 1263 Seneffe,

397 1282 469 1309 salus
483 1287 510 1307 et
524 1280 698 1307 counissance
710 1279 743 1305 de
756 1279 874 1305 veriteit.
887 1278 951 1304 Com
963 1277 981 1303 il
993 1277 1048 1303 fust
1062 1278 1119 1304 ensi
1132 1277 1164 1303 ke
1179 1287 1228 1303 nos
1240 1277 1406 1304 clamissiens
1419 1277 1428 1295 1
1441 1287 1488 1303 sor
1500 1277 1540 1304 les
1554 1278 1688 1304 masuiers
1701 1277 1735 1304 de
1748 1277 1774 1304 le
1786 1282 1867 1304 court
1879 1277 1914 1304 de

400 1329 562 1355 Reiniermn
571 1348 578 1361 7
594 1326 613 1352 li
626 1326 707 1362 quele
725 1335 806 1352 cours
820 1330 846 1351 et
859 1325 878 1351 li
892 1324 966 1360 quei]
985 1325 1103 1350 masuier
1117 1324 1310 1360 apartiennent
1324 1325 1339 1350 ὲ
1351 1324 1454 1360 l'e'glise
1467 1324 1501 1350 de
1514 1324 1652 1350 Nienneve
1663 1345 1670 1356 ‚
1687 1324 1714 1350 ki
1724 1324 1887 1351 demeurent
1899 1325 1915 1350 a

399 1386 448 1411 par
460 1375 516 1401 sont
528 1375 586 1400 rien
602 1383 647 1399 sor
662 1373 794 1408 hyretage
807 1372 840 1398 de
849 1372 874 1398 le
887 1371 988 1398 devant
1000 1371 1056 1397 dite
1070 1376 1150 1397 court
1164 1371 1198 1397 de
1214 1371 1385 1403 Reniersart,
1398 1380 1431 1397 en
1442 1371 1467 1397 le
1482 1370 1618 1406 parroche
1629 1371 1662 1397 de
1675 1371 1782 1398 Seneffe
1792 1392 1799 1403 ‚
1813 1376 1841 1398 et
1853 1371 1916 1407 qui-

398 1423 511 1449 dissieus
524 1421 535 1438 2
549 1422 624 1447 avoir
632 1430 752 1446 aucunes
762 1420 915 1447 droitures.
931 1419 954 1445 si
963 1428 1021 1445 com
1036 1419 1167 1455 poulage,
1184 1418 1300 1445 fourche
1314 1428 1347 1444 en
1361 1419 1434 1454 preit
1447 1439 1454 1450 ‚
1465 1427 1561 1444 moure
1575 1419 1590 1444 ὲ
1604 1423 1698 1444 nostre
1712 1418 1794 1444 molin
1806 1439 1813 1451 ‚
1828 1423 1856 1445 et
1865 1427 1917 1444 au-

403 1477 457 1496 tres
465 1470 560 1496 choses
569 1468 602 1495 ke
611 1474 702 1494 nostre
711 1468 842 1499 masuier,
856 1467 904 1492 kia
914 1467 968 1493 lieu
980 1466 1079 1492 devant
1093 1467 1135 1492 dit
1149 1467 1256 1492 mainne
1265 1487 1272 1497 ‚
1288 1466 1381 1492 doient
1394 1468 1409 1492 a
1423 1475 1483 1492 nos.
1494 1466 1528 1492 Et
1541 1475 1590 1491 nos
1602 1475 1647 1492 ces
1661 1465 1758 1492 choses
1770 1465 1916 1492 vosissieus

401 1518 475 1543 avoir
484 1526 512 1542 as
527 1516 656 1541 masuiers
667 1515 700 1541 de
713 1515 737 1540 le
748 1515 804 1540 dite
816 1519 895 1540 court
905 1514 939 1540 de
951 1513 1116 1546 Reniersart,
1131 1523 1181 1548 par
1191 1518 1284 1539 nostre
1292 1514 1412 1549 signorie
1423 1534 1429 1545 ‚
1442 1522 1513 1548 pour
1521 1512 1592 1539 chou
1604 1513 1637 1539 ke
1647 1512 1666 1539 li
1678 1518 1804 1549 yretages
1817 1518 1893 1540 muet
1903 1513 1916 1531 3

400 1565 434 1590 (18
448 1574 496 1590 nos
508 1568 533 1589 et
547 1563 580 1588 de
592 1572 640 1588 nos
655 1563 822 1593 aucisseurs‚
839 1561 857 1587 li
872 1561 955 1587 abbes
971 1566 998 1587 et
1014 1561 1032 1586 li
1046 1570 1145 1587 covens
1159 1560 1193 1586 de
1207 1560 1344 1586 Nienueve
1354 1581 1362 1592 ,
1377 1562 1392 1586 a
1407 1561 1452 1586 cui
1467 1560 1485 1586 li
1504 1569 1586 1586 eours
1600 1560 1634 1586 de
1648 1560 1805 1586 Reniersart
1815 1560 1917 1587 devant

400 1612 455 1637 dite
468 1615 549 1645 apent
559 1631 564 1641 ,
578 1619 606 1635 se
615 1610 711 1635 misent
725 1618 757 1635 en
768 1613 863 1635 contre
875 1613 901 1634 et
913 1608 1002 1634 disent
1017 1607 1058 1633 k'a
1067 1607 1162 1634 choses
1172 1607 1273 1634 devant
1286 1607 1356 1633 dites
1370 1609 1386 1633 a
1397 1607 1546 1634 demander
1554 1616 1604 1634 nos
1613 1607 1750 1634 n'iaviens
1765 1607 1815 1634 nul
1827 1607 1916 1639 droit„

400 1660 422 1684 si
436 1668 494 1684 com
509 1666 558 1682 nos
570 1665 652 1682 avons
666 1656 728 1681 bien
743 1656 816 1690 apris
827 1676 833 1687 ,
850 1655 887 1681 oit
898 1660 925 1681 et
939 1654 1073 1681 entendut
1087 1664 1137 1690 par
1152 1654 1297 1690 predomes
1312 1659 1339 1680 et
1351 1663 1400 1690 par
1413 1654 1493 1680 boins
1505 1653 1587 1680 clers.
1602 1654 1630 1681 Si
1645 1659 1693 1680 ont
1704 1655 1796 1690 projet
1809 1656 1825 1681 a
1838 1665 1889 1682 nos
1900 1655 1919 1682 li

402 1704 483 1731 abhes
496 1709 523 1730 et
537 1703 555 1728 li
567 1712 664 1728 cos-eus
680 1702 779 1728 devant
794 1702 834 1728 dit
850 1701 883 1728 ke
898 1711 946 1728 nos
960 1711 1011 1737 por
1028 1701 1088 1727 Deu
1105 1707 1132 1727 et
1144 1710 1196 1737 por
1211 1701 1284 1728 droit
1301 1701 1357 1727 lors
1370 1701 1503 1727 masuiers
1517 1706 1544 1727 et
1557 1701 1613 1727 lors
1628 1701 1768 1728 droitures
1781 1702 1824 1728 lor
1837 1702 1918 1729 laise-

401 1753 496 1778 siemes
508 1750 578 1776 tenir
594 1759 627 1776 en
642 1750 699 1785 pais
711 1754 738 1775 et
752 1759 814 1776 sens
827 1749 900 1775 nulle
913 1749 1025 1775 moleste
1038 1760 1044 1784 ;
1062 1754 1089 1775 et
1103 1758 1166 1781 nos,
1181 1753 1272 1775 tontes
1285 1748 1350 1775 ches
1362 1748 1458 1774 choses
1473 1748 1645 1774 considerees
1656 1753 1684 1775 et
1695 1748 1858 1785 regardees‚
1873 1759 1918 1776 re-

402 1799 560 1825 connissons
573 1799 587 1823 a
602 1797 626 1823 le
638 1797 738 1823 devant
750 1796 806 1823 dite
817 1796 885 1832 glise
897 1796 931 1823 de
944 1797 1098 1829 Nienneve‚
1112 1796 1146 1823 ke
1164 1806 1213 1822 nos
1229 1806 1261 1823 en
1278 1801 1369 1823 toutes
1381 1796 1421 1822 les
1434 1795 1531 1822 choses
1547 1796 1665 1823 deseure
1677 1797 1791 1823 eserites
1807 1797 1920 1825 n’avons

403 1846 449 1872 nul
461 1846 533 1871 droit
545 1854 578 1871 ne
590 1844 673 1871 onkes
686 1843 866 1875 n’euwisme5‚
883 1850 909 1870 et
920 1854 991 1879 pour
1005 1844 1077 1870 chou
1091 1844 1124 1870 ke
1136 1853 1185 1870 uos
1199 1845 1312 1870 soismes
1324 1843 1508 1879 parchonnier
1522 1844 1570 1870 des
1585 1844 1691 1870 orisons
1705 1844 1789 1871 etdes
1802 1844 1919 1871 biensais

402 1893 436 1919 de
450 1893 549 1928 l'eglise
563 1892 596 1918 de
605 1892 741 1918 Nienneve
753 1891 854 1917 devant
867 1891 936 1924 dite,
951 1901 1000 1917 nos
1011 1901 1095 1917 avons
1107 1891 1270 1918 renonchiet
1283 1892 1298 1917 a
1308 1896 1400 1917 toutes
1410 1891 1450 1917 les
1463 1891 1560 1918 choses
1572 1891 1605 1918 ke
1619 1901 1669 1918 nos
1682 1891 1860 1918 demandiens
1874 1901 1920 1918 sor

403 1940 427 1966 le
440 1940 538 1966 devant
550 1939 605 1965 dite
614 1939 680 1975 glise
696 1948 729 1965 ne
743 1948 788 1965 sor
802 1939 858 1965 lors
871 1941 1002 1966 masuiers
1015 1940 1115 1965 devant
1127 1940 1183 1972 dis,
1198 1939 1255 1965 sust
1266 1949 1316 1974 par
1329 1939 1424 1965 foi-che
1435 1938 1492 1965 sust
1502 1949 1552 1975 pax·
1565 1949 1751 1976 quecomques
1760 1944 1853 1966 autres
1867 1940 1922 1966 oki-

406 1996 479 2018 sons,
495 1992 521 2012 et
535 1991 595 2012 tout
610 1985 634 2012 le
648 1985 720 2011 droit
733 1985 765 2011 ke
778 1995 827 2012 nos
840 1986 847 2011 i
862 1995 946 2012 avons
960 1996 993 2012 ne
1005 1987 1081 2012 avoir
1095 1996 1181 2022 poons
1193 2007 1200 2020 ‚
1217 1996 1266 2012 nos
1278 1986 1320 2012 lor
1334 1986 1457 2022 quittons
1472 1985 1661 2012 sranchement
1671 1987 1686 2012 a
1700 1987 1771 2013 tenir
1786 1992 1813 2013 et
1830 1996 1864 2013 ne
1878 1987 1921 2013 lor

408 2043 492 2068 poons
507 2033 554 2059 nul
566 2042 679 2068 servage
693 2042 727 2059 ne
741 2038 820 2059 autre
837 2033 919 2059 chose
932 2033 1090 2059 demandeir
1100 2054 1106 2065 ,
1123 2033 1179 2060 sors
1192 2034 1208 2068 ij
1224 2043 1247 2060 s.
1264 2038 1292 2059 et
1309 2033 1336 2067 iij
1356 2033 1384 2059 d.
1400 2033 1435 2059 de
1448 2033 1629 2069 Lovingnois,
1649 2033 1683 2059 ke
1696 2033 1715 2059 li
1730 2043 1811 2061 cours
1821 2034 1856 2061 de
1870 2034 1922 2060 Re-

409 2082 520 2106 niersart
535 2090 583 2106 nos
601 2079 658 2105 doit
679 2089 728 2115 par
742 2089 774 2105 an
793 2080 827 2105 de
843 2085 920 2106 rente
934 2101 941 2112 2
962 2086 989 2106 et
1009 2090 1054 2107 ces
1071 2081 1181 2107 deniers
1200 2090 1250 2107 nos
1265 2080 1394 2107 dolent-il
1409 2080 1486 2116 paler
1505 2080 1625 2107 chascun
1640 2090 1673 2107 an
1687 2082 1703 2107 a
1718 2081 1744 2107 le
1762 2081 1832 2108 feste
1850 2083 1923 2108 saint

407 2127 492 2153 Jehan
506 2127 635 2162 Baptiste,
649 2131 676 2152 et
688 2127 773 2161 parmi
787 2126 858 2152 chou
869 2127 964 2153 sont-il
978 2128 1067 2163 quine
1077 2128 1111 2154 de
1124 2133 1185 2154 tout
1196 2127 1269 2154 chou
1283 2127 1350 2163 qu‘il
1359 2128 1483 2154 tiennent
1494 2127 1594 2154 desous
1604 2137 1654 2154 nos
1665 2129 1680 2154 ὲ
1693 2128 1798 2155 Seneffe
1812 2139 1846 2155 en
1859 2139 1923 2156 nos-

408 2181 448 2200 tre
457 2175 588 2210 signorie,
602 2183 635 2200 en
647 2174 695 2199 bos
705 2194 712 2206 ‚
725 2183 757 2200 en
768 2174 852 2209 preis‚
864 2183 897 2200 en
911 2179 999 2201 terres
1008 2195 1015 2208 ‚
1029 2185 1063 2201 en
1077 2176 1156 2202 aiwes
1165 2197 1171 2208 ‚
1182 2175 1200 2201 il
1213 2180 1240 2202 et
1254 2175 1296 2202 lor
1309 2175 1428 2201 masuier
1438 2175 1539 2201 devant
1549 2175 1603 2208 dit,
1619 2184 1716 2202 envers
1727 2185 1777 2202 nos
1784 2181 1812 2203 et
1824 2185 1922 2203 envers

410 2226 514 2247 nostres
527 2230 713 2253 successeurs,
730 2221 762 2247 ke
779 2230 828 2247 nos
846 2231 880 2248 118
893 2227 987 2248 autres
1000 2223 1033 2249 de
1046 2232 1096 2258 par
1110 2233 1159 2249 nos
1174 2232 1208 2249 ne
1221 2223 1264 2249 lor
1275 2232 1362 2258 poons
1374 2223 1435 2249 rien
1447 2222 1607 2249 demaudier
1623 2232 1658 2249 ne
1671 2223 1731 2249 iaus
1747 2232 1782 2250 ne
1795 2223 1852 2250 lors
1865 2233 1923 2250 ma-

411 2270 511 2299 suiers„
527 2274 552 2294 et
566 2268 608 2294 lor
623 2268 726 2295 devons
739 2268 806 2295 faire
819 2270 896 2295 avoir
910 2275 1003 2296 nostre
1016 2270 1141 2297 eskevins
1155 2276 1183 2297 et
1197 2275 1291 2297 nostre
1304 2271 1410 2296 maieur
1419 2291 1427 2304 ‚
1442 2275 1533 2296 toutes
1543 2270 1583 2296 les
1593 2270 1643 2297 fies
1655 2270 1722 2306 qu'il
1735 2280 1770 2297 eu
1781 2275 1863 2297 oront
1874 2270 1924 2297 be-

412 2316 487 2351 soing
497 2325 547 2351 por
558 2316 676 2351 ayreteir
686 2321 713 2342 et
723 2325 773 2351 por
783 2316 935 2351 desyreteir
943 2338 950 2349 ,
963 2319 979 2343 ἐι
991 2317 1016 2344 18
1029 2324 1158 2354 requeste
1171 2319 1196 2345 le
1211 2319 1323 2345 maistre
1334 2318 1368 2345 de
1381 2318 1407 2344 le
1418 2318 1475 2344 dite
1486 2323 1565 2344 court
1573 2318 1607 2345 de
1618 2318 1773 2345 Rem‘ersart
1786 2328 1804 2345 u
1816 2318 1923 2345 d'autre

415 2372 530 2397 persone
538 2363 563 2389 ki
576 2364 681 2390 venroit
692 2363 725 2390 ‹le
739 2373 788 2399 par
798 2363 823 2390 le
834 2364 901 2400 glise
912 2365 946 2391 de
954 2365 1104 2401 Nienneve3
1119 2371 1147 2392 et
1159 2376 1210 2402 por
1219 2371 1298 2393 autre
1310 2365 1408 2392 choses
1418 2365 1488 2398 ausi,
1499 2365 1540 2392 s'il
1551 2366 1666 2402 besoing
1676 2375 1710 2393 en
1718 2366 1838 2393 avaient.
1848 2365 1923 2392 Teile

445 2465 450 2479 ¹
464 2465 618 2489 ίἸαηιιςειεηε,
635 2466 768 2487 reclamions.
797 2468 800 2493 Ι
828 2467 837 2480 ²
854 2467 994 2494 Quadissiens
1004 2484 1009 2492 ,
1024 2477 1130 2498 croy-tons.
1159 2473 1163 2495 Ι
1190 2473 1200 2486 5
1215 2470 1292 2494 Muet,
1305 2470 1382 2491 calar..
1393 2475 1478 2493 movet,
1491 2469 1582 2498 depend-
