2137 3131
485 421 554 456 676
823 418 995 453 CORPUS
1021 416 1350 452 CHRONICORUM
1378 416 1642 451 FLANDRIAE.

487 529 578 562 tibus
597 528 828 574 plurimorum
848 531 1108 572 apparuerunt,
1129 523 1367 571 quorumdam
1390 536 1534 570 quoquc
1553 531 1663 557 vestes
1685 524 1783 570 quasi
1801 524 1896 569 lepra
1916 535 1992 558 sor-

485 586 650 620 duerunt.
670 585 721 618 Ab
739 584 883 617 Arnulfo
895 611 903 627 7
922 583 1095 617 marchiso
1116 583 1244 617 comite
1260 581 1459 616 Flandrensi
1471 609 1480 625 ,
1497 582 1710 616 coenobium
1726 581 1969 616 Blandiniense
1981 609 1989 623 ,

487 644 519 677 id
531 643 697 677 estsancti
715 642 805 675 Petri
821 641 1025 684 Gandensis,
1040 641 1074 674 in
1090 641 1214 685 majori
1229 640 1399 688 elegantia
1410 647 1460 674 est
1469 647 1711 675 constructum
1723 667 1731 683 7
1749 652 1842 674 anno
1854 640 1993 673 Domini

489 700 695 734 1›CCCCLX1
710 726 717 742 7
730 700 812 745 quia
831 699 1082 732 monasterium
1098 698 1207 732 sancti
1223 698 1371 731 Bavonis
1385 698 1460 744 ipso
1476 698 1656 744 antiquius
1673 698 1773 731 annis
1787 697 1989 732 CCCXLW.

488 760 602 792 ssruno
615 785 622 790 .
644 758 928 803 archiepiscopus
949 763 983 790 et
1001 756 1173 790 archidux
1193 756 1460 804 Lotharingiae7
1486 757 1675 790 Rainerum
1694 756 1914 790 Montensem
1933 770 1994 792 co-

486 817 604 850 mitem
629 815 724 861 apud
744 815 982 848 valenchenas
1003 815 1116 860 cepit,
1139 814 1240 847 exilio
1263 813 1465 857 damnavit,
1487 814 1634 860 ejusque
1653 814 1745 848 bona
1764 815 1869 848 fiscus
1886 827 1994 850 occu-

486 875 589 921 pavit.

530 932 632 979 Apud
652 932 989 978 Constantinopolim
1009 938 1088 978 post
1107 932 1305 965 Romanum
1319 958 1328 974 7
1350 930 1569 964 Constantini
1589 931 1718 975 filium,
1736 932 1919 966 Niceforus
1932 933 1996 966 im-

484 998 580 1037 perat
599 992 699 1024 annis
719 1003 750 1023 x.
778 990 882 1033 Otto,
905 990 976 1023 filio
995 1002 1058 1024 suo
1078 990 1208 1024 Ottone
1233 996 1402 1035 septenne
1426 989 1636 1037 Aquisgrani
1661 990 1696 1023 in
1720 1002 1838 1038 regem
1863 997 1991 1034 uncto,

482 1051 627 1084 Romam
642 1056 763 1095 petens
777 1062 796 1082 a
814 1049 974 1083 Johanne
988 1061 1077 1095 papa
1097 1048 1330 1082 benedicitur.
1355 1049 1380 1081 A
1401 1060 1490 1094 papa
1510 1055 1544 1082 et
1557 1061 1576 1082 a
1591 1049 1756 1083 Romanis
1774 1049 1914 1094 tyranni
1929 1049 1994 1083 ab-

478 1110 661 1153 jurantur,
687 1109 897 1154 imperatore
917 1108 1140 1154 repatriante.
1164 1108 1257 1153 Papa
1282 1107 1511 1141 Adelbertum
1532 1114 1724 1153 tyrannum
1746 1114 1907 1151 revocat,
1932 1107 1994 1142 sed

483 1179 561 1200 mox
576 1166 719 1213 refugit,
737 1167 949 1212 imperatore
963 1166 1145 1200 redeunte.
1165 1166 1316 1200 Collecta
1330 1165 1467 1212 synodo
1480 1193 1487 1209 7
1500 1166 1518 1199 J
1521 1166 1678 1200 ohannes
1692 1178 1781 1212 papa
1796 1166 1840 1200 de
1853 1166 1994 1200 nefariis

482 1225 593 1258 causis
615 1225 825 1266 infamatur,
851 1225 911 1270 qui
933 1237 1014 1258 cum
1029 1225 1132 1258 tertio
1147 1225 1273 1258 citatus
1293 1224 1411 1257 venire
1427 1223 1601 1258 diffideret
1614 1251 1622 1267 ,
1640 1224 1709 1258 Leo
1724 1225 1753 1258 ei
1768 1225 1995 1259 substituitur

482 1291 515 1317 et
534 1295 605 1316 uno
624 1283 676 1316 vel
695 1283 729 1327 iij
748 1283 848 1315 annis
862 1282 1048 1328 praesidet.
1067 1283 1137 1316 Nec
1152 1283 1297 1330 longum
1311 1309 1319 1324 ,
1341 1282 1410 1316 fide
1425 1295 1443 1316 a
1458 1283 1623 1316 Romanis
1636 1282 1732 1328 apud
1746 1283 1994 1328 imperatorem

481 1342 641 1383 alterata,
662 1341 859 1375 Johannem
879 1341 1055 1386 recipiunt
1067 1368 1075 1382 7
1095 1341 1156 1387 qui
1170 1368 1178 1384 7
1197 1340 1333 1387 synodo
1348 1341 1509 1383 collecta,
1527 1340 1678 1374 Leonem
1696 1340 1860 1386 deposuit
1873 1348 1907 1375 et
1919 1341 1994 1387 ejus

483 1407 580 1447 gesta
599 1400 762 1442 cassavit7
779 1406 814 1432 et
827 1399 1044 1445 quicumque
1059 1412 1078 1432 a
1095 1399 1209 1433 Leone
1225 1399 1377 1433 ordinati
1392 1399 1653 1433 damnabantur
1668 1400 1759 1433 hanc
1778 1412 1877 1433 suam
1893 1412 1993 1446 pros-

482 1459 688 1503 criptionem
709 1470 809 1491 suam
823 1458 910 1503 jussi
930 1458 1062 1491 suntin
1082 1458 1203 1492 charta
1221 1459 1368 1492 recitare
1391 1471 1397 1491 :
1419 1458 1530 1493 Pater
1547 1471 1646 1492 meus
1663 1458 1755 1492 ozz'lzz'l
1770 1459 1839 1492 siha·
1853 1458 1991 1502 hahuit,

483 1516 573 1549 nihil
592 1515 681 1549 ηιίΙιί
698 1516 802 1549 dedit.
826 1516 973 1549 Romani
993 1528 1010 1548 a
1026 1516 1186 1549 Johanne
1206 1528 1295 1562 papa
1318 1516 1466 1562 pecunia
1488 1516 1591 1549 illecti
1604 1543 1612 1559 7
1632 1516 1881 1562 imperatorem
1903 1517 1995 1551 bello

482 1575 633 1622 aggressi
651 1575 686 1607 in
702 1581 881 1607 momento
895 1575 1034 1619 penitus
1049 1575 1313 1617 occubuissent,
1336 1575 1400 1608 nisi
1420 1575 1641 1620 imperatoris
1661 1575 1787 1608 milites
1801 1587 1864 1620 per
1877 1575 1992 1621 ipsum

483 1640 515 1666 et
535 1645 596 1678 per
615 1633 766 1666 Leonem
782 1645 907 1678 papam
924 1645 942 1666 a
962 1632 1067 1666 caede
1086 1640 1347 1667 revocarentur.
1369 1633 1438 1666 Leo
1456 1645 1557 1675 vero7
1574 1645 1655 1667 cun]
1674 1633 1850 1667 Romanos
1869 1645 1995 1668 recon-

482 1692 628 1725 ciliasset
646 1691 847 1736 imperatori
860 1718 868 1733 7
891 1698 969 1736 post
987 1692 1186 1725 abscessum
1206 1692 1427 1738 imperatoris
1445 1692 1596 1725 sentiens
1611 1692 1675 1725 sibi
1695 1692 1809 1737 parari
1828 1691 1991 1735 insidias,

482 1749 525 1783 ad
540 1749 654 1794 ipsum
675 1749 777 1796 fugit.
802 1748 946 1782 Interim
965 1749 1143 1783 Johannes
1158 1762 1246 1796 papa
1257 1777 1265 1791 7
1286 1762 1322 1783 se
1336 1762 1418 1783 cum
1432 1762 1541 1783 uxore
1556 1749 1738 1795 cujusdam
1755 1750 1933 1784 oblectans
1945 1777 1954 1793 ,
1974 1763 1994 1785 a

482 1808 622 1842 diabolo
638 1808 835 1853 percutitur
848 1819 888 1841 ac
906 1807 979 1841 sine
994 1808 1119 1842 viatico
1134 1809 1318 1842 Dominico
1333 1809 1495 1842 moritur.
1517 1808 1665 1842 Romani
1679 1808 1994 1854 contrajuramen-

482 1873 556 1899 tum
577 1878 681 1899 suum
704 1865 777 1899 sine
796 1877 967 1899 consensu
987 1866 1208 1912 imperatoris
1229 1866 1460 1901 Benedictum
1483 1879 1609 1913 papam
1630 1867 1776 1901 faciunt.
1798 1867 1994 1913 Imperator

482 1924 656 1957 Romanos
675 1923 839 1957 obsidens
856 1925 888 1957 ri
908 1931 1106 1972 extorquet7
1124 1926 1277 1960 Leonem
1297 1927 1442 1969 relocat7
1462 1926 1523 1972 qni
1538 1926 1720 1960 restitutus
1737 1925 1810 1960 sedi
1830 1925 1994 1960 Benedic-

482 1989 558 2015 tum
579 1982 728 2027 ejectum
749 1982 853 2015 etiam
873 1982 1067 2017 sacerdotio
1084 1983 1278 2018 exordinat.

531 2039 788 2082 Theodoricus7
811 2040 923 2074 factus
942 2041 1150 2075 Metensium
1169 2043 1375 2089 episcopus7
1399 2044 1529 2089 primas
1552 2042 1683 2076 litteras
1706 2042 1893 2076 nominum
1915 2055 1994 2077 om—

482 2099 579 2132 nium
594 2098 840 2144 episcoporum
851 2098 1060 2133 Metensium
1078 2100 1278 2146 inspiciens7
1291 2113 1378 2148 quas
1394 2101 1539 2149 angelus
1554 2099 1799 2134 Dominidedit
1807 2099 1991 2145 Clementi,

482 2158 595 2203 primo
620 2156 829 2190 Metensium
857 2158 1042 2203 episcopo,
1071 2159 1203 2193 invenit
1224 2160 1306 2194 alias
1330 2166 1466 2193 notatas
1492 2171 1597 2201 auro,
1622 2159 1703 2192 alias
1724 2165 1887 2206 argento,
1911 2159 1994 2194 alias

482 2222 515 2248 et
538 2215 656 2248 viliore
680 2215 830 2249 metallo.
863 2215 922 2249 Sui
950 2223 1066 2250 autem
1092 2218 1244 2252 nominis
1267 2218 1417 2252 litteram
1437 2223 1583 2265 argento
1609 2223 1765 2250 notatam
1789 2217 1989 2251 inveniens:

486 2290 502 2303 «
523 2274 632 2316 Nitar7
654 2273 770 2319 inquit
784 2300 792 2316 7
814 2273 968 2307 donante
987 2275 1075 2318 Deo,
1098 2275 1190 2310 hanc
1205 2276 1354 2310 litteram
1374 2288 1517 2310 auream
1531 2274 1686 2318 efficere,
1704 2290 1721 2306 υ
1743 2274 1842 2321 quod
1860 2281 1895 2309 et
1914 2287 1989 2309 me-

483 2332 552 2365 ruit
571 2338 607 2365 et
622 2332 717 2365 fecit.

530 2389 737 2437 Bulgaribus
750 2388 954 2424 dominatur
972 2390 1137 2434 Caianus7
1155 2392 1192 2424 in
1210 2392 1345 2439 magica
1362 2398 1436 2426 arte
1452 2398 1591 2430 tantum
1613 2391 1751 2435 valens,
1772 2398 1812 2425 ut
1829 2392 1866 2425 in
1883 2403 1990 2438 quam

522 2476 529 2492 ¹
554 2475 666 2511 Legitur
679 2476 705 2501 in
722 2478 861 2512 margine:
1260 2484 1315 2506 tum
1330 2491 1346 2506 a
1361 2480 1392 2506 S.
1406 2479 1546 2513 Amando,
1564 2490 1634 2506 anno
1647 2479 1711 2506 610.

521 2520 569 2546 Est
588 2522 632 2547 hoc
648 2521 762 2557 falsum;
779 2532 840 2548 nam
855 2522 1035 2549 Blandinium
1055 2530 1092 2550 est
1107 2524 1210 2560 funda-
