2118 3184
448 421 707 456 CHRON’ICON
739 421 951 456 BALDUINI
981 421 1281 456 MNOVIENSIS.
1549 422 1618 457 599

105 533 141 563 in
158 530 297 563 arnol-eis
311 529 383 563 Deo
397 537 556 572 canatur,
577 530 738 576 quamvis
757 529 902 576 quidem
923 536 999 575 post
1016 530 1120 564 verba
1136 531 1333 578 evangelica
1353 530 1481 578 (quod)
1500 532 1619 577 sequi-

106 594 164 621 tur
185 595 262 634 post
287 589 331 621 ab
352 588 481 622 Hilario
502 588 694 622 pictavensi
711 587 883 621 dictatum
905 587 1082 622 credatur.

104 704 257 738 Judaeos
287 705 410 738 ultima
437 704 545 738 caede
574 704 832 750 perdomuisset
863 711 898 738 et
924 705 1133 739 christianos
1164 706 1199 739 in
1231 707 1318 740 urbe
1345 718 1406 739 sua
1434 707 1617 752 recepisset

107 763 232 796 morbo
256 763 439 796 intercutis
460 764 579 809 Aquae
604 762 699 809 apud
721 763 818 797 Baias
837 764 998 797 moritur.
1023 764 1186 798 Succedit
1206 764 1305 798 Titus
1324 764 1484 798 Aurelius
1509 766 1619 799 Anto-

106 821 210 854 ninus
227 820 279 853 vel
301 821 494 854 Antonius.
513 828 752 869 cognomento
775 822 876 855 Pius.
907 823 1082 868 imperans
1103 823 1169 868 xxij
1191 823 1291 857 annis
1313 829 1347 856 et
1366 823 1526 858 dimidio.
1549 824 1618 864 Qui

104 878 193 913 adeo
207 879 263 925 pie
278 886 313 913 et
327 879 514 925 tranquille
529 880 784 926 rempublicam
801 881 1027 928 gubernavit,
1046 888 1084 914 ut
1099 881 1224 915 merito
1239 888 1337 927 pater
1352 883 1485 928 patriae
1496 883 1618 929 appel-

106 937 197 971 latus
214 937 270 971 sit.
290 937 329 971 ln
345 938 440 971 omni
458 950 568 986 regno
585 950 649 972 suo
669 938 887 986 indulgentia
907 939 1056 973 offensas
1075 939 1237 982 donavit,
1254 947 1288 973 et
1301 939 1419 974 debita
1434 941 1615 976 relaxavit.

104 995 257 1043 ideoque
283 997 361 1042 pius
384 996 500 1031 dictus
524 1004 588 1030 est.
612 998 699 1045 Erga
720 1005 858 1031 nostros
876 1010 1020 1044 quoque
1039 999 1084 1032 ita
1105 999 1199 1032 mitis
1225 999 1312 1032 fuit.
1334 1006 1373 1033 ut
1399 1007 1617 1034 accusatores

102 1054 260 1101 ipsorum
275 1067 404 1101 poenas
418 1068 542 1089 eorum
555 1056 727 1089 sustinere
737 1056 890 1101 juberet.
906 1056 972 1090 Iste
986 1057 1171 1102 imperavit
1187 1069 1267 1091 cum
1285 1057 1362 1091 filiis
1376 1058 1460 1100 suis,
1478 1059 1617 1093 Aurelio

104 1120 139 1147 et
157 1114 277 1148 Lucio.

153 1172 284 1206 Romae
301 1179 419 1206 sancta
435 1173 590 1206 Felicitas
607 1185 672 1219 pro
690 1172 829 1206 Christo
849 1174 962 1219 capite
981 1180 1033 1207 est
1050 1180 1228 1216 truncata,
1252 1181 1331 1220 post
1350 1177 1556 1221 martyrium
1573 1176 1616 1221 vij

105 1289 287 1323 constituit
310 1295 343 1322 et
370 1301 433 1335 per
451 1301 513 1322 sua
532 1289 643 1323 officia
667 1289 849 1324 distribuit
874 1290 1123 1324 ecclesiasticos
1147 1290 1290 1338 gradus.
1313 1290 1618 1340 Cataphrygarum

104 1347 257 1381 haeresis
271 1347 396 1381 oritur.
414 1347 646 1396 Cataphrygis
661 1361 790 1382 nomen
807 1349 963 1396 Phrygia
977 1348 1092 1391 dedit,
1111 1350 1194 1395 quia
1209 1350 1257 1383 ibi
1272 1350 1481 1384 exstiterunt
1493 1359 1619 1385 aucto-

105 1417 159 1439 res
176 1417 318 1449 eorum,
337 1405 543 1449 Montanus,
566 1406 740 1450 Priscilla,
758 1406 958 1440 Maximilla.
984 1406 1009 1440 Ii
1030 1406 1222 1440 adventum
1242 1407 1395 1453 Spiritus
1411 1408 1527 1443 Sancti
1548 1422 1618 1443 non

102 1465 139 1497 in
151 1464 318 1510 apostolis
331 1463 393 1497 sed
407 1463 443 1496 in
453 1475 489 1497 se
504 1464 721 1510 completum
736 1471 910 1507 asserunt,
928 1471 962 1498 et
977 1464 1022 1498 de
1037 1465 1204 1512 singulari
1221 1465 1395 1500 munditia
1409 1467 1597 1514 gloriantes
1607 1495 1615 1508 ,

104 1535 225 1557 carnes
247 1522 437 1565 damnant,
467 1534 610 1556 omnem
637 1528 769 1557 co'i'tum
793 1535 962 1570 spurcum
984 1530 1113 1557 vocant
1134 1535 1195 1557 seu
1218 1531 1358 1570 putant.
1381 1524 1518 1559 Cerdon
1545 1525 1618 1560 duo

103 1581 279 1615 contraria
300 1581 472 1627 principia
491 1581 632 1624 asserit,
652 1582 735 1616 boni
751 1589 785 1615 et
804 1582 904 1625 mali,
926 1588 961 1615 et
975 1581 1048 1615 duo
1063 1582 1235 1628 principia
1250 1583 1355 1626 honi,
1381 1583 1530 1617 alterum
1552 1585 1617 1618 bo-

104 1652 190 1674 num
209 1639 395 1674 dominum
409 1667 417 1683 ,
445 1640 595 1674 alterum
611 1641 746 1686 justum
760 1668 768 1684 ,
792 1640 1023 1675 introducens
1046 1641 1181 1675 bonum
1203 1653 1265 1675 sua
1289 1642 1446 1676 bonitate
1469 1650 1614 1677 notum.

104 1705 239 1745 patrem
259 1699 367 1733 Jhesu
381 1698 527 1743 Christi,
552 1700 700 1734 alterum
717 1707 835 1734 autem
855 1700 1017 1748 ignotum
1036 1706 1069 1733 et
1088 1700 1351 1748 sanguinatium
1367 1702 1428 1748 qui
1443 1702 1526 1750 legis
1541 1713 1617 1736 cru-

103 1757 194 1792 delia
214 1764 400 1804 praecepta
418 1757 528 1792 dedit.

151 1817 234 1851 Pius
253 1829 342 1863 papa
365 1816 455 1850 sedit
478 1818 578 1851 annis
596 1818 655 1863 xij.
681 1817 813 1851 Pascha
833 1817 889 1851 die
911 1817 1091 1851 dominico
1114 1818 1296 1852 constituit
1318 1819 1507 1863 celebrari,
1533 1821 1615 1866 quia

102 1875 227 1910 eodem
246 1883 405 1921 tempore
423 1877 556 1924 angelis
576 1877 612 1910 in
632 1876 756 1910 habitu
777 1877 926 1923 pastoris
945 1876 1107 1923 apparuit
1127 1876 1267 1910 cuidam
1287 1876 1424 1912 doctori
1447 1878 1594 1912 Hermae
1607 1906 1614 1911 .

103 1934 172 1968 hoc
186 1935 217 1968 ei
236 1934 467 1980 praecipiens,
484 1935 669 1978 Anicetus,
691 1935 752 1981 qui
771 1942 823 1968 est
838 1935 993 1978 Anitius,
1016 1946 1107 1981 papa
1126 1934 1215 1968 sedit
1229 1936 1330 1969 annis
1346 1936 1406 1982 xigj.
1427 1936 1496 1977 Qui
1515 1937 1617 1971 cleri—

103 2005 162 2027 cos
180 2005 318 2027 comam
338 1994 473 2026 nutrire
492 1993 697 2039 prohibuit.v
721 1994 756 2027 in
776 1992 924 2027 modum
944 1993 1092 2039 spherae
1112 1992 1233 2027 radere
1247 1994 1393 2039 jubensf
1414 1994 1570 2028 instituit
1583 2001 1617 2028 et

104 2051 250 2085 clericos
264 2063 334 2084 non
349 2052 560 2086 secularium
579 2051 640 2086 sed
657 2052 839 2098 proposito
856 2052 1050 2086 sanctitatis
1064 2058 1098 2085 et
1117 2052 1276 2100 religioni
1292 2054 1457 2101 congruis
1472 2055 1523 2087 uti
1543 2062 1619 2087 ves*-

106 2110 214 2144 tibus.
236 2110 366 2143 Romae
382 2110 548 2144 Praxedis
564 2110 682 2158 virgo,
700 2111 800 2156 plena
819 2111 986 2156 operibus
1000 2110 1102 2143 bonis
1119 2117 1154 2143 et
1171 2110 1418 2157 eleemosynis,
1436 2112 1568 2158 quievit
1581 2112 1616 2145 in

104 2167 256 2202 Christo.
277 2167 451 2211 Marcion,
473 2167 666 2214 discipulus
685 2168 874 2211 Cerdonis,
893 2169 1023 2202 Romae
1043 2167 1171 2202 docuit*
1185 2169 1292 2202 alium
1312 2181 1384 2203 esse
1405 2170 1613 2213 Dominum,

104 2225 273 2271 majorem
295 2225 478 2259 conditore
504 2226 594 2268 Deo,
622 2225 684 2259 sed
710 2226 836 2259 restitit
859 2227 889 2259 ei
916 2232 951 2259 et
980 2226 1124 2259 caeteris
1147 2226 1351 2269 haereticis,
1380 2227 1615 2274 Poly-carpus,

104 2284 358 2330 Smyrneorum
374 2285 576 2330 episcopus,
597 2284 739 2318 auditor
753 2284 923 2318 Johannis
937 2284 1104 2330 apostoli,
1119 2285 1181 2330 qui
1197 2285 1265 2318 hoc
1279 2291 1439 2331 tempore
1452 2287 1519 2320 sub
1532 2287 1617 2321 Ani-⁴

103 2348 181 2376 ceto
198 2348 278 2387 post
298 2342 430 2376 illustre
451 2342 660 2388 martyrium
683 2342 718 2375 in
745 2342 846 2390 igne,
874 2342 1007 2388 quievit
1029 2342 1181 2375 intactus
1202 2342 1246 2376 ab
1269 2354 1324 2377 eo.
1351 2343 1439 2378 Huic
1459 2344 1615 2379 Marcion

104 2412 294 2435 occurrens
323 2413 328 2433 :
361 2414 378 2431 (ι
402 2401 560 2448 Agnosce
578 2412 662 2443 nos,
684 2401 812 2447 inquit.
836 2416 853 2431 υ
870 2421 918 2425 —
941 2414 958 2430 α
979 2401 1158 2448 Agnosco,
1180 2401 1313 2447 inquit,
1338 2402 1614 2451 primogenitum

107 2473 126 2490 α
146 2458 331 2494 Sathanae.
351 2474 369 2491 »

154 2518 306 2552 Antonio
325 2518 387 2552 Pio
403 2517 561 2552 succedit
577 2529 686 2566 gener
703 2518 778 2564 ejus
796 2518 934 2552 Marcus
954 2517 1114 2552 Aurelius
1135 2518 1330 2552 Antoninus
1343 2519 1473 2560 Verus,
1496 2519 1542 2554 de
1554 2528 1616 2569 gea
