2137 3131
432 406 503 441 774
1043 396 1332 432 APPENDICES.

435 520 521 540 totum
534 534 539 539 .
556 511 628 548 quod
643 511 676 536 de
691 509 803 536 ecclesia
818 507 955 534 Ninivensi
967 506 993 531 in
1010 504 1120 531 sendum
1136 509 1280 535 tenuerat,
1300 503 1428 530 videlicet
1440 503 1610 530 advocatiam
1625 513 1710 540 super
1725 504 1855 530 allodium
1869 505 1954 531 sancti

435 560 568 596 Aycliadri
583 560 608 584 in
625 557 752 593 parochia
765 556 799 581 (le
814 554 965 581 Lumbecca
975 573 982 584 .
998 552 1111 588 garbam
1125 561 1237 587 quoque
1251 557 1278 577 et
1292 560 1404 577 censum
1419 551 1492 586 apud
1506 551 1650 585 Stru'lhem,
1664 561 1727 578 cum
1738 552 1854 579 caeteris
1868 553 1955 578 omni-

435 609 486 634 bus
501 607 532 633 :id
547 607 597 632 hoc
611 604 773 630 beneficium
786 600 1003 638 pertinentibus,
1019 599 1176 634 praedictae
1189 599 1327 625 Ninivensi
1340 598 1472 624 ecclesiae
1483 599 1509 624 in
1520 599 1720 634 eleemosynam
1732 599 1824 631 dedit,
1840 608 1955 635 seseque

434 656 595 688 cuicumque
607 651 688 684 hujus
697 649 817 675 muneris
827 647 1017 674 calumniatori
1030 651 1127 681 utpote
1139 650 1281 672 auctorem
1292 646 1413 671 muneris
1426 655 1477 681 pro
1489 645 1602 672 eeclesia
1611 646 1770 672 satisfacere
1780 646 1882 672 debere
1895 655 1957 681 pro-

436 702 520 727 misit.
535 708 619 725 uxore
632 703 659 723 et
669 696 812 723 sororibus
827 695 911 730 ipsius
925 693 1073 719 willelmi.
1088 702 1148 719 cum
1165 692 1259 719 liberis
1270 692 1397 718 omnibus
1408 702 1502 718 earum
1518 702 1657 719 assensum
1673 693 1880 728 praebentibus.
1898 693 1955 720 Hoc

433 754 521 774 :tutem
536 745 697 772 beneficium
712 743 869 778 praedictus
882 741 1036 767 Willelmus
1050 741 1076 766 in
1092 750 1188 766 manus
1200 749 1272 766 meas
1284 745 1311 766 et
1325 740 1350 765 in
1365 749 1450 766 meam
1463 745 1625 775 potestatem
1641 741 1813 776 integraliter
1826 741 1955 772 tradidit,

432 793 537 820 utillud
551 802 600 827 pro
612 791 704 817 debito
716 797 743 815 et
754 788 937 815 sollicitudine
950 787 1108 813 advocatiae
1120 796 1202 821 quam
1214 796 1298 821 super
1310 786 1481 813 Ninivensem
1490 787 1579 813 habeo
1592 787 1733 814 ecclesiam
1744 809 1750 815 .
1763 788 1796 813 ad
1807 787 1954 814 utilitatem

432 842 516 876 ipsius
529 837 725 870 custodiendo,
741 841 824 871 prout
839 834 879 861 sas
892 839 918 860 et
929 835 975 868 jus
988 839 1073 864 esset,
1089 839 1194 859 tuerer.
1208 833 1376 869 Recognovit
1390 834 1471 859 etiam
1485 834 1555 860 idem
1566 834 1720 861 XVillelmus
1731 840 1794 861 ante
1803 844 1845 861 me
1856 856 1863 867 ‚
1879 835 1954 871 quod

433 886 565 923 quidquid
581 886 607 911 in
623 884 716 915 terris.
732 883 818 918 pratis
834 887 861 908 et
879 882 961 917 sylvis
973 903 979 910 .
1001 881 1073 907 dono
1088 881 1131 907 vel
1152 881 1325 916 eleemosyna
1342 882 1399 907 sive
1413 881 1537 917 quolibet
1551 883 1714 909 commercio
1728 882 1855 914 Hem-ici,
1869 883 1956 918 patris

432 936 483 963 sui.
496 933 645 960 Ninivensis
657 931 770 958 ecclesia
784 929 919 966 possidet,
938 929 1067 964 deinceps
1080 929 1174 964 quiete
1186 934 1212 955 et
1224 929 1329 964 absque
1342 929 1414 954 omni
1427 930 1513 964 patris
1530 929 1670 956 obtineret
1687 930 1802 965 querela
1811 951 1818 959 ,
1835 935 1863 956 et
1879 929 1954 956 nulla

432 992 489 1009 eam
508 980 624 1016 amplius
637 988 721 1014 super
734 978 777 1004 his
797 978 854 1013 ipse
869 977 992 1012 pulsaret
1007 976 1154 1002 calumnia.
1171 976 1228 1002 Hoc
1247 976 1349 1002 donum
1365 981 1392 1002 et
1411 981 1521 1011 pactum
1540 982 1572 1002 ut
1585 977 1715 1012 deinceps
1734 977 1832 1004 stabile
1845 982 1874 1004 et
1886 977 1958 1004 inte-

432 1034 563 1056 meratum
578 1031 735 1063 permaneat
747 1047 753 1055 ,
775 1025 914 1061 praesenti
927 1025 1031 1059 scripto
1049 1024 1130 1060 sigilli
1149 1024 1201 1050 mei
1217 1024 1389 1059 appositione
1401 1029 1428 1050 et.
1441 1033 1567 1060 congruo
1583 1024 1724 1050 hominum
1740 1034 1863 1051 meorum
1880 1024 1957 1050 testi-

432 1077 521 1103 monio
538 1074 707 1101 confirmavi.
722 1073 749 1099 S.
766 1072 868 1098 domini
887 1072 978 1105 Petri⁷
995 1071 1087 1097 fratris
1102 1071 1225 1105 comitis3
1243 1071 1272 1097 S.
1288 1070 1420 1103 Cononis,
1440 1071 1582 1097 castellani
1594 1071 1628 1098 de
1642 1071 1759 1108 Brugis3
1776 1071 1805 1098 S.
1821 1071 1909 1108 Sigeri
1921 1071 1956 1098 de

434 1125 522 1152 (ιἀηἰ,ι
540 1123 568 1149 S.
584 1121 707 1148 Balduini
726 1120 759 1146 de
773 1119 881 1153 W‘enti3
902 1119 930 1145 S.
944 1119 1058 1146 Gerardi
1071 1118 1105 1145 de
1120 1121 1276 1154 Solenyem;
1290 1118 1319 1145 S.
1336 1118 1438 1154 Rogeri
1450 1140 1456 1150 ⁷
1472 1119 1577 1145 tribuni
1590 1118 1624 1145 de
1641 1119 1770 1150 Curtrai;
1786 1119 1815 1145 S.
1831 1118 1956 1145 Balduini

432 1172 538 1197 Bucint.
554 1170 650 1196 Actum
664 1177 735 1194 anno
748 1167 855 1193 Domini
868 1166 1027 1193 MCLXXVI
1040 1188 1045 1199 ‚
1064 1176 1155 1193 mense
1168 1166 1330 1192 Februario.

1145 1233 1256 1265 Original
1266 1241 1313 1257 aux
1329 1233 1435 1257 archives
1450 1234 1479 1257 de
1493 1233 1515 1258 la
1527 1233 1628 1258 Flandre
1643 1233 1773 1263 orientale.
1785 1241 1855 1258 sceau
1868 1241 1897 1258 en
1909 1233 1957 1258 cire

1182 1276 1258 1300 brune
1267 1275 1436 1308 endommage.

1115 1559 1260 1593 XXXII.

437 1665 586 1700 Gaute'er
594 1691 603 1706 ,
624 1662 736 1697 avoue‘
750 1662 791 1696 cle
807 1662 933 1696 Pollar
941 1689 952 1704 2
973 1660 1052 1696 ce'de
1069 1675 1146 1696 aux
1165 1661 1337 1708 relzyz'euoe
1351 1661 1397 1695 les
1414 1661 1525 1695 droz'ts
1539 1659 1812 1707 qzo'z'lposse'daz't
1825 1673 1892 1695 sur
1909 1661 1956 1696 les

606 1734 700 1756 eauoe
721 1727 818 1755 entre
838 1720 1070 1768 Bullenylzem
1091 1726 1125 1754 et
1145 1733 1198 1754 un
1216 1720 1353 1754 moulz‘n
1369 1719 1421 1754 du
1437 1725 1594 1754 convent.
1611 1739 1658 1744 -—
1674 1718 1780 1753 Mm.

1155 1909 1225 1933 1176.

472 1982 501 2007 In
520 1981 627 2007 nomine
643 1980 730 2006 Patris
745 1986 772 2006 et
790 1981 849 2007 Filii
863 1986 889 2007 et
903 1981 1023 2016 Spiritus
1041 1981 1144 2008 Sancti.
1160 1981 1301 2008 walterus
1312 2001 1318 2013 ‚
1335 1980 1484 2007 advocatus
1495 1981 1529 2007 de
1542 1980 1632 2007 Pollar
1642 2001 1648 2013 ‚
1666 1985 1692 2007 et
1703 1990 1773 2006 uxor
1791 1981 1851 2015 ejus
1864 1981 1936 2008 Gisla
1948 2003 1955 2014 ‚

433 2035 487 2055 tam
501 2028 602 2054 futuris
616 2037 696 2063 quam
709 2028 911 2063 praesentibus.
926 2028 1026 2054 Notum
1039 2038 1098 2055 esse
1112 2028 1240 2055 volumus
1255 2032 1308 2054 tam
1321 2027 1423 2054 suturis
1436 2037 1518 2063 quam
1531 2027 1723 2063 praesentibus
1736 2027 1810 2063 quod
1822 2028 1958 2064 quidquid

429 2076 499 2110 juris
514 2075 659 2101 habuimus
670 2075 696 2100 in
711 2075 789 2110 aquis
803 2075 876 2101 inter
888 2075 1065 2111 Bulleuylzem
1078 2081 1105 2101 et
1119 2075 1305 2101 molendinum
1320 2074 1438 2101 fratrum
1452 2075 1638 2101 Ninivensium
1648 2096 1655 2106 ‚
1671 2075 1811 2101 Ninivensi
1824 2075 1955 2102 eeclesiae

433 2124 459 2149 in
474 2123 673 2157 eleemosynam
689 2121 827 2152 dedimus,
843 2122 881 2148 sic
901 2123 984 2148 etiam
1002 2128 1031 2148 ut
1046 2132 1095 2149 nec
1113 2122 1192 2149 nobis
1204 2144 1211 2155 ⁷
1230 2131 1280 2148 nec
1298 2122 1504 2148 successoribus
1524 2122 1625 2148 nostris
1636 2143 1642 2153 ,
1659 2131 1709 2148 nec
1726 2121 1809 2148 alicui
1825 2131 1858 2148 ex
1877 2128 1956 2158 parte

432 2175 525 2196 nostra
535 2190 541 2201 ,
557 2170 629 2195 inter
641 2168 696 2195 duo
706 2169 861 2195 molendina
871 2190 878 2201 2
894 2169 998 2196 seilicet
1010 2169 1185 2206 Bullenqhem
1198 2174 1225 2196 et
1238 2169 1423 2196 molendinum
1435 2169 1551 2195 fratrum
1565 2169 1599 2195 de
1611 2169 1707 2195 Ninive
1721 2169 1837 2204 amplius
1852 2169 1956 2196 molen-

433 2217 526 2242 dinum
541 2221 701 2241 construere
713 2215 803 2242 liceat.
818 2216 876 2242 Hoc
889 2221 980 2242 autem
993 2222 1024 2243 ut
1034 2221 1124 2243 ratum
1136 2221 1313 2252 permaneat,
1325 2216 1407 2252 sigilli
1419 2217 1506 2242 nostri
1520 2216 1692 2251 appositione
1703 2221 1730 2242 et
1740 2216 1882 2243 homiuum
1892 2226 1957 2243 nos-

436 2269 541 2289 trorum
562 2263 717 2289 testimonio
737 2263 940 2289 confirmamus.
961 2264 1074 2300 Signum
1093 2257 1227 2290 Desiderii
1249 2263 1282 2290 de
1302 2263 1471 2298 Itterbecea3
1492 2263 1617 2289 Paridani
1637 2263 1671 2289 de
1687 2261 1775 2293 Sone‚·
1794 2263 1912 2290 XValteri
1928 2270 1956 2291 et

435 2311 541 2336 Henrici
551 2332 557 2339 ,
574 2310 689 2336 fratrum
703 2310 737 2337 de
753 2310 934 2347 Zamberqlten
945 2323 953 2342 ;
965 2317 993 2338 et
1007 2312 1148 2338 Balchoni.
1163 2312 1242 2338 Anno
1258 2311 1364 2337 Domini
1378 2311 1548 2338 MCLXXVI.

1149 2378 1258 2410 Original
1269 2397 1275 2404 .
1290 2386 1359 2402 sceau
1373 2386 1403 2402 en
1417 2378 1463 2402 cire
1482 2378 1572 2408 brune,
1588 2385 1636 2402 aux
1650 2377 1757 2402 archives
1770 2377 1799 2402 de
1816 2378 1838 2402 la
1855 2378 1956 2403 Flandre

1183 2420 1306 2444 orientale.
