2118 3184
768 387 1058 422 APPENDICES.
1604 386 1671 421 821

854 513 972 547 XCIV.

144 602 281 645 Solu'er,
302 603 524 637 archidiacre
543 604 584 638 de
605 604 795 647 cambrai,
815 603 1002 638 reconmzlt
1017 617 1082 650 que
1101 605 1259 651 l'abbaye.
1277 619 1301 639 (ι
1316 605 1369 639 e'te'
1378 607 1503 639 remim
1522 618 1565 638 en
1581 616 1669 651 pos-

425 664 554 695 session
571 662 620 696 du
639 662 734 696 droit
748 662 790 696 de
801 661 907 708 pecho
921 660 945 695 ὰ
965 661 1167 709 Ledebetye.
1181 684 1228 689 -—
1239 663 1380 697 mmm.

790 853 805 873 Α
825 849 948 874 Meerbeke
955 869 961 875 ,
981 850 1053 873 1201.

183 931 311 967 Sigerus,
333 931 381 957 liei
399 932 487 967 gratia
505 931 708 958 Cameracensis
726 932 856 958 eeclesiae
874 931 1084 958 archidiaconus
1101 931 1127 957 in
1149 931 1312 963 Brabanfia,
1329 930 1456 957 omnibus
1471 931 1521 957 hoc
1535 932 1668 966 scriptum

141 978 256 1005 lecturis
268 978 394 1005 salutem.
416 979 514 1005 Notum
528 980 563 1005 sit
582 979 773 1014 praesentibus
790 985 817 1006 et
838 978 939 1005 suturis
950 1000 956 1010 ,
972 978 1046 1014 quod
1064 987 1126 1005 cum
1144 978 1271 1005 dominus
1287 978 1440 1004 Willelinus
1457 979 1491 1005 de
1511 978 1668 1015 Ledeberge

146 1025 317 1053 Niuivensem
327 1026 467 1053 ecclesiam
477 1027 510 1052 de
519 1036 567 1052 sua
579 1027 727 1062 piscatione
736 1048 743 1059 ,
757 1036 839 1062 quam
855 1027 937 1063 longo
951 1031 1075 1061 tempore
1087 1026 1192 1062 absque
1207 1026 1341 1052 calumnia
1355 1031 1381 1052 et
1393 1027 1486 1061 quiete
1497 1026 1668 1061 possederat.

145 1073 280 1100 violenter
291 1074 426 1108 ejecisset,
442 1074 551 1101 demum
567 1074 750 1101 mediantibus
761 1074 840 1101 nobis
854 1079 881 1101 et
892 1074 956 1100 viris
971 1073 1154 1109 prudentibus
1169 1083 1199 1100 ac
1213 1074 1349 1106 discretis⁷
1365 1073 1516 1109 praefatam
1528 1074 1670 1100 ecclesiam

141 1122 171 1148 in
189 1130 265 1147 suam
283 1121 482 1156 possessionem
498 1121 620 1147 restituit
632 1126 661 1147 et
673 1121 760 1148 eidem
773 1121 950 1156 piscationem
966 1120 1080 1146 liberam
1093 1129 1154 1146 cum
1168 1130 1223 1146 una
1236 1121 1298 1146 navi
1316 1125 1343 1146 et
1359 1120 1468 1145 duobus
1487 1120 1669 1155 piscatoribus

143 1169 170 1195 iu
185 1168 312 1195 omnibus
329 1169 424 1203 aquis,
443 1177 532 1203 usque
549 1168 583 1194 ad
603 1173 699 1203 pontes
717 1168 750 1194 de
768 1168 935 1204 Impertqem‚
956 1172 1069 1203 excepto
1085 1167 1256 1193 solummodo
1276 1167 1394 1202 quodam
1410 1167 1485 1199 lacu,
1504 1169 1551 1203 qui
1568 1168 1664 1194 ‹licitm

145 1215 231 1249 Mero,
248 1215 282 1242 de
297 1224 432 1242 consensu
447 1216 539 1241 uxoris
552 1225 618 1241 suae
638 1215 768 1242 Beatricis
782 1220 809 1242 et
821 1215 972 1241 liberorum
987 1224 1099 1241 suorum
1110 1235 1116 1247 ‚
1132 1215 1293 1250 recognovit
1313 1224 1363 1250 per
1381 1224 1490 1240 manum
1507 1213 1609 1241 (sumini
1628 1218 1672 1242 sui

144 1262 266 1290 Bertoldi
285 1268 313 1289 et
329 1263 423 1289 matris
441 1272 507 1289 suae
528 1262 626 1294 Alicis,
649 1263 839 1289 consentiente
857 1263 937 1289 etiam
955 1262 1064 1288 domino
1085 1262 1202 1288 Arnulso
1218 1262 1252 1288 de
1271 1262 1455 1298 Grimbergis,
1474 1264 1669 1297 repromittens

144 1309 285 1345 praefatae
298 1309 428 1336 ecclesiae
438 1319 488 1345 per
501 1319 529 1335 se
541 1315 569 1336 et
581 1319 645 1336 suos
656 1309 790 1336 haeredes
804 1310 946 1345 perpetuis
958 1309 1128 1344 temporibus
1142 1308 1341 1335 warandisiam.
1358 1309 1394 1334 Ut
1410 1314 1501 1335 autem
1514 1310 1565 1336 hoc
1577 1316 1668 1336 ratum

144 1361 172 1383 et
185 1357 378 1383 inconcussum
391 1357 418 1382 in
433 1366 531 1383 aevum
545 1362 720 1392 permaneat,
738 1357 872 1392 scriptum
889 1356 941 1382 hoc
955 1356 1036 1392 sigilli
1049 1356 1222 1392 appositione
1236 1356 1399 1382 roboramus
1413 1361 1441 1382 et
1451 1358 1649 1383 auctorisamus
1662 1380 1667 1383 .

143 1404 308 1439 subscriptis
319 1404 438 1430 testibus
451 1409 478 1430 et
489 1413 585 1430 eorum
598 1403 694 1440 sigillis
708 1404 840 1440 appositis
850 1424 856 1436 ‚
876 1403 978 1439 quibus
991 1403 1025 1429 de
1036 1403 1100 1437 jure
1113 1403 1164 1429 hoc
1175 1403 1338 1429 confirmare
1352 1403 1534 1438 competebat.
1555 1404 1668 1440 Signum

144 1450 264 1477 Bertaldi
275 1455 303 1477 et
315 1450 423 1478 Arnulfi
437 1451 471 1477 de
484 1451 670 1487 Grimbergis3
687 1451 715 1478 S.
731 1449 881 1477 Johannis¹
897 1456 924 1477 et
934 1451 1069 1477 Hescelini
1082 1450 1116 1477 de
1125 1450 1305 1486 Grimbergis,
1322 1450 1452 1476 abbatum
1464 1461 1470 1485 ς
1487 1451 1515 1477 S.
1536 1451 1650 1477 Walteri
1662 1474 1667 1477 .

147 1499 260 1531 decani,
279 1503 307 1525 et
321 1499 443 1535 magistri
457 1498 545 1535 Sigeri
558 1499 592 1525 de
606 1498 761 1532 Merbecca,
778 1504 806 1525 et
824 1498 939 1525 Gerar-di
952 1498 986 1525 de
1000 1498 1102 1533 Goika3
1119 1498 1147 1525 S.
1169 1498 1280 1524 Davidis
1292 1497 1326 1524 de
1341 1497 1442 1524 Hobosc
1456 1503 1483 1524 et
1500 1498 1625 1524 Balduini
1636 1499 1670 1524 de

145 1545 314 1577 stenkerca,
331 1545 360 1572 S.
380 1545 496 1572 Walteri
516 1545 550 1572 de
568 1545 686 1572 Malbmc
703 1550 731 1572 et
749 1545 888 1572 Michaelis
906 1545 940 1571 de
957 1544 1139 1575 Heidenlzovffi-
1161 1544 1189 1571 S.
1209 1544 1348 1581 Magtildis
1363 1544 1397 1571 de
1412 1544 1519 1571 Allodio
1536 1550 1563 1571 et
1578 1544 1672 1571 fratri>

145 1593 205 1627 ejus
219 1593 329 1620 Hem-ici
339 1614 346 1620 .
363 1598 390 1620 et
402 1593 450 1620 filii
465 1594 506 1620 sui
520 1593 660 1620 Hostonis.
677 1594 775 1620 Actum
789 1593 863 1629 apud
877 1593 1048 1620 Merbeccam
1060 1613 1067 1625 ‚
1084 1602 1156 1619 anno
1169 1592 1276 1619 Domini
1290 1591 1386 1625 MCCI,
1402 1597 1464 1628 post
1478 1592 1667 1619 Pentecosten.

920 1659 1039 1692 Original,
1048 1659 1070 1683 le
1080 1666 1148 1683 sceau
1159 1659 1187 1682 de.
1198 1658 1311 1683 Mathilde
1320 1667 1349 1683 en
1362 1659 1410 1683 cire
1420 1658 1496 1683 brune
1505 1663 1540 1682 est
1552 1659 1599 1682 seul
1613 1667 1669 1682 con>

954 1702 1028 1725 serve.

860 1964 961 1998 XCV.

146 2066 285 2109 Adam,
307 2066 397 2100 ahbe'
406 2067 457 2101 du
475 2065 790 2101 manusc-Marcia
809 2064 888 2100 cede
907 2064 930 2100 ἀ
946 2066 1104 2112 Z’abhaye
1125 2071 1202 2099 tous
1223 2077 1275 2099 ses·
1292 2065 1402 2099 (ὗν-σὴς
1419 2063 1443 2098 ὰ
1463 2065 1497 2098 la
1517 2064 1609 2098 dimo
1625 2065 1666 2099 de

718 2124 862 2158 Voorde.
889 2144 936 2150 —
956 2123 1097 2158 Lomsu.

870 2302 943 2324 1202.

186 2373 217 2399 ln
231 2374 340 2400 nomine
355 2378 464 2400 sanctae
478 2378 506 2400 et
519 2373 676 2400 individuae
686 2373 838 2400 Trinitatis.
853 2373 908 2409 Ego
920 2373 1019 2404 Adam,
1032 2372 1081 2399 Dei
1095 2373 1183 2409 gratia
1197 2372 1329 2398 ecclesiae
1343 2371 1443 2398 Montis
1456 2371 1484 2398 S.
1502 2371 1612 2398 Martini
1623 2373 1672 2398 ab-

143 2421 193 2448 bas
204 2441 212 2454 ,
229 2421 420 2456 praesentibus
437 2426 464 2447 et
483 2420 584 2447 suturis
598 2421 626 2447 iu
640 2420 756 2447 Domino
775 2420 902 2447 salutem.
921 2420 1020 2446 Notum
1040 2419 1153 2447 facimus
1169 2419 1297 2446 omnibus
1314 2419 1366 2446 hoc
1384 2419 1516 2455 scriptum
1539 2419 1669 2446 lecturis.

173 2505 180 2521 ¹
197 2505 321 2527 Au-dessus
333 2506 359 2526 de
369 2505 482 2527 «Iohannis
494 2514 515 2528 se
526 2511 603 2528 trouve
613 2506 664 2527 ecrit
675 2505 740 2528 d'uue
752 2510 813 2528 autre
820 2508 878 2527 main
889 2514 894 2526 ε
906 2505 962 2526 dicti
969 2504 1095 2528 Ver-munz.
1106 2507 1180 2533 Voyez
1192 2505 1213 2526 la
1226 2504 1300 2525 charte
1310 2506 1414 2525 suivaute.
