2137 3131
440 374 511 408 402
784 370 957 405 CORPUS
984 366 1312 403 CHROMCORUM
1342 366 1605 400 FLANDRIAE.

444 484 575 517 vientes
598 489 628 515 et
653 486 773 527 gentes
797 479 841 511 de
864 477 1076 511 communiis
1098 476 1224 509 lucrari
1244 475 1418 518 volentes.
1441 473 1586 520 quando
1609 472 1770 507 recedere
1793 472 1955 506 intende-

445 542 529 575 bant
542 568 550 583 7
577 552 639 572 nee
658 543 757 571 erant
773 549 853 569 cum
873 536 921 569 eis
939 536 1088 568 barones
1107 540 1168 567 aut
1188 533 1332 566 nobiles.
1357 532 1444 566 Cum
1466 544 1547 580 rege
1561 538 1680 565 autem
1696 530 1839 578 Angliae
1857 536 1956 563 erant

446 600 498 633 sui
520 599 596 631 filii.
619 598 785 637 barones7
813 594 935 627 militia
953 600 988 626 et
1012 593 1146 627 nobiles
1165 599 1199 626 et
1221 599 1335 625 totum
1355 592 1465 625 robur
1490 591 1651 638 Angliae7
1677 602 1759 623 cum
1779 589 1958 635 potentio—

448 659 544 691 ribus
564 654 795 696 communiis.
827 660 861 686 et
885 653 953 686 hoc
981 659 1033 686 est
1058 651 1240 698 probabile
1264 650 1361 697 quod
1390 663 1448 684 rex
1471 650 1637 697 Angliae,
1662 649 1740 695 plus
1763 660 1870 694 quam
1890 646 1959 680 diei

447 715 572 762 possit.
595 714 672 759 plus
688 711 843 758 perdidit
861 723 970 758 quam
993 711 1151 757 Hispani.
1175 710 1254 743 licet
1273 708 1412 742 dicatur
1430 708 1650 756 fugientibus
1667 707 1828 753 Hispanis
1847 706 1961 738 victo-

447 775 533 807 riam
556 771 737 813 habuisse.
759 770 841 816 quia
858 770 893 802 in
915 770 990 803 loco
1012 774 1257 802 remanserunt
1276 774 1309 800 et
1333 767 1442 812 spolia
1461 773 1493 799 et
1515 767 1653 800 lucrum
1673 765 1888 799 habuerunt.
1912 764 1961 797 De

448 831 644 878 perditione
674 836 791 863 autem
826 841 888 862 sua
919 828 1131 876 ambiguitas
1160 838 1286 874 magna
1323 826 1391 859 fuit
1407 852 1415 868 a
1450 837 1515 859 nec
1543 837 1702 871 unquam
1735 824 1813 857 sciri
1845 822 1962 869 potuit

448 889 624 924 certitudo
643 888 815 934 aliqualis.
836 887 908 920 Hoc
925 893 1043 920 tamen
1063 886 1216 919 multum
1238 891 1289 918 est
1307 883 1564 918 advertendum
1586 889 1620 916 et
1643 882 1860 925 notandum7
1878 880 1961 927 quia

450 955 529 995 post
547 947 681 981 dietum
702 945 908 979 conflictum
928 944 972 978 ad
991 945 1142 987 bellum7
1165 955 1324 977 rumores
1341 942 1384 976 dc
1403 954 1532 990 guerra
1550 954 1658 988 quam
1676 941 1831 974 habebat
1848 939 1964 974 dictus

449 1020 508 1041 rex
532 1005 675 1053 Angliae
699 1011 822 1038 eontra
846 1016 965 1051 regem
992 1003 1156 1036 Franciae
1182 1013 1380 1044 cessaverea
1407 1001 1490 1047 quia
1517 1012 1676 1034 rumores
1697 999 1841 1033 maximi
1865 1004 1966 1032 erant

449 1066 493 1099 de
512 1064 692 1111 praedicto
711 1063 878 1097 conflictu
898 1069 933 1095 et
959 1061 1003 1095 de
1023 1061 1149 1109 grandi
1171 1060 1369 1107 perditione
1389 1059 1618 1107 Anglicorum
1636 1065 1671 1092 et
1688 1058 1861 1092 nobilium
1881 1068 1964 1103 per-

450 1136 631 1158 sonarum.
657 1122 754 1156 Unde
777 1121 905 1156 accidit
924 1120 1041 1167 quod7
1060 1127 1201 1154 mortuo
1225 1119 1372 1153 domino
1388 1119 1552 1165 Philippo
1570 1117 1859 1152 excellentissimo
1883 1128 1965 1163 rege

453 1184 667 1216 Francorum
681 1208 689 1224 a
713 1180 813 1214 multi
833 1179 1105 1213 murmurabant
1128 1185 1163 1212 et
1184 1178 1397 1212 dubitabant
1419 1177 1464 1211 de
1485 1189 1567 1224 rege
1586 1176 1750 1224 Angliae5
1777 1174 1876 1222 quod
1895 1186 1966 1208 non

452 1241 555 1275 vellet
579 1238 751 1285 impedire
776 1238 1041 1271 coronationem
1066 1237 1126 1270 filii
1156 1236 1241 1270 dieti
1269 1236 1372 1282 regis.
1404 1236 1445 1268 Et
1475 1235 1543 1268 fuit
1573 1235 1693 1280 opinio
1719 1234 1966 1267 universorum

453 1298 551 1346 quod
566 1297 766 1344 praedictus
783 1295 968 1329 conflictus
987 1302 1019 1328 et
1038 1294 1189 1341 perditio
1204 1306 1350 1327 suorum
1366 1293 1540 1326 nobilium
1554 1293 1623 1326 hoc
1638 1293 1752 1327 facere
1766 1291 1963 1338 impedivit.

455 1358 496 1391 Et
515 1358 541 1391 si
561 1368 626 1404 ego
641 1355 762 1389 vellem
777 1353 894 1387 dicere
913 1360 947 1387 et
966 1354 1151 1401 registrare
1170 1352 1244 1395 illa7
1266 1364 1356 1398 quae
1375 1358 1460 1384 tunc
1479 1351 1648 1397 temporis
1665 1364 1684 1384 a
1703 1351 1823 1384 multis
1843 1350 1968 1384 refere-

457 1417 608 1457 bantur.
639 1415 729 1447 forte
753 1413 864 1446 futuri
892 1425 962 1446 non
997 1411 1199 1454 crederent,
1231 1411 1315 1457 quia
1345 1410 1425 1444 licet
1454 1409 1592 1444 dicatur
1616 1423 1622 1442 :
1653 1409 1751 1456 quod
1779 1421 1968 1443 commune

457 1474 591 1508 dictum
607 1500 615 1517 7
634 1485 703 1506 non
726 1478 777 1505 est
796 1471 942 1504 omnino
961 1471 1087 1504 falsum
1100 1497 1108 1513 ·,
1130 1470 1211 1503 talia
1233 1476 1267 1502 et
1287 1476 1357 1502 tam
1376 1467 1512 1502 diversa
1533 1468 1744 1502 dicebantur
1756 1495 1764 1511 7
1782 1467 1881 1514 quod
1895 1474 1969 1501 erat

458 1533 557 1579 quasi
578 1530 795 1565 incredibile.
826 1529 962 1563 Idcirco
988 1538 1053 1576 ego
1076 1529 1198 1562 nolens
1224 1528 1370 1561 miscere
1392 1539 1472 1560 vera
1491 1526 1605 1569 falsis7
1633 1526 1731 1572 quod
1757 1527 1844 1560 seire
1871 1526 1970 1572 potui

460 1590 612 1624 veritatis
635 1589 701 1622 feci
722 1588 908 1636 registrare
922 1615 930 1627 ἢ
954 1587 1158 1633 relinquens
1180 1586 1255 1619 aliis
1272 1586 1333 1632 qui
1352 1585 1530 1619 sciverunt
1552 1585 1725 1628 scribere„
1748 1591 1783 1618 et
1804 1583 1972 1618 viderunt

461 1662 560 1683 suam
577 1649 807 1681 voluntatem.
832 1647 884 1679 Ab
899 1646 955 1679 illa
973 1652 1091 1679 autem
1111 1644 1167 1678 die
1186 1656 1299 1690 usque
1317 1643 1362 1677 ad
1380 1656 1530 1690 sequens
1548 1643 1677 1676 festum
1697 1643 1973 1686 Purificationis,

459 1719 618 1742 rumores
637 1705 764 1739 diversi
787 1711 888 1738 eraut
906 1703 950 1737 de
968 1703 1064 1737 dicto
1085 1715 1166 1750 rege
1187 1702 1331 1750 Angliae
1349 1708 1383 1734 et
1404 1701 1448 1735 de
1468 1701 1622 1749 Anglicis
1639 1707 1675 1734 et
1692 1700 1736 1734 de
1755 1701 1821 1735 sibi
1839 1700 1972 1735 adhae-

459 1766 638 1807 rentibus,
660 1764 810 1797 maxime
828 1763 872 1796 de
890 1763 954 1796 illis
969 1761 1012 1796 de
1028 1761 1210 1805 Flandria7
1232 1767 1267 1794 et
1284 1760 1466 1807 quomodo
1482 1761 1613 1806 pluries
1632 1760 1760 1794 milites
1778 1767 1813 1794 et
1831 1760 1974 1794 nuntios

460 1832 495 1859 et
513 1826 643 1858 litteras
661 1823 709 1857 eis
729 1823 823 1856 misit
845 1835 851 1855 :
875 1834 965 1868 quae
985 1821 1103 1855 omnia
1123 1821 1226 1868 longa
1246 1826 1360 1853 essent
1379 1832 1554 1853 enarrare.
1577 1819 1710 1853 Verum
1727 1825 1847 1852 tamen
1868 1825 1976 1865 prout

460 1884 553 1917 fama
571 1889 645 1915 erat
657 1909 665 1925 ,Ι
689 1881 826 1927 aliquae
845 1887 990 1927 treugae
1014 1880 1161 1913 fuerunt
1176 1879 1267 1912 inter
1292 1878 1456 1926 Anglieos
1475 1884 1510 1911 et
1526 1878 1698 1924 Hispanos
1719 1877 1972 1921 concordatae,

461 1942 543 1989 quia
564 1940 707 1986 Hispani
728 1939 858 1985 pluries
878 1945 958 1985 post
975 1938 1112 1972 dictum
1133 1937 1340 1972 conflictum
1360 1950 1504 1985 magnas
1524 1943 1740 1970 mercaturas
1758 1943 1793 1970 et
1813 1936 1975 1970 victualia

460 2002 496 2034 in
516 1998 714 2033 Flandriam
736 1997 963 2031 adduxerunt
981 1997 1127 2043 pacifice
1146 1996 1360 2030 recedendo.
1383 1995 1587 2030 Notandum
1610 2002 1663 2029 est
1679 1995 1784 2029 etiam
1805 1994 1903 2042 quod
1918 2007 1978 2029 rex

464 2058 606 2106 Angliae
627 2064 659 2090 et
682 2063 803 2104 gentes
823 2068 905 2089 suae
923 2056 959 2089 in
982 2055 1128 2089 diversis
1155 2055 1239 2089 loeis
1259 2061 1293 2088 et
1311 2055 1348 2088 in
1366 2054 1462 2088 dieto
1481 2053 1670 2097 conflictu7
1694 2054 1824 2088 multos
1842 2054 1978 2088 nobiles

461 2124 495 2150 et
523 2116 696 2164 ignobiles
726 2115 820 2148 vivos
846 2121 1013 2160 ceperant
1035 2121 1070 2147 et
1094 2114 1262 2147 tenebant
1289 2113 1481 2159 prisiones.
1513 2124 1578 2159 pro
1605 2112 1737 2159 quibus
1763 2111 1979 2146 redimendis

464 2175 631 2221 petebant
652 2173 837 2206 maximam
863 2173 1001 2218 copiam
1024 2172 1241 2206 florenorum
1267 2178 1301 2205 et
1320 2171 1450 2205 habere
1474 2170 1729 2212 i11tendebant;
1752 2169 1812 2204 sed
1827 2182 1891 2216 per
1903 2169 1981 2205 dic-

467 2240 542 2266 tum
560 2231 766 2266 conflictum
789 2232 824 2264 in
845 2232 954 2275 mari7
978 2231 1079 2264 multi
1099 2243 1138 2264 ex
1154 2237 1305 2277 utraque
1329 2236 1428 2276 parte
1449 2230 1542 2276 capti
1560 2229 1705 2263 fuerunt
1723 2229 1915 2274 prisiones,
1937 2228 1981 2263 de

466 2291 596 2337 quibus
628 2297 662 2324 et
694 2302 758 2336 pro
785 2291 916 2336 quibus
949 2291 1049 2324 multi
1081 2290 1230 2324 fuerunt
1259 2289 1458 2323 alternatim
1493 2288 1537 2322 de
1568 2288 1785 2334 prisionihus
1818 2287 1953 2321 liberati
1967 2315 1975 2329 7

467 2348 640 2394 redempti
660 2355 694 2382 et
717 2349 893 2382 cambiati.

515 2407 653 2440 Mortuo
679 2407 861 2453 quondam
892 2408 1000 2441 nobili
1029 2408 1187 2454 principe
1214 2406 1360 2441 domino
1386 2406 1597 2452 Radulpho‚
1629 2405 1757 2439 comite
1778 2403 1822 2438 de
1849 2403 1912 2438 Eu
1942 2404 1978 2437 in

470 2465 703 2507 Normannia7
726 2471 760 2498 et
778 2466 1084 2499 connestabulario
1107 2466 1289 2507 Franciae7
1312 2465 1565 2498 illustrissimus
1582 2475 1640 2497 rex
1662 2464 1875 2497 Francorum
1895 2461 1982 2495 Phi-
