2137 3131
414 338 483 371 904
1020 328 1305 363 APPENDICES.

415 452 470 471 tum
489 446 653 471 Ninivonscm
666 451 748 476 super
769 446 841 466 terra
855 439 889 465 de
904 438 1025 464 Holbeka
1037 458 1044 466 ,
1067 446 1148 472 quam
1164 437 1230 462 dicti
1245 436 1330 462 abbas
1348 441 1375 462 ct
1393 441 1546 463 conventus
1561 442 1687 463 emerunt
1700 446 1766 473 erga
1780 437 1922 473 Aegidium

414 492 447 517 de
457 491 637 525 anleuqliem
647 488 757 514 militem
769 508 775 519 ,
791 496 881 513 coram
894 494 935 511 me
949 490 975 511 et
987 484 1144 510 hominibus
1155 484 1282 510 dominae
1295 484 1448 510 comitissae
1460 483 1576 511 feodatis
1583 484 1657 520 apud
1668 484 1746 510 Alosae
1761 484 1887 510 traxisset
1897 484 1923 509 in

415 548 519 564 rausum
532 557 538 569 7
555 537 623 562 idem
638 535 669 560 (j.
687 533 858 570 postmodum
871 531 905 558 ad
918 541 966 557 cor
980 540 1107 557 reversus
1118 540 1209 556 coram
1225 540 1267 556 me
1282 531 1307 556 in
1324 531 1479 565 praesentia
1494 531 1545 556 viri
1559 530 1724 557 venerahilis
1736 531 1838 557 domini
1852 530 1925 557 Heu>

416 586 476 612 rici.
492 583 585 609 decani
596 582 629 607 de
642 580 842 606 (ieraidimonte
856 583 883 604 et
897 579 924 604 in
940 577 1094 613 praesentia
1110 577 1212 603 domini
1225 577 1334 603 Henrici
1348 577 1435 612 Ratyr
1449 577 1556 610 militis,
1579 577 1705 604 Gossuini
1719 577 1784 603 dicti
1798 577 1884 612 Ratyr
1897 584 1924 603 et

417 632 526 658 llas-onis
541 630 574 656 de
588 628 804 663 Erbondenqhem
816 648 823 659 ‚
839 626 979 652 hominum
991 625 1116 651 dominae
1130 625 1284 651 comitissae
1299 625 1471 651 feodatorum
1481 645 1489 659 ,
1503 625 1658 651 voluntarie
1673 625 1834 660 recognovit
1850 625 1924 660 quod

414 680 531 713 iniquam
545 676 683 712 querelam
698 675 823 700 movisset
838 678 933 699 contra
951 673 1077 698 abbatem
1101 677 1129 698 et
1142 677 1306 698 conventum
1322 672 1477 707 praedictos
1492 677 1519 698 et
1532 673 1685 707 omnejus³
1700 672 1791 707 siquid
1805 671 1926 698 habebat

414 726 500 751 tamin
515 725 585 750 dicta
600 729 672 749 terra
686 732 766 757 quam
781 722 807 747 in
821 720 881 746 aliis
894 720 1110 755 possessionibus
1125 719 1256 746 ecclesiae
1272 719 1424 745 Ninivensis
1435 719 1656 756 quibuscumque
1666 741 1672 751 ,
1692 720 1778 746 eidem
1794 719 1925 746 ecclesiae

415 778 562 808 spontance
576 771 679 797 remisit
692 775 719 796 et
733 769 839 804 quitum
854 768 979 794 clamavit
989 788 995 798 ³
1012 766 1189 792 nihilominus
1204 767 1366 792 renuntians
1382 768 1455 792 omni
1465 767 1523 801 juri
1537 772 1565 793 et
1579 767 1695 798 actioni,
1709 768 1730 793 si
1746 767 1820 802 quod
1833 766 1876 792 vel
1890 767 1926 793 si-

415 830 467 856 qua
485 820 535 845 sibi
555 818 725 853 competebat
739 822 833 843 eontra
849 816 947 841 dictam
968 814 1127 845 ecclesiam,
1144 814 1251 840 ratione
1267 814 1384 849 alicujus
1399 819 1558 840 contractus
1574 814 1615 840 vel
1632 814 1820 840 conventionis
1840 813 1926 840 habiti

414 868 543 893 hactenus
563 866 633 891 inter
651 865 738 900 ipsum
757 869 784 889 et
803 862 943 889 ecclesiam
958 867 1144 887 memoratam.
1159 861 1216 887 Hoc
1232 861 1303 887 sacto
1321 861 1354 887 ad
1370 862 1526 888 instantiam
1546 862 1683 888 dictorum
1696 861 1803 888 abbatis
1817 866 1845 887 et
1861 870 1926 887 con-

415 919 510 939 ventus
524 934 530 945 ‚
550 922 600 948 ego
614 922 645 938 ex
661 912 746 938 officio
760 920 820 936 meo
832 919 916 945 super
930 909 1085 945 praemissis
1099 909 1247 935 submonui
1261 909 1349 935 dictos
1363 909 1486 935 homines
1506 909 1632 936 dominae
1649 910 1802 936 comitissae
1813 929 1820 942 ‚
1836 909 1928 935 scisci-

413 966 471 986 tans
490 960 523 986 ab
538 960 576 985 eis
593 964 685 985 utrum
703 962 764 993 post
784 957 931 992 praemissa
953 955 1057 991 aliquid
1067 956 1140 990 juris
1160 956 1234 982 dicto
1247 955 1279 982 G.
1297 960 1532 992 recognoscentur
1545 961 1641 982 contra
1654 956 1754 982 dictam
1774 955 1924 982 ecclesiam.

415 1008 465 1042 Qui
477 1008 547 1033 inter
565 1015 593 1032 se
606 1005 719 1032 consilio
733 1009 760 1030 et
774 1004 972 1030 deliberatione
985 1003 1086 1029 habitis
1098 1003 1295 1037 judicaverunt
1309 1003 1383 1038 quod
1398 1012 1429 1029 ex
1444 1013 1500 1039 quo
1513 1003 1603 1030 dictus
1620 1003 1652 1029 G.
1669 1012 1748 1030 omne
1757 1004 1820 1038 jus,
1835 1002 1926 1038 siquid

414 1054 603 1089 undecumque
617 1052 735 1079 habebat
752 1056 848 1078 contra
861 1051 959 1077 dictam
980 1050 1121 1077 ecclesiam
1131 1071 1138 1082 .,
1156 1050 1244 1076 eidem
1261 1049 1393 1077 ecclesiae
1410 1051 1514 1077 remisit
1529 1055 1555 1077 et
1571 1051 1676 1086 quitam
1691 1050 1818 1077 clamavit
1831 1071 1838 1082 ,
1854 1049 1926 1076 dicta

412 1102 523 1128 ecclesia
534 1101 559 1126 in
572 1099 647 1126 nullo
659 1099 709 1135 ipsi
721 1099 753 1125 G.
768 1103 922 1127 teneretur,
933 1098 981 1124 sed
994 1103 1066 1124 esset
1079 1097 1113 1123 ab
1127 1097 1213 1133 ipsius
1221 1098 1248 1123 in
1263 1097 1396 1133 petitione
1407 1102 1434 1124 et
1442 1097 1577 1124 calumnia
1588 1098 1674 1124 libera
1684 1097 1794 1133 penitus
1808 1103 1835 1124 et
1845 1097 1925 1123 abso—

412 1150 479 1175 luta.
495 1148 524 1174 In
538 1148 616 1182 cujus
630 1146 670 1172 rei
685 1145 868 1172 testimonium
890 1149 917 1171 et
937 1145 1075 1171 munimen
1094 1149 1253 1180 praesentes
1271 1144 1377 1171 litteras
1391 1144 1472 1181 sigilli
1490 1145 1543 1171 mei
1557 1145 1724 1180 appensione
1739 1154 1801 1171 cum
1815 1145 1926 1171 testium

414 1197 461 1231 qui
472 1195 616 1231 praedictis
630 1192 806 1220 interfuerint
820 1192 1014 1218 subnotatione
1028 1191 1093 1218 duxi
1112 1191 1293 1218 roborandas.
1312 1192 1407 1218 Testes
1427 1192 1540 1228 Sigerus
1558 1192 1642 1219 abbas
1658 1213 1665 1225 ‚
1686 1191 1830 1228 Philippus
1847 1200 1927 1227 prae-

415 1243 531 1278 positus,
549 1241 634 1267 frater
650 1240 802 1266 willelmus
816 1239 850 1266 de
865 1239 987 1273 Ηαίίενί,
1003 1238 1089 1265 frater
1103 1239 1238 1265 Henricus
1253 1239 1287 1265 de
1300 1238 1435 1271 Lovanio‚
1458 1240 1581 1266 canonici
1596 1239 1755 1266 Ninivenses
1769 1250 1775 1274 3
1792 1239 1928 1266 Henricus

413 1291 446 1317 de
458 1289 535 1316 Welle
546 1310 552 1316 .
564 1289 648 1322 miles,
659 1287 797 1314 Gerardus
806 1287 892 1321 major
900 1287 934 1313 de
944 1286 1030 1312 Vorde
1038 1308 1046 1321 7
1057 1286 1193 1312 Henricus
1201 1287 1307 1313 XViman
1318 1287 1352 1313 de
1361 1287 1467 1317 Ninive,
1482 1287 1623 1313 walterus
1634 1287 1668 1313 de
1680 1287 1706 1313 la
1723 1287 1804 1321 Vorl,
1814 1286 1927 1323 Sigerus

415 1337 448 1363 de
465 1336 606 1369 Houthem,
626 1341 652 1361 et
667 1335 711 1361 alii
726 1333 914 1370 quamplures.
930 1333 987 1370 Ego
1004 1333 1085 1360 etiam
1102 1333 1236 1360 Henricus
1249 1354 1256 1366 ‚
1279 1333 1399 1360 decanus
1415 1334 1449 1360 de
1463 1333 1682 1366 Geraldimonte‚
1698 1335 1725 1360 in
1740 1333 1926 1360 testimonium

417 1384 623 1419 praemissorum
636 1391 727 1408 coram
739 1390 780 1407 me
791 1386 818 1407 et
831 1381 859 1407 in
869 1381 1024 1416 praesentia
1038 1389 1097 1407 mea
1109 1380 1243 1407 sactorum
1254 1402 1261 1413 ‚
1275 1380 1396 1417 sigillum
1408 1390 1497 1407 meum
1508 1381 1572 1407 duxi
1583 1381 1775 1416 praesentibus
1787 1390 1928 1416 apponen—

417 1432 489 1456 dum.
505 1432 600 1456 Actum
612 1438 683 1455 anno
698 1427 995 1455 DominiMCCXLVlll
1008 1449 1014 1459 ‚
1031 1427 1102 1454 infra
1117 1428 1326 1464 quadragesima
1340 1428 1414 1464 apud
1431 1427 1562 1455 Houtlzem
1577 1429 1700 1455 Tenerae
1718 1429 1744 1454 in
1760 1429 1840 1454 atrio.

1240 1494 1350 1526 Originat
1360 1513 1366 1524 ,
1378 1502 1464 1518 sceaux
1477 1502 1506 1518 en
1519 1495 1566 1518 cire
1575 1495 1650 1518 brune
1661 1494 1844 1526 endommage's.

1101 1784 1233 1819 CCXII.

423 1887 452 1921 E
457 1900 584 1928 ras—me,
601 1889 668 1919 sire
684 1886 724 1919 cle
737 1885 945 1920 Lz‘eclelcerke
953 1913 964 1929 ,
985 1885 1062 1920 ce'cle
1076 1892 1152 1920 tous
1165 1887 1211 1920 les
1225 1886 1335 1920 droz'ts
1347 1886 1436 1932 qu'il
1447 1899 1470 1919 a
1483 1898 1604 1919 encore
1621 1898 1687 1919 sur
1702 1899 1770 1920 zme
1778 1884 1875 1933 pzece
1888 1886 1929 1920 de

567 1952 658 1978 terre
677 1943 700 1977 ἀ
723 1944 916 1990 ῨιίωῃΙιωη
929 1973 938 1987 ,
955 1945 1043 1991 qu’z'l
1061 1958 1084 1978 a
1111 1945 1244 1979 vendite
1269 1943 1293 1978 ci,
1313 1945 1482 1991 l'ahbaye.
1501 1966 1548 1970 —
1563 1945 1772 1978 Lirinensium.

1137 2135 1206 2158 1243.

456 2204 509 2239 Ego
524 2204 609 2235 Raso.r
632 2204 757 2231 domiuus
772 2205 806 2231 de
826 2205 995 2239 Lidekexta,
1014 2207 1141 2233 omnibus
1158 2207 1210 2232 hoc
1230 2207 1363 2242 scriptum
1379 2207 1478 2232 visuris
1491 2207 1518 2232 in
1533 2211 1710 2242 perpetuum.
1728 2206 1826 2232 Notum
1843 2205 1913 2232 facio
1924 2227 1930 2238 ⁷

419 2252 490 2285 quod
505 2261 564 2277 cum
583 2261 664 2277 unam
683 2253 780 2287 piciam
794 2258 884 2279 terrae
897 2253 1008 2280 arabilis
1023 2254 1113 2280 allodii
1127 2255 1180 2280 mei
1191 2255 1309 2289 jacentis
1323 2259 1419 2280 contra
1437 2253 1528 2280 villam
1546 2253 1580 2280 de
1597 2253 1758 2289 Yderyhem,
1780 2253 1806 2279 iu
1821 2253 1930 2280 cultura

418 2307 486 2331 quae
506 2303 620 2324 vocatur
632 2297 706 2324 Iloua
727 2299 796 2325 bene
816 2305 843 2326 et
861 2299 981 2336 legitime
1004 2301 1133 2328 ecclesiae
1152 2301 1291 2328 Ninivensi
1306 2301 1488 2328 vendidissem
1501 2322 1508 2333 ,
1530 2305 1641 2336 recepta
1655 2301 1690 2326 ab
1707 2300 1802 2327 eadem
1819 2300 1931 2327 ecclesia

417 2349 489 2369 certa
503 2354 605 2370 summa
620 2346 751 2380 pecuniae
759 2352 918 2373 numeratae
931 2368 938 2374 ,
955 2357 1006 2383 ego
1017 2348 1044 2374 in
1060 2349 1215 2383 praesentia
1229 2348 1370 2374 hominum
1384 2358 1507 2375 meorum
1522 2347 1696 2374 feodatorum
1710 2352 1738 2374 et
1750 2347 1867 2374 aliorum
1882 2347 1932 2373 bo—

418 2399 514 2416 norum
525 2391 656 2419 virorum,
671 2391 705 2418 de
719 2401 852 2419 consensu
863 2393 1035 2429 margaretae
1048 2395 1140 2421 uxoris
1148 2405 1236 2428 meae,
1250 2395 1350 2422 dictam
1364 2401 1465 2421 terram
1476 2395 1546 2421 sicut
1558 2394 1676 2421 liberum
1688 2394 1819 2421 allodium
1828 2403 1929 2425 meum,

418 2442 499 2470 prout
509 2437 582 2470 jacet
600 2438 753 2465 immediate
769 2439 848 2472 juxta
863 2445 963 2467 terram
973 2440 1061 2468 dictae
1074 2441 1204 2468 ecclesiae
1215 2463 1222 2475 ‚
1238 2447 1265 2468 et
1281 2443 1353 2468 sicut
1365 2451 1423 2468 eam
1438 2441 1571 2468 hactenus
1588 2443 1666 2469 tenui
1678 2441 1850 2477 integraliter
1867 2450 1929 2467 cutn

2130 2207 2137 2236 §.A
2123 2164 2132 2171 ⁸

2113 3071 2137 3131 H
2104 2445 2137 3059 QmL-—omm
2121 2305 2137 2434 μ’-.
2128 2266 2137 2282 *1
2133 2251 2137 2254 .
