2118 3184
758 392 1046 428 APPENmOEs.
1259 374 1263 381 ’
1593 394 1662 430 827

141 510 211 537 quae
227 501 328 528 dicitur
343 501 482 527 Kerclanl.
505 501 642 527 Addentes
663 502 776 536 insuper
788 503 925 535 omns-jus
943 506 1065 528 nostrum
1086 502 1112 527 in
1133 507 1206 527 terra
1223 510 1294 537 quae
1314 500 1414 528 dicitur
1433 501 1556 529 Predella
1567 524 1573 534 2
1590 508 1617 529 et
1631 504 1657 529 in

142 553 214 574 terra
229 548 302 575 uude
313 548 474 584 disceptatio
488 553 527 575 est
541 549 612 574 inter
620 547 803 575 ccclesiauidc
818 549 966 575 Lidelwrca
979 554 1004 575 et
1022 549 1114 580 Lcwa,
1131 549 1152 575 si
1166 548 1309 583 sorlcjure
1322 549 1490 576 limitationis
1503 550 1659 585 adjudicata

141 594 224 621 fucrit
234 595 363 622 ecclesiae
373 595 407 622 de
418 594 507 621 Lewa.
519 595 663 622 Praeterea
677 595 812 631 quidquid
821 596 977 631 saepedicta
990 596 1105 622 ccclesia
1117 596 1158 622 vel
1172 605 1221 632 per
1235 605 1284 622 nos
1295 616 1302 627 ,
1318 596 1359 622 vel
1371 606 1420 632 per
1434 597 1659 632 praedecessores

141 647 250 669 nostros
263 643 422 678 acquisivit,
438 647 465 669 ct
479 643 504 668 in
520 642 571 668 hoc
583 642 694 668 instanti
709 642 846 677 possidet,
863 643 904 668 vel
917 643 990 678 apud
1006 643 1198 675 IAdekercam,
1220 643 1262 670 vel
1278 644 1351 679 apud
1368 644 1470 670 curiam
1485 644 1595 679 ltoslar,
1618 645 1659 672 vel

140 689 213 725 apud
233 689 332 715 curtim
350 688 484 722 Boclmne,
500 689 588 715 eidem
602 688 732 715 ecclesiae
746 680 939 715 confirmamus
954 695 981 715 et
1000 690 1188 716 warandisiain
1207 691 1233 716 in
1248 695 1413 726 perpetuum
1431 692 1658 727 repromittimus.

142 735 197 762 Hac
211 740 300 762 tamen
318 735 474 762 conditione
487 735 665 771 interposita,
685 735 759 771 quod
774 737 882 771 quoties
900 746 951 772 ego
966 736 1009 763 vel
1027 746 1095 763 uxor
1113 746 1171 763 mea
1191 736 1324 763 fuerimus
1341 738 1415 773 apud
1436 738 1610 766 Lidekercam
1631 741 1658 766 in

140 783 244 819 capella
255 788 358 815 nostra,
372 783 451 809 nobis
461 783 547 809 abbas
559 782 730 819 capellanum
742 784 897 819 providebit
907 784 940 810 ad
953 784 1147 810 celebrandum
1161 785 1281 817 missam⁷
1297 786 1417 822 exceptis
1426 785 1468 812 his
1479 786 1577 813 diebus
1589 787 1661 814 vide-

139 830 203 856 licet
217 840 224 856 :
239 830 394 856 Nativitatis
404 851 411 861 ,
427 830 641 863 purificationis,
655 830 708 856 diei
723 830 876 856 l'almarum
887 835 916 857 et
931 831 1024 858 triduo
1041 836 1105 857 ante
1120 831 1202 858 Pasca
1212 853 1218 861 ,
1234 831 1287 858 diei
1301 837 1395 858 sancto
1410 832 1528 859 Paschae
1538 855 1545 865 ‚
1559 834 1661 861 Ascen-

140 878 224 904 sionis
245 883 273 904 et
293 878 469 904 Pente-costes
479 898 486 910 ‚
511 878 566 904 diei
585 878 705 904 omnium
728 883 886 905 sanctorum
906 884 934 904 et
956 879 1107 904 animarum
1129 879 1252 905 fidelium
1275 879 1295 905 ¹.
1319 880 1473 906 Ministrum
1496 886 1587 908 autem
1611 891 1661 908 nos

141 924 286 961 providere
299 925 453 961 oportebit,
469 925 698 961 quotiescumque
713 935 777 952 vero
794 935 843 952 nos
857 926 952 952 adesse
967 936 1021 952 non
1035 927 1195 962 contigerit,
1212 927 1239 953 in
1255 927 1361 963 capella
1374 928 1454 954 missa
1469 937 1522 954 non
1537 928 1661 955 celebra-

140 972 229 1005 bitur,
245 972 293 999 sed
314 973 340 999 in
352 973 501 1009 parochiali
515 973 629 1000 ecclesia
641 972 812 1009 capellanum
827 973 1000 1000 habebimus.
1017 974 1051 1001 [t
1066 979 1156 1000 autem
1171 974 1237 1001 haec
1249 980 1307 1001 rata
1320 981 1511 1011 permaneant,
1527 976 1658 1012 scriptum

140 1019 192 1047 hoc
200 1020 291 1057 sigillo
304 1025 398 1047 nostro
410 1026 437 1048 et
447 1021 588 1047 hominum
602 1021 757 1047 testimonio
772 1021 945 1048 roboramus.
960 1022 1074 1058 Signum
1086 1022 1217 1048 Ghiselini
1228 1022 1262 1048 dc
1274 1022 1369 1059 Lz'lar5
1383 1022 1411 1049 S.
1423 1023 1552 1050 willelmi
1565 1023 1599 1050 de
1609 1023 1660 1050 Le-

139 1067 276 1104 deberga5
291 1067 405 1094 Arnoldi
416 1089 423 1100 ,
437 1068 552 1102 notarii5
565 1067 594 1094 S.
607 1068 706 1104 Rogeri
718 1073 745 1094 et
756 1068 870 1095 Gozuini
882 1068 915 1094 de
927 1068 1046 1095 Lamlut.
1059 1068 1100 1094 Ad
1111 1068 1261 1104 praefatam
1273 1074 1364 1096 autem
1375 1069 1506 1105 capellam
1517 1091 1525 1102 ‚
1537 1069 1659 1101 calicem,

140 1119 246 1147 vestes,
264 1114 409 1142 luminaria
424 1120 451 1142 et
463 1120 572 1142 caetera
583 1115 736 1142 necessaria
749 1120 861 1151 praeter
874 1115 976 1142 librum
991 1115 1207 1151 providebimus.
1228 1115 1325 1142 Actum
1343 1125 1414 1142 anno
1429 1116 1535 1143 Domini
1554 1117 1655 1144 MCCX.

861 1359 950 1394 Clll.

146 1451 348 1487 Guillaume
366 1451 408 1485 de
428 1449 622 1485 Craz'nhem
640 1462 789 1485 reuonce
807 1449 831 1484 ἀ
849 1456 940 1485 toute
953 1451 1155 1498 pre'tentc'on
1175 1458 1209 1486 et
1224 1450 1248 1486 ἀ
1267 1458 1342 1486 tout
1358 1453 1452 1487 droit
1467 1454 1555 1500 qu’z'l
1569 1467 1592 1488 a
1605 1468 1661 1502 pu

341 1511 443 1543 avoir
462 1521 528 1542 sur
544 1508 590 1542 les
607 1506 719 1543 dimes
735 1508 777 1543 cle
795 1509 958 1555 quelques
977 1515 1087 1544 terres
1106 1508 1128 1543 ἁ
1151 1509 1269 1544 llIenz.
1287 1531 1335 1536 —
1355 1510 1461 1545 Mmz.

765 1677 780 1698 Α
791 1674 910 1699 Bruxelles
919 1693 925 1704 ⁷
940 1675 1010 1699 1211.

179 1747 210 1774 In
229 1747 339 1773 nomine
359 1752 469 1773 sanctae
485 1752 513 1773 et
529 1747 687 1773 individuae
703 1747 856 1773 Trinitatis.
876 1746 932 1783 Ego
946 1746 1100 1773 Willelmus
1115 1747 1149 1774 de
1163 1748 1307 1774 Crainlaem
1321 1748 1448 1775 omnibus
1463 1749 1515 1776 hoc
1527 1750 1659 1786 scriptum

139 1795 254 1822 lecturis
267 1795 294 1821 in
307 1799 484 1830 perpetuum.
498 1794 596 1821 Notum
610 1795 645 1821 sit
658 1795 851 1830 praesentibus
863 1799 890 1820 et
903 1794 1005 1821 futuris
1016 1816 1022 1826 ,
1039 1795 1113 1830 quod
1128 1795 1163 1821 ob
1176 1800 1315 1822 aeternam
1324 1796 1352 1822 in
1366 1796 1473 1823 Christo
1486 1797 1602 1823 salutem
1614 1797 1663 1824 de-

141 1843 220 1878 posui
229 1851 336 1869 omnem
350 1841 500 1877 querelam,
511 1851 592 1877 quam
603 1842 649 1868 diu
663 1841 813 1868 habueram
825 1841 956 1868 adversus
968 1841 1109 1868 ecclesiam
1117 1842 1151 1868 de
1163 1842 1269 1875 Ninive,
1281 1852 1365 1878 super
1376 1843 1540 1878 quibusdam
1551 1844 1662 1871 decimis

141 1890 170 1916 in
187 1889 317 1926 parochia
332 1889 366 1915 de
380 1889 463 1914 Menz.
478 1888 545 1914 Cum
559 1889 644 1925 igitur
658 1888 798 1924 praefatae
811 1888 940 1915 ecclesiae
953 1898 1032 1914 omne
1046 1889 1093 1922 jus
1108 1889 1228 1915 decimae
1246 1890 1272 1915 in
1288 1889 1382 1916 eadem
1397 1890 1542 1925 parrochia
1561 1896 1588 1918 et
1602 1892 1662 1926 ejus

141 1936 306 1973 appenditiis
318 1935 490 1972 integraliter
504 1935 642 1970 quondam
661 1935 795 1962 dedissem
805 1956 812 1968 ,
831 1940 942 1970 praeter
960 1935 1013 1961 tria
1027 1935 1069 1962 vel
1085 1941 1205 1971 quatuor
1219 1936 1333 1962 bonaria
1347 1936 1380 1962 de
1396 1936 1505 1963 cultura
1518 1947 1593 1971 mea,
1603 1939 1661 1973 jam

141 1993 174 2010 ex
186 1984 308 2010 caritatis
321 1982 459 2009 assluentia
469 1983 612 2017 praedicto
626 1983 699 2009 dono
711 1983 780 2009 haec
793 1983 888 2009 eadem
901 1983 1015 2009 bonaria
1030 1983 1127 2018 adjeci,
1143 1988 1170 2009 et
1186 1984 1300 2019 insuper
1313 1984 1447 2020 quidquid
1457 1985 1530 2019 juris
1541 1986 1661 2013 decimae

140 2030 243 2057 ibidem
256 2029 341 2056 habui
353 2030 379 2056 in
395 2031 467 2056 omni
485 2030 586 2056 allodio
597 2051 603 2062 ‚
619 2030 738 2056 culturis
755 2035 782 2056 et
796 2035 870 2056 terra
887 2029 984 2055 arabili
997 2035 1100 2056 sartata
1115 2030 1157 2057 vel
1176 2030 1305 2057 sartanda
1318 2032 1429 2066 penitus
1448 2033 1574 2068 guerpivi
1593 2038 1620 2059 et
1633 2034 1660 2060 in

141 2078 341 2114 eleemosynam
355 2077 465 2104 donavi.
480 2078 516 2105 Ut
529 2083 620 2104 autem
635 2077 702 2104 haec
719 2082 777 2103 rata
792 2082 985 2112 permaneant,
1000 2078 1132 2113 scriptum
1146 2077 1198 2104 hoc
1210 2078 1291 2114 sigilli
1305 2078 1357 2104 mei
1371 2079 1538 2114 appensione
1552 2085 1579 2106 et
1592 2080 1661 2107 fide-

140 2125 207 2152 lium
228 2125 384 2152 testimonio
398 2125 538 2151 roboravi.
554 2125 582 2151 S.
598 2124 733 2151 Hescelini
745 2124 779 2150 de
794 2124 963 2160 (irimbergis
976 2129 1003 2150 et
1016 2125 1104 2161 Sigeri
1118 2124 1152 2151 de
1164 2124 1242 2159 Jellz,
1257 2125 1405 2160 abbatum3
1420 2125 1449 2152 S.
1466 2126 1580 2154 Walteri
1593 2149 1599 2159 ,
1615 2128 1659 2154 de-

141 2173 203 2199 cani
216 2172 250 2199 de
264 2171 442 2208 Anderleqlh,
459 2173 506 2208 qui
519 2173 603 2199 vicem
617 2172 715 2208 agebat
726 2171 846 2198 officialis
857 2172 958 2197 domini
972 2171 1191 2206 Cameracensis3
1208 2172 1237 2199 S.
1252 2172 1383 2206 Arnoldi,
1399 2173 1495 2200 decani
1506 2180 1534 2201 et
1548 2176 1662 2211 capituli

141 2225 252 2247 sanctae
262 2219 402 2252 (ludulae,
419 2229 536 2255 quorum
549 2219 638 2255 sigilla
652 2219 696 2245 hic
708 2228 828 2254 appensa
843 2224 907 2245 sunt
920 2227 928 2251 ς
943 2218 972 2245 S.
985 2220 1106 2255 magistri
1122 2219 1232 2246 Henrici
1241 2240 1248 2252 ‚
1261 2220 1411 2246 sacerdotis
1425 2220 1460 2247 de
1473 2221 1548 2247 Menz
1561 2227 1589 2249 et
1604 2232 1660 2249 ma-

142 2268 221 2304 gistri
237 2267 358 2303 Aegidii3
376 2267 405 2294 S.
423 2267 556 2299 Walteri‚
577 2266 677 2302 prioris
693 2266 727 2292 de
740 2266 820 2297 Jeth;
838 2266 867 2293 S.
884 2267 995 2293 Reineri
1008 2272 1036 2293 et
1051 2267 1203 2299 Johannis,
1224 2267 1419 2294 canonicorum
1432 2268 1467 2294 de
1481 2268 1658 2306 Grimbergis.

142 2315 240 2342 Actum
251 2314 324 2350 apud
335 2314 500 2347 Bruxellam,
514 2313 696 2340 annoDomini
708 2313 824 2340 MCCXI.

1099 2351 1208 2384 Original
1215 2370 1221 2379 ,
1232 2359 1302 2376 sceau
1311 2359 1341 2376 en
1351 2352 1398 2376 cire
1409 2352 1493 2377 brune.

174 2486 179 2502 ¹
195 2487 304 2508 Plusieurs
316 2484 408 2515 synodcs
419 2484 456 2505 des
467 2485 560 2510 caules,
571 2489 592 2505 et
603 2492 629 2506 en
640 2485 764 2513 particulier
775 2485 830 2506 celui
842 2484 925 2513 d’Agde
939 2486 995 2513 (can.
1008 2486 1083 2512 XXI),
1099 2487 1182 2506 avaient
1193 2485 1288 2506 de'fendu
1299 2485 1326 2506 de
1340 2486 1435 2508 celebrer
1450 2488 1471 2508 la
1484 2495 1551 2510 messe
1563 2489 1616 2510 dans
1628 2491 1658 2510 les

141 2527 244 2546 oratoires
254 2524 326 2554 prive's
338 2531 380 2544 aux
392 2523 444 2544 setes
458 2523 596 2552 principales.
