2137 3131
459 380 529 415 598
798 378 973 413 CORPUS
1000 376 1331 412 CHBONICORUM
1361 377 1625 411 FLANDRIAE.

464 502 481 520 (t
501 489 556 522 ille
570 488 631 534 qui
647 493 725 533 post
741 498 796 519 mc
810 485 983 533 regnabit.
997 500 1015 516 n
1036 484 1126 517 'l'um
1144 484 1200 517 illa
1219 496 1225 516 :
1248 497 1266 514 «
1283 483 1388 524 Quod
1409 484 1465 517 illc
1480 484 1638 518 facturus
1657 485 1701 518 sit
1715 491 1754 518 tu
1766 485 1888 518 nescis.
1902 485 1973 519 Nec

463 562 480 578 «
499 547 566 580 hoc
576 544 770 592 quidquam
786 542 830 577 ad
847 550 897 586 te,
915 544 968 576 fac
984 549 1021 575 tu
1037 554 1101 588 pro
1116 549 1148 575 te
1163 541 1261 588 quod
1272 543 1334 576 tibi
1349 543 1472 588 prosit.
1491 558 1507 575 i)
1527 542 1608 576 Mox
1623 555 1707 590 ergo
1722 555 1815 590 equo
1824 542 1972 577 descen-

458 605 544 639 dens
559 604 749 637 exercitum
769 602 940 645 detinuit,
957 601 1071 635 donec
1086 601 1133 634 illi
1148 601 1328 635 satisfecit.
1346 601 1495 635 Sanctus
1512 614 1602 648 papa
1618 602 1808 650 Gregorius
1823 602 1972 648 primus,

458 676 537 698 cum
566 663 633 695 hoc
653 668 687 695 et
706 667 841 695 caetera
860 661 998 707 pietatis
1022 661 1097 706 ejus
1116 660 1232 693 studia
1256 660 1415 708 legisset,
1444 661 1627 694 miseratus
1652 660 1751 707 quod
1778 667 1875 694 tanta
1898 660 1974 705 ejus

459 722 568 767 pietas
586 721 622 753 in
642 720 817 753 oblivione
841 726 929 753 essct
948 732 1067 753 coram
1089 720 1176 761 Deo,
1199 720 1353 752 multum
1372 719 1515 753 deflevit
1535 732 1599 765 pro
1620 720 1737 753 anima
1756 720 1844 765 ejus.
1867 717 1974 760 Quod

458 780 536 813 licet
559 779 704 812 omnino
723 778 863 811 difficile
881 784 972 819 crat,
993 784 1112 811 tamen
1131 790 1151 810 a
1175 778 1246 811 Deo
1270 778 1305 811 in
1331 778 1506 823 responsis
1534 778 1670 823 accepit
1689 790 1724 812 se
1745 776 1948 811 exauditum
1964 803 1972 819 ,

456 837 516 871 sed
535 849 598 883 pro
623 849 761 884 pagano
780 849 879 870 orare
900 836 990 869 ultra
1010 848 1080 869 non
1103 843 1355 881 praesumeret.
1381 836 1532 881 'l'rajano
1549 835 1646 882 apud
1662 836 1855 870 Seleuciam
1877 836 1976 869 Isau-

457 896 525 929 riae
547 894 723 941 profluvio
747 894 876 928 ventris
903 894 1073 928 exstincto
1087 921 1095 937 ,
1119 906 1259 928 versum
1284 901 1336 928 est
1361 895 1396 928 in
1416 895 1645 940 proverbium
1668 907 1675 928 z
1698 895 1822 929 Nullus
1841 894 1975 928 felicior

459 956 615 1002 Augusto
628 980 636 995 ,
658 966 722 987 nec
743 953 893 998 Trajano
913 953 1049 987 melior.

504 1012 630 1046 Silvius
646 1012 820 1046 Adrianus
838 1012 1024 1057 imperavit
1036 1011 1090 1057 xxj
1105 1024 1216 1045 annos
1230 1018 1265 1045 et
1279 1010 1447 1054 dimidio,
1464 1011 1526 1057 qui
1541 1012 1737 1057 exstirpatis
1753 1011 1893 1057 penitus
1910 1011 1975 1045 Ju-

455 1071 625 1105 daeorum
649 1071 825 1117 reliquiis,
850 1071 933 1117 quia
960 1082 1024 1103 suo
1052 1077 1212 1116 tempore
1239 1070 1275 1103 in
1299 1082 1396 1103 arma
1420 1070 1508 1103 versi
1533 1070 1740 1103 Palestinam
1767 1069 1976 1116 depopulari

455 1136 725 1176 acceptaverunt
737 1157 745 1173 ,
768 1142 935 1177 peregi-ae
954 1129 1106 1162 nationis
1124 1129 1247 1162 incolis
1267 1128 1404 1174 replens
1422 1128 1663 1172 Jherusalem,
1687 1128 1806 1174 Elyam
1825 1140 1901 1161 eam
1919 1139 1979 1162 vo-

456 1189 566 1231 cavit,
596 1195 636 1222 ut
663 1189 699 1222 in
719 1189 958 1221 Romanorum
982 1188 1040 1233 jus
1066 1199 1233 1221 conversa
1259 1193 1294 1220 et
1320 1187 1428 1220 ritum
1448 1187 1579 1233 pariter
1599 1193 1752 1220 mutaret
1770 1193 1804 1220 et
1822 1198 1975 1228 nomen,

457 1260 497 1280 ex
516 1259 588 1294 quo
607 1254 766 1293 tempore
784 1247 1064 1292 Jhcrosolymam
1091 1247 1195 1280 ctiam
1216 1245 1420 1279 introeundi
1443 1246 1582 1279 licentia
1604 1245 1746 1279 Judaeis
1772 1246 1887 1279 ablata
1909 1251 1973 1279 est.

505 1306 731 1348 Eustachius,
749 1312 986 1354 cognomento
1007 1304 1188 1348 Placidus,
1209 1304 1310 1349 cujus
1328 1304 1460 1337 exstitit
1479 1304 1717 1352 peregrinatio
1739 1304 1805 1337 sub
1826 1304 1976 1350 Trajano

459 1365 644 1407 mirabilis,
662 1377 742 1398 eum
760 1377 869 1398 uxore
884 1371 918 1398 et
936 1364 1078 1398 duobus
1094 1364 1186 1407 filiis,
1207 1364 1242 1397 in
1263 1364 1363 1397 initio
1382 1363 1480 1411 regni
1498 1363 1659 1406 Adriani,
1680 1365 1763 1409 quia
1781 1363 1976 1396 sacrificare

458 1424 589 1467 noluit,
610 1424 691 1471 igne
711 1429 886 1456 crematus
906 1429 969 1456 est.
991 1423 1122 1456 Romae
1142 1421 1337 1456 Alexander
1354 1434 1445 1467 papa
1464 1434 1546 1455 cum
1566 1421 1710 1455 Eventio
1733 1427 1767 1454 et
1791 1420 1976 1455 Theodulo

459 1482 672 1528 presbyteris
687 1481 896 1527 martyrium
912 1481 1053 1526 pertulit
1071 1493 1135 1526 pro
1150 1480 1219 1514 fide
1229 1480 1370 1513 Christi.
1390 1480 1457 1513 Iste
1473 1479 1667 1513 Alexander
1682 1479 1834 1512 instituit
1847 1491 1976 1525 aquam

459 1540 667 1586 aspersionis
686 1552 767 1573 cum
787 1539 856 1572 sale
875 1539 1062 1572 benedicto
1081 1539 1296 1581 consecrari,
1318 1545 1352 1571 et
1373 1539 1410 1571 in
1429 1538 1638 1571 habitaculis
1658 1537 1817 1571 fidelium
1835 1538 1975 1585 spargi,

458 1600 647 1645 oleumque
665 1597 826 1632 benedici
846 1598 890 1631 ab
914 1598 1078 1644 episcopo
1098 1597 1289 1644 quotannis
1308 1603 1342 1630 ct
1360 1604 1460 1630 vetus
1480 1609 1541 1642 per
1560 1596 1751 1630 novitatem
1768 1597 1977 1630 sacramenti

460 1657 612 1691 incendi.
636 1658 788 1691 Inseruit
812 1657 916 1690 etiam
940 1658 1065 1690 canoni
1093 1656 1300 1690 memoriam
1323 1656 1525 1689 Dominicae
1552 1656 1743 1701 passionis,
1771 1662 1806 1689 et
1824 1656 1915 1689 sicut
1933 1655 1977 1689 de

459 1718 564 1750 latere
584 1716 712 1750 Christi
732 1716 834 1750 fluxit
855 1717 997 1764 sanguis
1017 1723 1051 1749 et
1075 1728 1186 1762 aqua,
1217 1716 1264 1748 ita
1287 1722 1322 1748 ct
1346 1727 1476 1761 aquam
1498 1715 1580 1748 vino
1608 1714 1744 1748 misceri
1768 1714 1922 1748 instituit
1940 1714 1977 1748 in

460 1776 532 1821 ipsa
547 1775 810 1809 consecratione
822 1802 830 1817 ,
848 1787 912 1809 nec
932 1775 1053 1808 vinum
1072 1775 1145 1808 sine
1165 1786 1257 1821 aqua
1270 1801 1279 1815 ,
1300 1786 1364 1807 nec
1380 1786 1510 1820 aquam
1530 1774 1604 1807 sinc
1621 1774 1702 1807 vino
1722 1773 1841 1807 offerri
1859 1773 1980 1807 decer-

459 1846 556 1868 nens.
580 1835 712 1868 Romae
739 1834 969 1867 illustrissima
993 1834 1092 1881 virgo
1115 1833 1243 1867 Sabina
1268 1845 1333 1879 pro
1359 1832 1498 1866 Christo
1516 1832 1634 1880 gladio
1656 1833 1973 1866 transverberatur.

460 1893 584 1939 Aquila
609 1894 781 1939 interpres
805 1893 972 1926 Ponticus
993 1893 1208 1940 agnoscitur.
1242 1892 1304 1926 Hic
1324 1891 1466 1926 Judaeis
1486 1892 1554 1926 fuit
1580 1892 1799 1938 proselytus,
1827 1891 1919 1925 sicut
1944 1898 1980 1925 et

460 1951 486 1984 T
490 1951 686 1985 heodosion
705 1951 895 1997 Ephesius,
916 1963 1005 1997 quos
1023 1957 1222 1997 sequuntur
1243 1951 1448 1984 Hebionitae
1467 1950 1641 1994 dicentes,
1663 1950 1843 1984 Christum
1858 1961 1899 1983 ex
1915 1949 1979 1983 Jo-

459 2010 546 2056 seph
565 2011 696 2044 semine
715 2017 850 2044 natum.
875 2010 1139 2044 Valentinianus
1158 2017 1193 2043 et
1211 2010 1369 2043 Marcion
1390 2010 1555 2043 haeretici
1576 2015 1829 2057 agnoscuntur.
1851 2007 1980 2042 Valen—

458 2069 580 2102 tiniani
597 2082 616 2102 a
637 2069 820 2102 Valentino
840 2069 1018 2115 platonico
1036 2075 1221 2111 vocantur,
1243 2069 1305 2115 qui
1326 2080 1452 2111 eonas,
1474 2067 1510 2102 id
1525 2075 1576 2101 est
1594 2068 1709 2101 secula
1724 2066 1899 2114 quaedam
1912 2093 1921 2110 ,
1942 2067 1979 2100 in

458 2127 630 2174 originem
647 2127 708 2160 Dei
726 2127 893 2161 creatoris
912 2126 1070 2170 induxit,
1088 2126 1341 2173 Christumque
1355 2139 1425 2160 non
1443 2139 1572 2172 corpus
1589 2126 1817 2172 assumpsisse
1835 2125 1881 2160 de
1898 2125 1980 2159 Vir-

459 2185 558 2232 gine,
583 2184 644 2218 sed
662 2185 762 2231 quasi
782 2197 845 2231 per
866 2185 1019 2218 fistulam
1041 2185 1217 2218 transiisse
1236 2185 1396 2218 asseruit.
1429 2184 1545 2218 Sixtus
1568 2184 1658 2218 sedit
1680 2184 1802 2218 decem
1827 2184 1928 2217 annis
1946 2190 1982 2218 et

460 2242 620 2277 dimidio.
646 2243 708 2277 Hic
736 2244 890 2277 instituit
913 2244 1005 2277 intra
1032 2244 1218 2277 missarum
1248 2243 1416 2276 solemnia
1441 2243 1614 2285 Sanctus,
1638 2248 1803 2285 sanctus,
1837 2247 1980 2276 sanctus

460 2301 603 2334 cantari.
624 2301 878 2347 Telesphorus,
898 2314 988 2347 papa
1006 2308 1041 2335 et
1055 2308 1202 2347 martyr,
1220 2301 1311 2335 sedit
1325 2302 1425 2335 annis
1440 2303 1488 2347 xj.
1511 2302 1574 2335 Hic
1590 2301 1713 2335 statuit
1727 2300 1871 2334 clericos
1883 2300 1978 2346 jeju-

461 2371 542 2393 nare
565 2360 608 2405 vij
637 2359 870 2394 hebdomadis
891 2367 971 2394 ante
991 2360 1136 2394 Pascha.
1161 2360 1272 2406 Hujus
1291 2367 1410 2394 tamen
1433 2361 1584 2394 instituti
1608 2367 1881 2407 transgressores
1906 2371 1978 2393 non

461 2424 678 2465 arguuntur,
700 2419 783 2465 quia
802 2419 960 2452 moribus
980 2419 1157 2452 utentium
1178 2419 1420 2465 approbatum
1443 2432 1514 2453 non
1538 2419 1619 2453 fuit.
1641 2418 1831 2452 Constituit
1848 2417 1975 2461 etiam,

460 2481 500 2508 ut
526 2475 562 2508 in
585 2482 689 2510 nocte
711 2476 833 2511 natalis
858 2477 999 2510 Domini
1020 2477 1144 2510 missae
1173 2477 1417 2521 celebrentur,
1444 2484 1550 2524 atque
1569 2484 1609 2511 ut
1626 2476 1671 2510 ad
1690 2476 1831 2510 missam
1856 2475 1980 2510 Gloria
