2137 3131
448 417 517 451 710
793 411 968 449 CORPUS
995 410 1326 446 CHRONICORUM
1353 411 1621 446 FLANDRIAE.

450 525 648 560 amabilem.
668 524 823 556 Fuerunt
836 532 918 553 vero
936 519 1027 553 filiae
1049 518 1170 552 Sibilla
1193 525 1229 552 ct
1247 518 1463 566 Margaretag
1490 518 1610 553 Sibilla
1633 531 1675 553 ex
1695 520 1872 554 comitissa
1890 520 1969 555 Mo-

451 584 599 618 riancnsi
616 582 655 615 fit
668 580 843 614 abbatissa
857 579 1084 621 llletenensis7
1104 578 1300 626 Margarcta
1316 590 1412 621 vero⁷
1431 590 1520 612 uxor
1534 577 1697 612 Balduini
1713 579 1851 612 comitis
1866 578 1970 613 Mon-

451 643 555 676 tensis
571 647 600 673 et
622 638 801 673 Flandriac
816 643 895 683 post
910 637 1115 682 Philippum
1129 663 1137 679 a
1159 648 1201 670 eo
1219 637 1344 684 genuit
1357 636 1445 670 duas
1460 637 1548 671 filias
1562 664 1570 680 ·.
1593 650 1746 684 quarum
1762 650 1833 671 una
1850 638 1972 683 nupsit

449 701 612 745 Philippo
625 725 633 740 5
655 698 727 731 filio
746 696 922 731 Lodcwici
939 696 1031 744 regis
1046 695 1210 729 Franciae
1225 722 1233 738 ,
1255 702 1290 729 et
1303 702 1373 729 tres
1387 696 1497 740 filios7
1521 695 1734 730 Balduinum
1747 723 1757 739 .,
1778 696 1970 730 Henricutn

448 768 479 793 ot
501 758 718 803 Philippum.

495 820 594 851 Anno
614 814 773 857 MCLIX,
791 813 946 848 Adriano
964 825 1055 859 papa
1072 819 1233 855 mortuo.
1260 812 1440 846 Rolandus
1458 813 1685 848 cancellarius
1701 820 1736 848 et
1755 813 1970 848 Octavianus

446 877 628 924 presbyter
642 873 845 928 cardinalis,
863 871 907 905 de
921 877 1053 917 papatu
1073 870 1308 905 contendunt.
1330 871 1429 912 Quae
1448 872 1629 906 contentio
1644 879 1823 918 protracta
1841 878 1894 905 est
1905 883 1970 917 per

444 947 554 970 annos
573 933 711 967 circiter
734 932 824 977 xvij.
854 930 968 964 donec
987 929 1131 963 tandem
1157 929 1354 963 Alexander
1380 931 1609 976 praevaleret.
1640 931 1693 965 Ab
1715 930 1860 965 exordio
1885 942 1969 964 vero

445 995 550 1040 hujus
565 990 800 1027 contentionis
819 1001 932 1036 usque
946 988 990 1022 ad
1005 988 1099 1022 diem
1114 1000 1188 1034 quo
1202 988 1290 1022 obiit
1305 988 1468 1022 Urbanus
1482 1001 1572 1035 papa
1586 1016 1595 1033 .,
1611 989 1869 1035 praeterierunt
1884 988 1968 1023 anni

443 1054 581 1087 circiter
598 1050 714 1095 xxviij.
740 1048 847 1090 Quod
871 1060 927 1081 me
947 1048 981 1081 in
1001 1047 1159 1094 quodam
1183 1048 1373 1093 exemplari
1399 1047 1591 1095 aliquando
1610 1048 1790 1096 collegisse
1808 1059 1968 1082 comme-

444 1123 601 1151 morans„
623 1110 681 1143 hie
699 1106 926 1142 inserendum
946 1106 1097 1154 dignum
1120 1105 1205 1140 duxi
1218 1133 1226 1149 ,
1250 1107 1401 1140 maxime
1419 1107 1504 1153 quia
1523 1119 1588 1141 nec
1605 1106 1794 1140 Alexandri
1816 1118 1882 1140 nec
1900 1106 1969 1140 Ur-

443 1171 524 1206 bani
543 1180 653 1203 annos
671 1167 856 1201 distinctos
874 1177 1026 1212 usquam
1046 1165 1146 1211 potui
1165 1165 1332 1211 reperire.

490 1229 626 1263 Bellum
645 1226 892 1275 gravissimum
911 1231 1031 1258 ortum
1051 1230 1132 1257 ante
1154 1236 1265 1257 annos
1285 1224 1359 1257 fere
1380 1237 1424 1257 xx
1447 1225 1539 1258 inter
1561 1224 1692 1258 ducem
1715 1223 1967 1271 Lotharingiae

441 1286 674 1323 Godefridum
694 1284 874 1331 juniorem
894 1289 929 1317 et
947 1282 1146 1316 W'alterum
1166 1283 1341 1316 Berthout
1359 1282 1403 1316 de
1423 1282 1642 1331 Grimbergis
1660 1282 1805 1317 tandem
1826 1282 1964 1325 finitur,

442 1348 511 1381 hoc
525 1358 618 1381 anno
638 1344 779 1378 Domini
799 1342 954 1377 MCLIX.
972 1341 1061 1376 Nam
1076 1348 1204 1388 quarto
1219 1341 1311 1375 bello

837 1440 909 1466 [rbs
923 1439 1036 1475 antiqua
1051 1439 1107 1464 ruit
1121 1438 1222 1464 multos
1235 1439 1374 1465 dominata
1388 1448 1438 1474 per
1451 1439 1562 1470 annos¹‚

442 1537 669 1575 castrumque
684 1527 913 1574 Grimbergae
927 1538 1099 1573 magnum
1119 1532 1153 1559 et
1172 1526 1347 1559 famosum
1363 1553 1371 1568 a
1395 1525 1494 1572 quod
1508 1526 1667 1560 humana
1684 1526 1815 1559 virtute
1830 1526 1885 1559 vix
1900 1538 1967 1572 po—

442 1596 548 1632 terat.
561 1589 657 1635 justo
675 1587 737 1621 Dei
752 1585 888 1632 judicio
904 1586 939 1618 in
959 1591 1062 1618 nocte
1076 1585 1186 1618 sancti
1202 1584 1351 1618 Bavonis
1369 1585 1598 1618 combustum
1613 1591 1646 1618 et
1662 1583 1707 1618 ad
1721 1584 1837 1618 solum
1852 1596 1966 1632 usque

441 1648 601 1682 dirutum
621 1652 685 1679 est.
708 1643 911 1678 Fredericus
928 1644 1120 1689 imperator
1139 1643 1338 1676 Ariminum
1353 1643 1447 1688 cepit
1465 1649 1498 1676 et
1515 1649 1659 1689 captum
1679 1642 1865 1677 destruxit.

489 1708 592 1740 Anno
606 1703 743 1745 MCLX,
762 1703 945 1745 Henricus7
959 1714 1018 1735 rex
1028 1701 1239 1749 anglorum,
1252 1701 1359 1735 filiam
1377 1701 1561 1747 Stephani7
1579 1708 1723 1747 neptem
1737 1713 1852 1745 suam,
1870 1697 1967 1736 sanc-

440 1764 658 1799 timonialem
673 1769 708 1796 et
722 1761 933 1795 abbatissam
952 1760 1160 1794 Cantuariae
1175 1766 1434 1799 consecratam.
1455 1766 1579 1793 contra
1597 1760 1648 1793 fas
1667 1759 1786 1807 legum
1801 1759 1963 1804 Matheo,

441 1825 512 1857 filio
535 1820 747 1856 Theodorici
771 1819 909 1853 comitis
928 1817 1131 1859 Flandriae.
1158 1818 1357 1852 Boloniensi
1377 1818 1498 1852 comiti
1518 1817 1617 1851 dedit
1641 1830 1787 1851 uxorem
1801 1845 1810 1861 ,
1837 1825 1877 1852 ut
1902 1830 1965 1865 per

440 1895 516 1916 eam
540 1880 748 1915 comitatum
767 1878 919 1911 retinere
939 1877 1184 1910 Boloniensem
1204 1883 1334 1923 posset.
1362 1875 1524 1923 Cumque
1544 1876 1706 1910 Matheus
1725 1888 1766 1910 ex
1785 1888 1826 1910 ea
1844 1888 1966 1912 susce-

441 1943 548 1988 pisset
569 1939 657 1987 dQS
684 1938 797 1981 filias,
821 1937 953 1971 scilieet
975 1935 1226 1979 Machtildem,
1253 1934 1430 1969 ducissam
1458 1935 1667 1969 Brabantiae
1693 1941 1728 1969 et
1750 1935 1965 1970 comitissam

441 1999 605 2034 Boloniae
619 2025 627 2041 ᾖ
648 2003 760 2030 mater
778 1995 897 2029 denuo
915 1995 1026 2029 velata
1044 1994 1089 2028 ad
1109 1994 1303 2029 claustrum
1322 1993 1439 2028 rediit.

487 2057 692 2092 Fredericus
714 2056 907 2101 imperator
924 2054 1116 2087 exercitum
1138 2053 1247 2087 totius
1268 2053 1367 2101 regni
1390 2053 1444 2086 sui
1463 2059 1635 2087 convocat
1651 2059 1775 2086 contra
1795 2052 1968 2087 Mediola-

441 2128 576 2151 nenses.
597 2114 695 2155 Quos
710 2112 894 2147 obsidione
913 2124 1075 2158 premens
1091 2112 1201 2145 ferme
1215 2123 1279 2157 per
1297 2111 1491 2144 triennium
1506 2117 1541 2144 et
1557 2117 1767 2156 potestatem
1786 2110 1965 2145 vendendi

440 2182 474 2208 et
490 2173 629 2208 emendi
649 2173 697 2206 eis
715 2171 951 2219 praeripiens7
977 2172 1070 2204 fame
1086 2170 1231 2204 tandem
1253 2176 1288 2203 et
1311 2170 1430 2216 inopia
1449 2176 1644 2203 coarctatos
1663 2181 1726 2215 per
1745 2169 1964 2204 deditionem

441 2234 587 2279 accepit7
600 2244 693 2266 anno
708 2231 849 2265 Domini
860 2230 1051 2273 MCLXIII,
1064 2242 1195 2276 eosque
1205 2241 1268 2275 per
1280 2229 1442 2277 regiones
1456 2228 1634 2275 dispersit.
1651 2228 1825 2263 Balduino
1839 2229 1967 2275 quinto

441 2292 513 2340 regi
527 2292 544 2325 J
548 2290 844 2331 herosolimorum
855 2287 1014 2322 succedit
1027 2288 1222 2321 Amelricus
1231 2288 1339 2321 frater
1353 2287 1440 2333 ejus.
1454 2287 1671 2333 Desponsata
1685 2286 1756 2320 filia
1770 2286 1962 2331 Lodewici,

442 2351 531 2398 regis
550 2351 763 2383 Francorum
777 2375 785 2391 7
807 2347 957 2381 Henrico
969 2374 977 2389 ,
999 2347 1071 2380 filio
1090 2347 1229 2381 Hem-ici
1249 2347 1341 2394 regis
1362 2346 1558 2394 Anglorum
1572 2373 1581 2390 7
1598 2358 1685 2392 pace
1703 2345 1862 2389 reddita,
1883 2358 1966 2381 con-

442 2409 551 2442 tentio
566 2408 657 2442 inter
671 2419 729 2441 eos
744 2407 891 2453 quievit.
905 2406 975 2447 Qui
990 2406 1175 2442 Henricus.
1192 2405 1343 2440 Henrico
1359 2411 1457 2451 patre
1469 2404 1588 2439 adhuc
1601 2405 1740 2439 vivente
1754 2410 1789 2438 et
1798 2404 1961 2451 jubente,

479 2535 485 2552 ¹
508 2535 631 2569 Aenez'd.y
645 2535 694 2561 lib.
711 2535 754 2567 II,
767 2544 840 2561 vers.
857 2534 921 2562 565.
