2137 3131
396 376 465 410 932
996 363 1286 400 APPENDICES.

396 481 535 508 commodo
548 480 631 514 ipsius
642 477 769 503 ecclesiae
784 474 896 511 provida
909 473 1074 499 discretione
1090 472 1208 507 pensatis
1222 492 1228 503 ,
1242 471 1278 497 ob
1293 471 1414 497 savorem
1430 479 1511 506 quem
1527 480 1592 507 erga
1607 471 1723 497 salutem
1739 472 1845 497 animae
1859 471 1914 498 dic-

397 535 439 554 tae
449 528 587 553 johannae
601 524 735 560 quondam
749 523 840 548 matris
854 530 928 547 meae
939 525 965 545 et
980 519 1148 545 διε-1011110115
1162 518 1264 544 habere
1277 518 1424 544 videbatur
1435 539 1442 550 ‚
1459 527 1509 553 pro
1529 518 1610 544 dictis
1624 518 1805 554 quadraginta
1819 518 1912 545 solidis

398 576 447 600 tria
466 572 595 609 part-clla.
611 572 667 596 sive
683 576 737 595 tres
751 569 836 604 petias
850 567 919 603 prati
930 567 1047 600 jacentis
1064 567 1089 591 111
1104 565 1233 600 parochia
1249 565 1282 591 de
1299 566 1439 601 Apelli-eu,
1460 566 1531 591 inter
1545 566 1687 592 castellum
1703 566 1737 592 de
1755 567 1912 592 Contra-uer

397 627 423 647 et
438 622 523 646 vicum
542 619 574 644 (lc
590 618 683 647 Lam-lt,
699 626 759 642 cnm
770 615 841 641 omni
853 615 917 647 jure
928 613 1001 649 qnod
1014 614 1039 639 in
1053 613 1126 638 dicto
1142 617 1221 648 prato
1236 612 1333 638 habuit
1346 612 1389 638 vel
1404 612 1507 638 habere
1521 613 1595 639 visus
1608 612 1673 645 suit,
1689 613 1716 639 in
1729 622 1827 648 puram
1839 613 1912 639 elee-

398 676 530 701 mosynam
549 666 636 690 dictae
649 664 776 689 ecclcsiae
787 661 973 694 contulitjure
987 659 1170 686 haereditario
1181 680 1187 691 ,
1203 659 1237 685 ad
1251 669 1362 686 censum
1374 669 1496 686 annuum
1510 665 1631 695 quatuor
1646 661 1824 687 denariorum
1843 660 1915 686 ssan-

396 713 530 740 drensium
546 712 596 737 sibi
610 716 636 737 et
650 709 853 736 successoribus
865 708 920 734 suis
935 707 967 733 ad
983 707 1072 733 natale
1086 706 1193 732 Domini
1203 707 1229 732 in
1241 706 1285 733 die
1299 708 1384 733 sancti
1398 707 1530 742 Stephani
1542 708 1619 734 annis
1633 708 1749 743 singulis
1764 707 1913 734 solvendo-

397 770 470 786 rum.
487 758 552 784 1111111
565 758 614 783 sibi
624 757 695 791 juris
709 757 734 782 in
749 756 821 781 dicto
834 759 911 790 prato
926 763 973 780 sen
990 753 1195 779 successoribus
1207 754 1263 779 suis
1278 758 1388 788 praeter
1401 753 1625 788 altamjustitiam
1638 759 1665 780 et
1676 754 1780 780 dictum
1791 764 1911 780 annuum

395 816 503 833 censum
515 815 600 831 rosei-x
609 814 667 835 ans,
677 805 746 829 sicut
757 803 782 828 111
795 803 976 828 instrumento
985 810 1068 836 snper
1078 800 1224 826 collatione
1236 800 1392 834 hujusmodi
1405 810 1437 826 ex
1449 806 1527 836 parte
1535 801 1600 827 dicti
1611 801 1750 836 quondam
1763 801 1849 836 patris
1861 802 1913 827 mei

396 855 482 880 (lictae
495 852 622 879 ecclesiae
637 851 771 879 exhibito,
785 855 811 876 et
825 850 865 875 sui
876 849 958 885 sigilli
971 848 1139 883 appensione
1154 848 1316 874 confirmato
1327 869 1333 879 ‚
1349 848 1457 883 plenius
1469 849 1637 874 continetur.
1650 848 1707 884 Ego
1721 853 1751 874 ut
1763 849 1822 884 piae
1833 848 1914 875 devo-

397 901 461 926 tioni
473 901 606 926 dictorum
616 903 759 933 parentum
776 906 896 923 meorum
910 906 963 922 non
979 896 1075 921 minori
1089 895 1228 921 devotioni
1245 895 1338 922 videar
1349 896 1481 929 imitator,
1496 900 1526 921 nt
1540 895 1599 922 dies
1611 897 1815 922 anniversarius
1827 896 1916 922 dicto—

397 958 455 974 rnm
471 952 612 982 parentum
626 954 746 971 meorum
760 954 773 970 a
786 949 921 969 conventu
932 943 1020 968 dictae
1033 942 1163 968 ecclesiae
1172 963 1178 969 ,
1189 948 1216 968 et
1227 943 1278 968 mei
1291 944 1394 978 pariter
1407 952 1469 968 cum
1481 942 1591 975 obiero,
1601 943 1742 969 annuatim
1755 942 1914 969 solemniter

397 995 562 1023 celebretur,
576 993 673 1019 dictam
687 991 883 1026 eleemosynam
892 991 956 1016 dicti
969 990 1055 1025 prati,
1069 995 1152 1025 prout
1165 989 1254 1016 dictus
1264 990 1310 1023 O.‚
1323 990 1462 1026 quondam
1475 995 1554 1025 pater
1567 1000 1643 1016 meus
1652 1011 1659 1023 ,
1670 990 1802 1023 contulit,
1817 999 1915 1017 secun-

397 1042 459 1067 dum
469 1047 589 1067 tenorem
601 1040 773 1066 instrumenti
784 1048 868 1074 super
878 1038 928 1064 hoc
939 1037 1055 1064 confecti
1067 1037 1155 1064 dictae
1165 1037 1294 1064 ecclesiae
1304 1038 1452 1071 Niniveusi,
1463 1037 1545 1064 laudo
1554 1043 1582 1064 et
1593 1037 1718 1073 approbo
1729 1042 1755 1064 et
1767 1037 1911 1064 confirmo.

399 1090 427 1115 ln
441 1089 518 1123 cujus
532 1087 752 1113 ratihabitionem
768 1086 954 1120 eleemosynae
969 1089 1126 1120 praesentes
1144 1084 1250 1111 litteras
1270 1085 1358 1112 dietae
1375 1086 1506 1112 ecclesiae
1526 1085 1630 1112 contuli
1648 1084 1729 1121 sigilli
1744 1085 1795 1111 mei
1809 1094 1915 1121 appen-

396 1137 469 1162 sione
484 1136 610 1161 munitas.
625 1133 889 1169 Superscriptionem
902 1133 949 1159 ubi
966 1132 1084 1159 habetur
1098 1132 1190 1159 solidis
1209 1133 1405 1168 approbamus.
1421 1133 1520 1159 Datum
1534 1142 1606 1159 anno
1618 1132 1725 1158 Domini
1739 1132 1892 1159 MCCLXIX
1904 1153 1910 1166 ‚

397 1185 421 1209 111
436 1184 479 1209 die
494 1182 690 1209 Bartholomaei
704 1181 828 1217 apostoli.

1325 1228 1434 1260 Original
1444 1247 1450 1258 7
1460 1228 1482 1253 le
1497 1235 1567 1252 sceau
1580 1235 1609 1251 cn
1625 1227 1672 1251 cire
1686 1231 1758 1251 verte.

1088 1498 1215 1534 CCXL.

399 1592 504 1634 Jean,
524 1592 611 1626 ahhe'
622 1591 764 1639 90'110'22112
780 1591 820 1624 de
846 1591 1074 1633 Premontre',
1096 1590 1229 1633 de'cz'cle,
1253 1603 1296 1624 en
1314 1589 1448 1636 qualit&
1461 1590 1649 1633 cl’arbz'tre,
1669 1603 1734 1636 que
1758 1589 1915 1638 l’abbaye

446 1651 486 1684 (le
504 1650 637 1684 Nz'nove
653 1650 811 1684 donnera
826 1650 1087 1684 mmuellement
1103 1648 1127 1683 ἀ
1145 1649 1302 1696 l'ahlmye
1318 1649 1359 1683 de
1374 1648 1571 1683 SJ-Foillan
1585 1655 1618 1683 et
1633 1662 1683 1683 au
1700 1650 1789 1684 cure'
1803 1649 1915 1684 d’Ar-

446 1709 556 1742 kenne
565 1714 688 1754 quatre
703 1708 766 1742 sols
777 1708 818 1741 de
831 1707 1009 1751 Louvmn,
1020 1720 1119 1755 pour
1132 1708 1178 1742 les
1196 1707 1373 1753 offiwzdes
1385 1710 1450 1753 qui
1462 1713 1523 1741 ont
1535 1707 1605 1741 lieu
1617 1705 1641 1741 ἀ
1659 1707 1693 1741 la
1706 1707 1857 1755 chapelle
1873 1708 1914 1742 de

447 1767 660 1801 Rez'nirsart.
677 1787 724 1792 -—
739 1767 938 1801 Rmxmsfmr.

1051 1927 1068 1948 A
1083 1926 1161 1950 Laon.
1178 1925 1250 1949 1209.

437 2006 473 2033 J..
489 2006 536 2031 Dei
552 2007 680 2041 patientia
699 2006 975 2034 Praemonstratensis
988 2009 1086 2041 abbas„
1107 2009 1243 2035 universis
1258 2014 1418 2045 praesentes
1434 2009 1541 2035 litteras
1556 2009 1736 2044 inspecturis,
1758 2008 1873 2035 salntem
1888 2009 1914 2034 in

400 2052 523 2079 Domino.
534 2053 598 2079 Cum
609 2054 680 2079 inter
693 2063 766 2079 viros
777 2054 919 2089 religiosos
929 2075 935 2083 ,
951 2055 1078 2081 abbatem
1092 2060 1118 2081 et
1129 2061 1294 2082 conventum
1308 2056 1336 2082 S.
1353 2056 1476 2091 Foyllani
1487 2077 1494 2088 ,
1510 2055 1614 2082 ordinis
1627 2056 1915 2086 Praemonstratensis,

400 2105 425 2124 et
439 2105 561 2125 curatum
575 2100 704 2126 ecclesiae
715 2100 877 2135 parochialis
890 2101 923 2127 de
937 2102 1065 2128 Arkenna
1077 2124 1083 2133 ,
1099 2104 1208 2129 nomine
1218 2104 1308 2138 'ipsius
1322 2103 1466 2135 ecclesiae,⁷
1483 2104 1530 2138 qui
1544 2108 1585 2129 est
1596 2103 1672 2138 prior
1682 2102 1716 2129 de
1727 2102 1756 2129 S.
1772 2102 1917 2138 Foyltano,

401 2147 490 2181 inqua
502 2147 622 2173 deservit
633 2148 722 2173 dictus
737 2148 882 2183 presbyter
894 2154 1007 2175 curatus
1018 2171 1024 2179 ,
1038 2150 1147 2176 nomine
1162 2151 1282 2185 ipsorum
1297 2155 1324 2176 et
1343 2159 1393 2186 pro
1406 2151 1471 2185 ipsis
1483 2160 1515 2176 ex
1526 2160 1582 2176 una
1596 2155 1690 2186 parte.
1708 2155 1737 2176 et
1749 2150 1876 2176 abbatem
1889 2154 1918 2176 et

399 2199 560 2220 conventum
576 2195 732 2221 Ninivenses
743 2205 827 2231 super
841 2196 1025 2223 oblationibus
1039 2198 1265 2232 provenientibus
1276 2198 1303 2224 in
1317 2198 1423 2234 capella
1436 2199 1558 2234 ipsorum
1571 2197 1606 2224 de
1618 2198 1725 2230 Ninive,
1742 2199 1769 2223 in
1781 2202 1862 2224 curte
1874 2198 1916 2233 ip-

401 2249 490 2266 sorum
509 2240 541 2267 de
555 2241 725 2274 Reniersart,
747 2252 816 2278 quae
830 2248 870 2270 est
886 2244 937 2270 sita
948 2243 1019 2270 infra
1037 2245 1105 2271 fines
1124 2245 1271 2281 parochiae
1285 2246 1319 2272 de
1333 2245 1462 2272 Arkenna
1472 2266 1479 2276 ,
1494 2255 1527 2272 ex
1542 2245 1629 2272 altera
1639 2266 1646 2277 ‚
1664 2250 1725 2272 orta
1738 2250 1810 2271 esset
1823 2254 1914 2271 coram

402 2287 477 2313 nobis
489 2289 598 2314 materia
608 2289 784 2324 quaestionis7
795 2291 921 2325 partibus
931 2292 1153 2326 comparentibus
1163 2298 1278 2328 propter
1286 2292 1339 2319 hoc
1348 2293 1444 2326 injure
1455 2302 1547 2319 coram
1558 2293 1637 2318 nobis
1645 2301 1694 2328 per
1705 2296 1901 2328 procuratores
1909 2313 1916 2325 ‚

400 2333 522 2360 videlicet
536 2335 646 2361 fratrem
657 2335 809 2362 Johannem
819 2357 825 2369 ‚
841 2337 1001 2363 canonicum
1015 2338 1044 2364 S.
1057 2338 1178 2374 Foyllani
1188 2360 1195 2372 ‚
1213 2349 1264 2374 pro
1278 2339 1377 2366 abbate
1390 2345 1542 2366 conventus
1553 2339 1582 2366 S.
1598 2339 1721 2374 Foyllani
1734 2344 1762 2365 et
1774 2343 1871 2365 curato
1882 2339 1916 2365 de

401 2380 541 2411 Arkenna,
567 2387 594 2407 et
612 2381 723 2408 fratrem
742 2382 888 2409 Henricum
900 2404 906 2415 ,
927 2385 1086 2410 canonicum
1103 2385 1288 2418 Ninivensem‚
1315 2395 1365 2421 pro
1383 2386 1482 2412 abbate
1500 2391 1528 2412 et
1547 2391 1685 2412 conventu
1705 2385 1913 2417 Ninivensibus,

403 2427 543 2453 habentem
558 2434 719 2463 potestatem
733 2431 970 2464 compromittendi
983 2437 1011 2457 et
1023 2433 1198 2467 promittendi
1213 2443 1328 2469 poenam
1342 2433 1495 2469 appositam
1511 2434 1538 2459 111
1551 2433 1748 2468 compromisso
1758 2453 1765 2466 ,
1780 2442 1831 2468 per
1842 2432 1917 2459 litte-

402 2483 444 2499 ras
458 2474 576 2508 ipsorum
590 2476 623 2502 de
640 2476 734 2503 Ninive
749 2477 917 2512 publicatas,
932 2479 958 2504 iu
972 2479 1077 2513 judicio
1094 2489 1185 2507 coram
1204 2481 1284 2508 nobis
1299 2481 1550 2517 compromiserunt.
1562 2481 1590 2507 in
1603 2489 1652 2507 nos
1666 2489 1751 2517 super
1768 2479 1915 2516 praedictis
