2118 3184
748 389 891 424 APPEN
898 388 1039 424 DlCES.
1587 386 1657 421 783

139 498 252 525 Gerardi
264 498 297 523 dc
313 498 341 523 S.
354 498 475 531 Olim-105
495 497 524 523 5.
536 497 637 523 domini
650 496 771 523 Nieliolai
783 497 816 523 de
830 496 1002 525 Barbetium,-
1019 496 1048 522 S.
1065 495 1167 522 domini
1181 495 1294 522 Walteri
1306 495 1340 522 de
1355 495 1477 529 Warini;
1495 495 1523 521 S.
1541 494 1637 520 (iilleni
1647 515 1652 520 .

136 545 404 578 castellanijunioris
417 544 451 570 de
462 544 537 570 Bello
551 544 657 577 ‚llonte3
671 544 698 570 S.
714 544 840 578 Symonis
851 543 885 569 de
899 543 984 569 Marc:
995 555 1003 570 .·
1017 543 1045 569 S.
1060 542 1172 569 (iillardi
1182 543 1216 569 dc
1232 542 1335 568 Brm'le.
1345 542 1441 568 Actum
1455 550 1526 567 anuo
1539 542 1648 566 incar-na

143 593 222 619 tionis
234 593 385 618 dominicae
396 591 578 619 Mtlmxxll.
592 591 761 626 principatus
772 600 837 616 vero
848 591 898 616 mei
913 600 985 616 anno
998 590 1104 616 decimo
1115 590 1246 616 secundo.
1261 590 1359 616 Datum
1373 589 1456 615 Bincii
1468 609 1474 621 ‚
1486 597 1536 623 per
1545 596 1655 613 manuni

141 638 407 666 Gillebertisecuudi
419 638 516 664 notarii
531 638 597 664 mei.
611 646 702 664 mense
716 638 777 663 Maii
787 659 794 665 ,
810 637 856 671 viij
874 637 1004 663 kalendas
1016 625 1103 669 funii„

858 703 977 735 Original.
988 711 1073 727 sccaux
1086 711 1115 727 οη
1126 703 1173 727 circ
1183 703 1258 727 brune
1271 703 1397 727 sortcmcnt
1407 701 1588 734 endommages.
1600 708 1659 732 pen-

885 746 954 770 danis
968 748 981 769 a
996 746 1094 770 ‹loublcs
1106 753 1194 777 queues
1205 746 1234 769 de
1246 745 1383 777 pai-chemin
1394 763 1399 769 .
1413 752 1460 768 anx
1477 743 1582 768 archives
1592 743 1620 766 de
1637 743 1657 766 la

893 789 994 813 Flandrc
1006 789 1130 813 orientale.

836 1106 941 1139 xm‘l
951 1133 957 1139 .

145 1203 304 1246 Ge'rard,
325 1203 414 1238 ahbe'
426 1204 467 1238 de
484 1202 622 1238 le'nove
629 1230 639 1246 ,
660 1201 846 1236 reconnait
856 1202 902 1236 les
916 1208 1040 1236 termes
1060 1201 1151 1235 d’un
1167 1200 1298 1235 accord
1310 1200 1381 1246 fait
1397 1206 1495 1234 entre
1512 1200 1609 1234 [niet
1625 1201 1659 1234 lu

614 1261 716 1295 dame
734 1260 894 1295 d’Asclze.
913 1261 1180 1294 ——LIEm-:KERKR

826 1455 885 1478 Sans
901 1454 954 1478 date
968 1453 986 1477 ¹.

180 1527 210 1554 ln
225 1527 333 1554 nomine
346 1527 434 1554 Patris
448 1532 475 1553 et
488 1527 547 1553 Filii
561 1532 588 1553 et
599 1526 718 1562 Spiritus
728 1526 831 1552 Sancti.
843 1525 995 1556 Gerardus,
1012 1524 1060 1551 Dei
1078 1525 1167 1561 gratia
1184 1524 1336 1550 Ninivensis
1352 1522 1483 1549 ecclesiae
1496 1523 1591 1549 abbas.
1608 1524 1660 1549 No-

140 1580 199 1602 tum
215 1584 274 1602 esse
288 1574 414 1601 volumus
431 1580 486 1600 tam
506 1574 697 1609 praesentibus
718 1582 799 1608 quam
820 1572 938 1603 suturis,
956 1572 1171 1598 controversiam
1191 1572 1263 1598 inter
1281 1580 1330 1596 nos
1350 1575 1378 1596 et
1397 1570 1611 1606 Chonegundem
1627 1571 1661 1597 dc

140 1622 229 1649 Ascba
242 1627 270 1648 et
282 1622 369 1648 filium
389 1621 448 1656 ejus
468 1621 627 1647 Gervasium
641 1620 676 1647 de
690 1626 764 1646 terra
776 1619 899 1646 Abbonis
919 1619 1039 1645 habitam
1049 1639 1056 1649 ,
1071 1618 1123 1645 hoc
1137 1618 1217 1644 modo
1233 1627 1291 1644 esse
1308 1617 1527 1643 determinatam.
1545 1617 1663 1644 Consilio

141 1670 257 1696 fratrum
272 1675 429 1696 nostrorum
444 1674 471 1695 et
485 1669 601 1695 aliorum
615 1668 776 1694 idoneorum
793 1668 914 1694 virorum
931 1667 1153 1702 praenominatae
1167 1665 1275 1692 mulieri
1287 1670 1315 1691 et
1329 1664 1386 1690 filio
1400 1664 1460 1698 ejus
1473 1664 1541 1691 duas
1556 1674 1660 1691 marcas

142 1723 169 1744 et
184 1727 306 1744 mansum
326 1727 409 1743 unum
427 1726 509 1752 quem
523 1716 669 1742 habuimus
684 1715 763 1749 juxta
785 1715 904 1745 Alsnam„
924 1723 987 1740 cum
1007 1719 1081 1740 terra
1101 1718 1195 1740 nostra
1213 1713 1301 1739 eidem
1326 1720 1419 1737 manso
1439 1712 1583 1747 contigua.
1605 1712 1656 1738 hoc

139 1770 220 1801 pacto
234 1764 359 1790 dedimus
369 1785 376 1796 ‚
392 1769 423 1790 ut
437 1763 552 1799 singulis
565 1763 643 1789 annis
656 1767 766 1789 nostrae
779 1762 909 1788 ecclesiae
924 1761 1161 1787 valentianensem
1176 1760 1317 1786 denarium
1333 1759 1359 1786 in
1376 1758 1446 1786 sesto
1461 1760 1532 1786 beati
1547 1758 1662 1795 Remigii

140 1812 322 1848 praeberent,
342 1816 370 1837 et
388 1815 450 1846 post
462 1815 577 1836 mortem
591 1810 714 1844 ejusdem
727 1809 921 1845 Chonegundis
934 1813 961 1834 et
975 1808 1023 1834 filii
1038 1808 1098 1842 ejus
1113 1807 1235 1833 Gervasii
1247 1816 1353 1833 necnon
1368 1812 1395 1833 et
1409 1806 1480 1833 filiae
1497 1806 1658 1842 Lutgardis.

142 1868 264 1885 mansum
277 1858 403 1885 eumdem
417 1867 478 1884 cum
494 1863 567 1884 terra
580 1858 667 1884 libere
680 1862 709 1883 ot
721 1857 826 1892 absque
841 1856 1033 1882 reclamatione
1050 1864 1238 1881 successorum
1257 1854 1299 1881 vel
1314 1860 1493 1890 cognatorum
1507 1864 1602 1880 eorum
1617 1864 1662 1880 ec-

139 1906 222 1934 clesia
235 1912 329 1933 nostra
343 1907 497 1941 reciperet,
513 1906 572 1941 ipsa
586 1910 678 1931 autem
693 1904 885 1940 Chonegundis
898 1909 926 1930 et
939 1903 1012 1929 filius
1026 1903 1086 1937 ejus
1099 1903 1245 1929 Gervasius
1259 1907 1286 1928 et
1300 1902 1355 1928 filia
1372 1902 1511 1938 Lutgarde
1525 1902 1660 1937 quidquid

137 1955 211 1989 juris
221 1955 248 1980 in
256 1959 331 1980 terra
344 1954 477 1988 praedicti
488 1953 610 1979 Abbonis
622 1952 782 1979 habuerunt
796 1953 823 1978 in
837 1951 966 1987 parochia
982 1950 1187 1982 Lidelzercensi‚
1201 1955 1312 1985 praeter
1324 1955 1433 1985 pratum
1447 1949 1520 1985 quod
1535 1950 1662 1975 dominus

142 2001 305 2028 wilhelmus
320 2001 446 2034 tenebat,
461 2005 572 2026 nostrae
592 1999 723 2026 ecclesiae
741 1998 811 2025 sacta
833 1998 1051 2025 absestucatione
1067 1997 1266 2033 praebuerunt.
1286 1997 1375 2031 Hujus
1389 1997 1428 2023 rei
1443 2002 1527 2023 testes
1546 1996 1661 2022 fuerunt

140 2049 248 2084 Motus,
263 2048 382 2074 decanus
396 2047 431 2073 de
442 2047 536 2074 Ninive
547 2057 554 2081 ;
564 2047 693 2083 magister
701 2046 813 2082 Sigerus
825 2046 860 2072 de
875 2045 982 2079 Ilaltra;
996 2045 1149 2077 Robertus,
1159 2044 1287 2071 sacerdos
1301 2044 1335 2070 de
1348 2043 1435 2070 Ascha
1450 2055 1456 2078 ς
1471 2044 1609 2070 Arnoldus
1625 2044 1658 2070 de

143 2095 230 2122 Aseha
243 2100 271 2121 et
282 2095 381 2121 fratres
395 2095 455 2129 ejus
469 2094 597 2120 Julianus
610 2099 637 2120 et
651 2094 816 2127 Balduinus3
835 2093 978 2119 Anselmus
991 2092 1026 2118 de
1038 2091 1121 2119 Hohte
1133 2097 1159 2118 et
1174 2092 1222 2118 filii
1237 2092 1299 2126 ejus
1311 2091 1498 2118 Theodericus
1509 2113 1515 2123 ,
1531 2092 1661 2118 Lamber-

142 2148 187 2169 tus
195 2164 201 2170 ,
218 2142 397 2178 lngelbertus·
405 2141 440 2168 de
453 2141 589 2167 Strilhem.

1228 2186 1348 2218 Original.
1363 2194 1431 2210 sceau
1446 2186 1528 2216 pei-(lu.

838 2280 915 2291 1>

171 2510 178 2526 ¹
195 2510 276 2532 L'nblie
287 2509 370 2532 (ἑόν-πί]
385 2515 422 2531 eut
431 2510 620 2531 l'ndmiuistration
631 2508 661 2530 du
672 2513 765 2530 convent
775 2509 852 2537 depuis
865 2510 919 2530 1142
929 2507 1016 2537 jusqu'zi
1028 2509 1090 2529 1186.
