2137 3131
485 375 554 410 518
822 373 995 408 CORPUS
1022 373 1349 408 CHROMCORUM
1377 374 1640 408 FLANDRIAE.

486 494 538 520 tea
558 492 717 520 sanatum
738 484 807 517 huc
828 483 969 516 rediisse
988 489 1022 515 et
1042 481 1155 515 villam
1174 493 1273 514 suam
1295 493 1357 527 per
1375 492 1493 529 regem
1513 481 1678 514 Karolum
1698 480 1811 514 eidem
1831 482 1988 516 abbatiae

485 546 519 579 S.
542 545 679 578 Martini
695 542 931 576 confirmasse.
954 556 972 571 n
996 540 1068 573 Hoc
1086 538 1233 573 audiens
1245 539 1305 573 sed
1328 540 1412 573 nihil
1432 540 1583 585 amplius
1601 539 1715 573 facere
1729 538 1863 581 valens7
1883 540 1989 573 tristis

485 615 640 637 reversus
654 613 732 634 sum
743 627 751 643 a
769 611 874 645 super
887 599 956 632 hoc
972 605 1088 632 tamen
1103 596 1261 645 gaudens
1274 597 1373 644 quod
1389 598 1647 644 aliquantulum
1664 599 1792 632 certior
1806 598 1856 631 fui
1871 597 1914 631 de
1931 598 1988 632 ab-

484 662 594 695 batiae
620 666 757 693 nostrae
775 658 983 704 antiquitate
1001 657 1026 690 ¹.
1050 658 1122 690 Hoc
1141 669 1224 704 ergo
1244 657 1465 705 privilegium
1485 664 1520 690 et
1537 657 1615 690 villa
1628 685 1636 700 ·,
1659 657 1726 691 hoc
1745 656 1842 703 quod
1864 667 1965 689 sonex
1979 683 1987 698 7

483 723 543 768 qui
562 721 694 767 absque
712 718 914 766 cognitione
932 716 1186 764 cyrographiae
1205 716 1380 749 enarravit
1396 715 1542 749 modum
1561 715 1780 757 donationis.¹
1800 714 1989 748 testifican-

482 788 539 814 tnr
559 779 651 814 hanc
665 779 841 813 abbatiam
861 775 1056 822 antiquitus
1075 776 1191 808 fuisse.

532 839 600 874 Sed
618 839 631 859 ²
649 844 683 871 ct
701 835 797 871 aliud
816 834 1057 869 testimonium
1075 834 1150 879 ejus
1171 833 1409 879 antiquitatis,
1432 832 1530 879 quod
1548 845 1660 878 usque
1675 833 1709 865 in
1729 844 1892 878 praesens
1905 837 1990 865 tem-

484 912 548 947 pus
568 902 767 945 permanet,
791 906 1016 941 nequaquam
1043 892 1179 926 silentio
1202 892 1395 940 tegendum
1422 904 1494 925 esse
1513 891 1678 925 arbitror.
1702 891 1776 924 Mos
1795 891 1990 937 antiquitus

483 960 662 993 institutus
682 963 767 990 tunc
786 953 954 999 temporis
972 953 1177 985 servabatur
1195 951 1229 984 in
1249 951 1402 985 ecclesiis
1414 978 1422 994 7
1448 957 1488 984 ut
1506 951 1649 984 nomina
1668 950 1817 983 fratrum
1836 950 1990 983 circum—

479 1017 672 1064 jacentium
699 1013 946 1052 ecclesiarum„
974 1010 1105 1056 quibus
1128 1022 1163 1043 se
1189 1015 1329 1042 mutuas
1352 1009 1526 1043 orationes
1550 1008 1679 1042 debere
1705 1008 1756 1041 vel
1788 1008 1989 1042 societatem

483 1076 681 1124 promisisse
700 1077 887 1114 noverant7
915 1083 1021 1116 super
1042 1075 1200 1103 sanctum
1220 1069 1327 1102 altare
1349 1068 1477 1113 scripta
1497 1074 1733 1114 ponerentun
1755 1068 1922 1114 quatinus
1935 1079 1991 1100 sa-

483 1135 605 1171 cerdos
620 1134 760 1167 missam
780 1137 984 1165 cantaturus
999 1128 1207 1162 nominatim
1224 1128 1401 1169 recitaret7
1419 1139 1499 1160 cum
1515 1126 1559 1160 ad
1579 1126 1676 1159 illum
1694 1127 1809 1159 locum
1826 1125 1987 1168 venisset7

482 1208 554 1243 quo
569 1194 717 1228 dicitur:
736 1205 752 1221 «
770 1190 960 1231 Memento„
976 1188 1137 1229 Domine7
1154 1186 1368 1220 famulorum
1381 1186 1666 1232 famularumque
1680 1191 1834 1228 tuarum7
1851 1184 1912 1231 qui
1927 1195 1991 1218 nos

482 1258 745 1302 praecesserunt
758 1262 839 1284 cum
854 1249 954 1296 signo
969 1246 1050 1279 fidei
1066 1253 1099 1279 et,
1114 1245 1297 1279 dormiunt
1311 1245 1346 1278 in
1364 1257 1488 1278 somno
1504 1245 1610 1290 pacis.
1629 1259 1646 1275 n
1670 1244 1769 1277 Tunc
1785 1255 1876 1277 unus
1893 1243 1988 1276 enim

483 1314 725 1348 ministrorum
740 1309 855 1343 altaris
874 1307 903 1341 ei
922 1306 1164 1352 propinquans
1183 1304 1426 1349 praesentabat
1444 1302 1635 1336 recitanda.
1653 1303 1749 1336 Hanc
1766 1308 1883 1336 autem
1902 1314 1990 1336 con—

479 1372 672 1421 junctionis
690 1367 946 1404 fraternitatem
965 1364 1129 1410 antiquos
1147 1362 1338 1396 monachos
1356 1362 1515 1395 coenobii
1531 1361 1638 1406 hujus
1657 1373 1739 1395 cum
1754 1361 1935 1395 monachis
1950 1360 1985 1394 S.

483 1430 632 1467 Amandi
646 1426 874 1463 Helnonensis
883 1424 1044 1458 novimus
1054 1422 1233 1462 habuisse3
1253 1421 1422 1466 scriptum
1434 1432 1587 1466 namque
1602 1419 1688 1453 illud
1700 1447 1707 1461 ,
1720 1420 1755 1452 in
1765 1432 1837 1466 quo
1847 1420 1990 1453 nomina

482 1494 631 1526 fratrum
657 1488 692 1522 S.
713 1485 853 1521 Martini
878 1496 958 1518 cuni
984 1481 1186 1515 nominibus
1207 1481 1355 1513 fratrum
1381 1479 1606 1513 ecclesiarum
1630 1479 1859 1512 finitimarum
1881 1479 1990 1512 conti-

482 1551 657 1584 nebantur
670 1558 782 1592 usque
797 1543 841 1577 ad
859 1547 977 1576 nostra
991 1547 1151 1585 tempora
1170 1539 1204 1571 in
1225 1537 1349 1571 eodem
1370 1537 1541 1571 coenobio
1560 1537 1769 1570 Helnonensi
1782 1537 1987 1582 permansit,

483 1607 581 1655 quod
608 1606 712 1640 etiam
737 1601 881 1650 quidam
909 1605 1110 1633 nostrorum
1138 1597 1300 1630 manibus
1329 1602 1519 1629 tenuerunt
1542 1602 1577 1629 et
1608 1596 1717 1629 oculis
1748 1596 1987 1641 inspexerunt.

484 1665 616 1700 Auditu
637 1661 875 1708 comperimus
898 1657 1019 1704 priscis
1042 1655 1262 1701 temporibus
1285 1654 1375 1687 infra
1395 1665 1516 1687 muros
1534 1654 1784 1687 nonnullarum
1807 1654 1988 1688 civitatum

483 1724 650 1759 cadavera
670 1727 893 1755 mortuorum
912 1727 1137 1762 nequaquam
1157 1714 1357 1759 sepulturae
1375 1711 1513 1746 tradere
1527 1739 1535 1755 a
1561 1712 1621 1746 sed
1637 1713 1721 1746 foris
1739 1714 1989 1747 coemeterium

483 1785 630 1826 habere7
652 1782 713 1815 ubi
732 1789 880 1825 corpora
897 1775 1148 1810 deferebantur
1169 1772 1361 1806 humanda.
1384 1771 1489 1813 Quod
1507 1778 1541 1805 et
1561 1784 1656 1806 nunc
1674 1772 1880 1806 observatur
1897 1773 1990 1806 Lau-

482 1842 569 1876 duni
583 1841 717 1882 Remis,
734 1837 832 1885 quod
851 1835 1037 1881 antiquum
1056 1832 1308 1867 coemeterium
1326 1837 1422 1864 extra
1436 1842 1557 1864 muros
1575 1830 1849 1864 demonstratur.
1872 1831 1987 1872 Quam

483 1898 777 1935 consuetudinem
795 1896 831 1929 in
847 1895 1006 1927 Tornaco
1023 1891 1173 1939 viguisse
1188 1889 1404 1936 antiquiores
1421 1889 1531 1922 nostri
1548 1888 1733 1932 dixerunt,
1750 1901 1991 1923 communem—

481 1972 550 2006 que
572 1957 789 2004 sepulturam
808 1953 914 1999 hujus
932 1950 1079 1985 civitatis
1098 1948 1293 1994 antiquitus
1314 1948 1348 1980 in
1375 1947 1442 1980 hac
1460 1947 1604 1981 ecclesia
1624 1948 1730 1982 fuisse
1756 1948 1986 1983 affirmarunt.

483 2018 645 2058 Quorum
667 2014 782 2049 verbis
807 2010 1041 2056 adstipulatur
1067 2013 1193 2042 cuncta
1216 2013 1307 2040 terra
1328 2006 1372 2040 de
1394 2006 1544 2040 circuitu
1564 2007 1747 2041 ecclesiae.
1777 2020 1883 2054 quam
1903 2007 1990 2042 dum

481 2073 706 2124 agricolando
726 2071 916 2105 excolimus
928 2096 936 2111 7
959 2067 1090 2113 repleta
1109 2065 1337 2100 cadaveribus
1359 2072 1583 2099 mortuorum
1602 2065 1902 2112 deprehendimus
1921 2079 1991 2101 sar-

483 2134 643 2182 cophago
662 2131 861 2179 praeclara7
892 2141 932 2161 ex
955 2126 1102 2173 plumbo
1122 2132 1156 2158 et
1177 2124 1291 2171 lapide
1320 2124 1455 2171 sculpta
1468 2152 1476 2168 .,
1500 2124 1618 2159 adhuc
1639 2126 1774 2173 integra
1797 2127 1986 2160 manentia.

482 2192 585 2227 Aliud
604 2202 748 2239 quoque
765 2187 1007 2223 testimonium
1026 2198 1067 2219 ex
1084 2185 1154 2218 vita
1173 2184 1264 2217 beati
1279 2184 1378 2232 Eligii
1393 2184 1550 2230 proferre
1564 2185 1600 2217 in
1619 2191 1788 2231 promptu
1802 2184 1986 2228 habemus,

483 2264 545 2297 per
563 2250 661 2298 quod
678 2251 792 2284 elucet
809 2246 924 2295 quod7
945 2244 1063 2279 adhuc
1081 2244 1157 2289 ipso
1174 2243 1283 2290 Eligio
1303 2242 1492 2276 fundatore
1512 2250 1632 2277 nostro
1651 2243 1837 2290 superstite
1854 2244 1891 2277 in
1909 2255 1990 2278 cor-

484 2322 585 2355 pore„
612 2308 758 2356 quidam
782 2307 889 2341 abbas
907 2302 1120 2338 Balderedus
1141 2302 1282 2335 nomine
1307 2302 1390 2335 huic
1415 2302 1574 2336 abbatiae
1597 2302 1760 2348 praefuit.
1782 2302 1986 2350 Relegentes

523 2446 530 2463 ¹
553 2446 700 2481 Hucusque
715 2446 896 2473 Herimannus
916 2446 943 2471 in
961 2442 1113 2479 Spicz'leqz'o,
1126 2450 1146 2470 t.
1164 2443 1206 2474 ΙΙ,
1297 2442 1309 2459 2
1329 2442 1367 2468 Ex
1389 2441 1451 2468 eod.
1475 2442 1640 2468 Herimanno
1664 2442 1713 2468 ib..
1741 2451 1803 2477 pag.
1829 2440 1987 2468 902-905.

482 2501 543 2527 pag.
556 2491 620 2518 901.
1261 2496 1291 2515 ι]ο
1306 2489 1351 2516 46.
