2137 3131
398 382 465 417 132
731 378 906 415 CORPUS
932 376 1265 413 CHRONICORUM
1292 376 1559 411 FLANDRIAE.

436 489 581 519 lohannes
596 488 631 516 de
648 486 777 515 Betunia.
1221 482 1382 511 Mexander
1396 483 1576 521 Capelassee.

439 541 519 567 Asso.
1220 532 1361 560 Hem-icus
1376 531 1411 559 dc
1427 531 1581 560 Putehem.

439 584 612 615 Bernardus.
1222 580 1358 619 Aegidius
1373 581 1400 608 Li
1415 580 1565 608 Mircliers.

437 635 578 664 nubemus
591 631 627 659 de
641 631 848 669 Templemart.
1223 629 1368 657 Johanncs
1389 628 1556 657 fflondiaus.

439 683 599 711 Matthaeus
612 679 648 708 de
662 681 772 708 Orcies.
1223 677 1369 705 Johannes
1384 676 1419 705 de
1434 676 1544 705 Morka.

437 731 581 759 ,lohannes
595 729 630 757 de
645 729 671 756 le
684 728 918 757 Cordewanerie.
1225 725 1315 753 Rado.

439 779 584 807 Johannes
601 778 630 805 Li
647 778 819 806 Barbiieres.
1225 774 1356 801 Hellinus
1370 773 1406 801 de
1417 774 1513 801 Porta.

436 827 582 855 ,lohannes
598 826 633 854 de
648 825 788 854 Condato.
1227 822 1364 861 Aegidius
1379 823 1407 850 Li
1422 823 1590 851 Bouchiers.

438 876 615 903 Bertrannus
633 873 669 901 de
683 875 828 912 Hanapes.
1225 871 1372 900 „lohannes
1389 873 1487 899 Artas.

440 922 577 961 Aegidius
589 922 624 950 de
636 921 787 950 Lauduno.
1226 920 1370 949 Gobcrtus
1385 920 1420 948 de
1437 920 1575 949 Eruet-iis.

440 972 581 999 Conterus
596 970 631 997 de
648 970 788 1008 Marnige.
1226 969 1381 998 Nicholaus
1395 968 1430 996 de
1443 970 1609 997 Cameraco.

439 1019 581 1048 Henricus
594 1018 630 1046 de
644 1019 743 1046 Havai.
1227 1017 1374 1045 ,Iohannes
1387 1017 1535 1055 Crespins.

440 1067 564 1095 Jacobus
580 1066 615 1094 de
634 1066 756 1094 Basseia.
1227 1065 1373 1093 Johannes
1387 1064 1423 1093 de
1438 1066 1572 1103 Holaiug.

441 1116 586 1144 Johannes
599 1115 634 1144 de
649 1120 749 1144 sancto
766 1115 857 1143 Plato.
1227 1114 1358 1152 Rogerus
1371 1113 1480 1141 Fouke.

803 1244 934 1281 Tempore
958 1241 1104 1270 Johannis
1135 1242 1320 1280 Carpentarii
1344 1247 1487 1280 sequentes
1506 1253 1515 1269 :

444 1341 569 1370 Jacobus
583 1340 619 1369 de
633 1341 723 1368 Ronc.
1232 1338 1357 1367 Jacobus
1372 1338 1408 1366 de
1422 1340 1511 1367 Rove.

448 1391 586 1431 Aegidius
601 1391 636 1419 de
651 1390 793 1419 Maubrai.
1232 1389 1371 1417 Arnulfus
1385 1388 1420 1416 de
1436 1389 1579 1417 Bruxella.

446 1440 570 1469 Thomas
583 1439 619 1467 de
632 1438 777 1467 Gandavo.
1232 1439 1333 1466 Petrus
1349 1439 1446 1465 Baras.

446 1489 572 1519 ,lacobus
585 1488 621 1516 de
638 1488 755 1517 Camba.
1230 1485 1355 1514 Jacobus
1366 1485 1401 1513 de
1416 1486 1524 1514 Insula.

447 1537 572 1567 Jaeohus
586 1536 622 1564 de
637 1538 745 1564 Duaco.
1232 1534 1368 1573 Aes-‚fidius
1380 1533 1416 1561 de
1430 1534 1455 1561 le
1469 1535 1561 1573 Lago,
1577 1533 1672 1563 dictus
1687 1534 1722 1563 de
1737 1535 1896 1564 Montibus.

448 1586 602 1615 Nicholaus
619 1586 755 1614 Reniaus.
1229 1583 1375 1612 Johannes
1388 1583 1544 1611 Colemers.
1743 1581 1749 1588 ’

448 1635 594 1663 Johannes
607 1633 642 1662 de
654 1634 765 1662 Ruella.
1230 1632 1376 1660 Walterus
1392 1630 1427 1659 de
1444 1631 1535 1659 Alnis.

449 1683 594 1711 Johannes
606 1682 703 1711 Rikes.
1271 1680 1411 1717 (Summa
1426 1679 1521 1718 LXI.)

918 1805 978 1832 Hos
992 1804 1172 1840 invenimus,
1192 1804 1318 1833 videlicet
1334 1814 1386 1832 nos
1404 1814 1411 1831 ;

453 1901 590 1941 Aegidius
605 1902 635 1930 Li
650 1902 760 1930 Muisis.
1236 1902 1432 1930 Theodoricus
1450 1902 1559 1939 Payen.

451 1950 576 1979 Jacobus
590 1949 626 1978 de
642 1951 743 1978 Puteo.
1280 1950 1415 1986 (Summa
1426 1961 1479 1989 per
1492 1955 1581 1978 tolum
1598 1949 1724 1983 XLIV.)

1099 2059 1243 2088 Conversi.

454 2148 552 2175 Frater
564 2147 711 2175 Johanues
725 2146 761 2176 de
780 2153 879 2177 sancto
898 2147 1038 2178 Amando.
1237 2147 1383 2176 <Iohannes
1396 2148 1498 2176 Raves.

456 2195 612 2224 Rutherus.
1238 2196 1384 2224 ,Iohannes
1399 2195 1435 2224 de
1450 2197 1557 2224 Furno-

457 2245 539 2283 Hugo
554 2244 590 2272 de
605 2246 712 2273 Duaco.
1321 2244 1459 2283 (Summa
1475 2244 1527 2283 V.)

644 2365 832 2400 Commotio
853 2372 977 2400 contra
997 2367 1157 2401 abbatem
1181 2365 1382 2401 Iohannem
1409 2365 1699 2412 Carpemarium.

466 2469 669 2505 Notandum
684 2471 783 2518 quod
798 2472 832 2505 in
847 2472 963 2518 primo
977 2485 1070 2507 anno
1084 2473 1302 2519 probationis
1317 2485 1428 2516 meae,
1440 2470 1602 2506 videlicet
1615 2472 1651 2506 in
1667 2482 1760 2505 anno
1773 2469 1864 2505 MCC
1878 2482 1934 2506 oc-
