2137 3131
407 375 476 408 920
1012 360 1298 397 APPENDICES.

405 489 442 509 ost
459 491 574 508 annexa.
587 476 773 505 defraudando
787 474 909 501 eumdem
922 477 1045 506 tempore
1057 469 1185 505 pupillari
1197 468 1306 494 laeserit
1325 476 1438 504 quoquo
1453 467 1543 500 m0d0‚
1556 468 1582 493 in
1597 466 1823 494 refocillationem
1832 467 1916 502 hujus

404 529 527 555 laesionis
539 524 732 562 quinquaginta
749 522 832 548 libras
846 520 1015 546 lovanienses
1027 517 1149 553 plenarie
1160 515 1309 551 persolvet,
1323 515 1406 542 certis
1420 515 1543 541 terminis
1555 514 1685 541 solutioni
1698 515 1848 550 deputatis,
1863 516 1917 542 sci-

404 578 463 603 licet
482 575 548 601 inl'ra
563 572 725 608 quindenam
742 579 755 595 a
771 569 814 595 (lie
833 565 1024 603 publicationis
1039 564 1145 590 arbitrii
1167 563 1262 599 viginti
1278 563 1361 588 libras
1376 562 1546 588 flandrenses
1565 572 1698 589 novorum
1709 584 1717 595 7
1732 567 1760 589 et
1774 562 1914 589 residuum

403 625 427 649 in
440 624 504 648 sesto
517 620 586 646 beati
602 617 711 652 Remigii
724 614 838 650 hyemali
851 614 923 639 dicto
938 611 1072 638 Willelmo
1084 620 1097 636 a
1110 610 1182 636 dicta
1193 609 1305 636 ecclesia
1317 609 1439 635 totaliter
1450 609 1634 644 persolvetur,
1652 609 1704 635 hoc
1716 610 1826 644 proviso
1838 609 1913 644 quod

403 675 464 694 ante
479 666 687 703 persolutionem
702 663 789 689 dietae
808 661 938 696 pecuniae
952 659 1041 684 (lictus
1060 657 1213 683 willelmus
1227 661 1398 692 praesentem
1414 661 1517 682 cartam
1531 666 1546 682 a
1561 666 1603 682 me
1616 656 1746 693 sigillari,
1763 661 1791 683 et
1803 666 1915 683 assensu

403 725 459 741 meo
471 712 574 750 placido
587 709 733 746 approbari
747 708 803 734 suis
816 707 940 742 expensis
951 705 1069 740 propriis
1082 704 1253 739 procurabit.
1269 703 1353 729 Porro
1368 703 1458 729 dictus
1472 702 1627 729 willelmus
1641 703 1668 729 in
1682 704 1915 739 recompensatio-

403 771 460 786 nein
474 758 643 785 obventionis
660 756 754 790 hujus,
771 760 802 780 ut
812 755 914 780 dictum
929 758 985 785 est,
1001 762 1015 778 a
1029 752 1101 778 dicta
1115 751 1228 778 ecclesia
1242 751 1292 777 sibi
1305 751 1391 776 sactae
1405 750 1578 777 detentiones
1589 756 1617 777 et
1630 752 1814 787 possessiones
1827 751 1916 777 aisen-

401 809 496 833 tiaruni
510 812 534 832 et
550 806 682 831 bonorum
696 803 813 829 omnium
826 801 1028 837 praedictorum
1042 805 1068 825 et
1084 799 1200 825 alioruin
1217 798 1418 834 temporalium,
1435 803 1462 824 et
1475 798 1660 834 spiritualium
1672 809 1743 834 quae
1757 799 1914 835 saepedicta

399 854 509 880 ecclesia
523 853 547 878 in
556 851 674 877 dominio
683 850 716 876 de
725 848 902 884 Ledeberghe
912 846 1190 882 noschurpossidere,
1201 854 1377 880 quocumque
1386 845 1500 871 modoet
1511 850 1606 871 contra
1619 855 1808 882 quoscumque
1819 846 1913 872 eadem

401 901 565 936 acquisierit.
576 908 665 925 corani
677 895 893 923 hominibussuis
905 894 1018 921 feodatis
1029 900 1054 920 et
1063 894 1179 920 scabinis
1189 893 1222 919 de
1235 892 1412 928 Ledebergha
1424 897 1451 918 et
1459 892 1519 918 aliis
1527 893 1581 919 fide
1590 893 1717 929 ‘dignisin
1727 894 1912 920 testimonium

401 957 481 982 snper
496 947 545 972 lioc
560 945 676 972 evocatis
691 944 803 969 inferius
818 942 971 968 subnotatis
985 946 1134 976 spontanea
1147 939 1290 966 voluntate
1305 939 1438 971 laudavit,
1456 940 1619 975 approbavit
1630 945 1657 966 et
1671 941 1842 975 quantumin
1855 942 1914 976 ipsc

400 1000 455 1020 erat
470 993 671 1022 ratihabitione.v
683 990 863 1022 confirmavit,
873 989 948 1015 salvo
959 998 1042 1015 censu
1055 997 1146 1013 annuo
1156 988 1207 1013 sibi
1217 997 1230 1013 a
1240 987 1312 1013 dicta
1323 986 1437 1013 ecclesia
1447 987 1540 1013 debito
1549 997 1581 1013 ex
1593 987 1705 1020 eisdem,
1717 987 1751 1014 de
1761 997 1817 1023 quo
1829 997 1914 1014 censu

400 1043 488 1068 taliter
499 1046 537 1067 est
547 1041 692 1066 discretum
703 1060 709 1066 ,
724 1038 797 1073 qnod
808 1037 841 1063 de
855 1037 932 1063 bonis
941 1036 994 1062 illis
1005 1045 1074 1071 qnae
1086 1035 1149 1061 olim
1164 1034 1257 1061 Obstal
1267 1034 1445 1066 dicebantur,
1459 1035 1587 1070 superius
1600 1035 1746 1071 expressis,
1758 1035 1832 1061 unde
1842 1035 1914 1062 dicta

399 1089 510 1114 ecclesia
529 1087 562 1112 de
577 1085 689 1121 singulis
707 1085 827 1111 bonariis
840 1084 963 1119 quinque
976 1083 1076 1109 solidos
1091 1082 1262 1108 lovanienses
1280 1082 1390 1107 nomine
1402 1082 1485 1107 annui
1499 1091 1597 1108 census
1608 1081 1681 1108 dicto
1700 1082 1837 1109 willelmo
1849 1082 1915 1109 hac-

399 1142 476 1161 tenus
495 1133 664 1169 persolvebat
677 1153 683 1163 ,
699 1132 825 1166 deinceps
838 1131 930 1156 decem
946 1129 1083 1165 persolvet
1097 1129 1184 1155 eidem
1199 1128 1336 1154 Witletmo
1350 1128 1393 1155 vel
1407 1129 1463 1154 suis
1477 1129 1683 1155 successoribus
1694 1150 1700 1161 ,
1716 1130 1799 1155 certis
1813 1134 1915 1165 tempo-

398 1182 473 1208 ribus
484 1181 610 1207 solutioni
623 1180 704 1205 annui
718 1188 815 1205 census
829 1178 1009 1204 communiter
1021 1177 1160 1212 deputatis
1171 1197 1177 1209 ,
1191 1181 1217 1202 et
1228 1176 1260 1202 iis
1276 1176 1412 1202 tammodo
1426 1176 1516 1202 dictus
1529 1176 1684 1202 Wiltetmus
1703 1182 1729 1203 et
1748 1177 1790 1203 sui
1810 1186 1915 1204 sucees-

400 1238 484 1255 sores.
502 1229 547 1263 qni
561 1228 610 1254 sibi
625 1228 650 1253 in
664 1227 782 1252 dominio
798 1226 831 1252 de
846 1225 1025 1261 Ledebergha
1039 1225 1073 1251 de
1084 1225 1148 1258 jure
1163 1225 1361 1257 successerint,
1380 1225 1500 1250 contenti
1518 1224 1617 1250 dictam
1632 1225 1772 1251 ecclesiam
1788 1225 1915 1252 omnibus

400 1277 476 1302 bonis
497 1275 640 1311 praedictis
659 1280 688 1301 ut
702 1275 727 1300 in
747 1283 842 1299 aevum
861 1273 972 1308 pacifica
988 1273 1158 1308 possessione
1175 1272 1353 1308 promittent,
1373 1277 1519 1307 praeterea
1532 1281 1595 1298 cum
1609 1272 1783 1299 collationem
1797 1272 1918 1308 capella·

400 1324 459 1349 niae
474 1323 506 1349 de
527 1322 716 1358 Ledebergba.
730 1331 810 1357 quam
824 1321 911 1347 bonae
925 1321 1071 1347 memoriae
1092 1320 1221 1355 Aegidius
1232 1341 1239 1352 ⁷
1263 1319 1401 1355 quondam
1423 1319 1549 1345 dominus
1567 1320 1601 1345 de
1622 1319 1802 1356 Ledebergba
1813 1341 1820 1349 ,
1835 1324 1914 1355 pater

400 1371 464 1396 dicti
478 1370 602 1395 willelmi
617 1378 698 1405 agens
712 1369 737 1394 in
749 1369 875 1394 extremis
888 1389 894 1399 ,
908 1369 973 1393 etin
989 1368 1084 1393 ultima
1097 1367 1239 1393 voluntate
1253 1366 1420 1392 constitutus
1431 1375 1513 1392 sanae
1528 1367 1624 1392 mentis
1634 1371 1661 1392 et
1676 1376 1787 1402 compos
1798 1367 1840 1393 sui
1851 1376 1912 1393 cum

401 1418 470 1443 omni
483 1418 546 1451 jure
561 1417 633 1452 quod
645 1416 713 1442 idem
730 1415 857 1451 Aegidius
871 1416 896 1440 in
912 1415 983 1440 dicta
997 1414 1146 1450 capellania
1161 1413 1204 1440 vel
1219 1414 1279 1447 ejus
1293 1413 1439 1439 collatione
1453 1413 1571 1439 habebat
1586 1413 1629 1439 vel
1639 1413 1742 1440 babere
1752 1413 1912 1446 videbatur,

400 1464 432 1489 ad
447 1465 549 1489 animae
563 1472 627 1490 suae
639 1462 788 1498 periculum
802 1462 959 1487 evitandum
974 1462 1008 1487 de
1022 1461 1190 1496 prudentum
1205 1461 1327 1486 virorum
1340 1460 1453 1486 consilio
1465 1460 1491 1485 in
1505 1469 1600 1495 puram
1613 1460 1811 1495 eleemosynam
1828 1460 1916 1487 eccle-

398 1512 453 1536 siae
468 1510 612 1536 Ninive-nsi.
628 1519 697 1544 quac
709 1509 754 1542 jus
769 1514 930 1544 patronatus
944 1509 970 1534 in
982 1508 1131 1543 capellania
1147 1507 1243 1533 habuit
1255 1512 1404 1532 memorata
1421 1507 1586 1539 contulerit,
1603 1507 1673 1532 sicut
1688 1506 1813 1533 confecta
1827 1517 1913 1543 super

400 1558 450 1583 linc
466 1557 553 1582 dictae
571 1555 697 1582 ecclesiae
711 1556 823 1582 edocent
838 1556 1018 1581 instrumenta
1031 1576 1037 1587 ,
1052 1561 1078 1580 et
1096 1555 1186 1580 dictus
1204 1553 1359 1580 willelmus
1379 1563 1440 1580 cum
1458 1559 1582 1588 tempore
1598 1553 1728 1589 pupillari
1747 1553 1865 1580 decurso
1879 1555 1912 1581 ad

399 1614 482 1630 annos
498 1604 647 1639 pubertatis
659 1604 823 1633 devenisset,
841 1603 1013 1629 collationem
1032 1603 1119 1628 dictae
1133 1601 1313 1637 capellaniae,
1330 1606 1361 1626 ut
1380 1601 1483 1627 dictum
1502 1606 1560 1632 est,
1575 1601 1664 1627 dictae
1675 1601 1806 1627 ecclesiae
1825 1601 1914 1628 factae

398 1651 483 1677 eidem
496 1650 645 1676 resistendo
657 1650 832 1676 altercatione
845 1650 950 1676 diutina
960 1648 1266 1685 impugnarit.'1'andcm
1281 1648 1449 1674 salutaribus
1464 1649 1573 1674 monitis
1587 1648 1713 1681 eruditis,
1723 1648 1757 1674 ad
1771 1658 1818 1674 cor
1831 1658 1911 1675 suum

399 1699 505 1724 rediens
518 1698 619 1724 salubri
632 1707 697 1723 usus
707 1697 830 1723 consilio.
841 1697 910 1723 idem
923 1697 1077 1723 Witletmus
1088 1697 1114 1722 in
1123 1696 1273 1722 remedium
1282 1696 1388 1721 animae
1401 1704 1467 1722 suae
1478 1700 1505 1721 et
1516 1696 1621 1721 animae
1632 1695 1698 1721 dicti
1708 1695 1813 1732 Aegidii
1825 1705 1914 1731 quon-

400 1746 458 1771 dam
470 1746 554 1781 patris
567 1746 619 1772 sui.
633 1745 829 1780 eleemosynam
844 1745 996 1771 collationis
1008 1745 1096 1770 dictae
1108 1744 1275 1779 capellaniae
1289 1744 1378 1769 dictae
1389 1743 1519 1769 ecclesiae
1531 1764 1538 1775 ,
1554 1748 1585 1768 ut
1597 1743 1700 1769 dictum
1715 1749 1756 1769 est
1770 1743 1914 1778 superius,

398 1794 447 1818 rite
465 1793 559 1817 tactam
575 1802 624 1818 suo
644 1802 775 1818 consensu
787 1792 909 1818 adhibito
925 1792 1105 1827 approbavit,
1119 1797 1233 1829 etomne
1243 1791 1303 1825 jus,
1319 1791 1340 1816 si
1355 1790 1420 1826 quid
1438 1791 1464 1816 in
1479 1790 1551 1816 dicta
1563 1790 1714 1825 capellania
1725 1800 1774 1816 seu
1787 1791 1847 1825 ejus
1857 1791 1914 1817 col-

400 1840 499 1865 latione
513 1839 601 1865 dictus
616 1839 770 1865 Willelmus
785 1839 903 1865 habebat
918 1839 961 1865 vel
976 1839 1078 1865 habere
1092 1843 1217 1874 poterat.
1232 1838 1283 1864 boc
1295 1843 1381 1863 totum
1396 1838 1422 1863 in
1438 1847 1533 1872 puram
1547 1842 1575 1863 et
1588 1842 1750 1872 perpetuam
1763 1837 1914 1873 eleemosy-

399 1896 458 1912 nam
483 1888 597 1912 oss'erens
623 1886 708 1912 libera
731 1886 871 1912 voluntate
896 1896 980 1921 super
1001 1886 1087 1912 altare
1109 1886 1180 1911 beati
1204 1885 1348 1921 Gangerici
1371 1885 1397 1910 iu
1418 1884 1531 1910 ecclesia
1551 1884 1585 1910 de
1606 1884 1723 1910 l'amella
1746 1884 1780 1910 ad
1798 1894 1868 1920 opus
1886 1891 1914 1912 et

400 1934 542 1959 utilitatem
555 1934 642 1959 dictae
651 1934 779 1960 ecclesiae
791 1934 942 1960 Ninircnsis
955 1944 1016 1960 cum
1026 1933 1175 1960 effestucali
1187 1933 1347 1968 werpitione
1361 1942 1440 1958 manu
1458 1933 1569 1968 propria
1582 1933 1750 1968 reportavit,
1763 1932 1831 1959 nihil
1840 1933 1914 1967 juris

398 1981 447 2005 sibi
463 1990 511 2006 seu
531 1981 646 2015 posteris
659 1981 715 2006 suis
729 1982 754 2006 in
774 1981 843 2007 dicta
862 1982 1012 2016 capellania
1025 1981 1067 2007 vel
1087 1981 1146 2015 ejus
1159 1980 1304 2007 collatione
1319 1981 1428 2015 penitus
1442 1989 1598 2013 reservans,
1620 1980 1668 2006 sed
1684 1981 1710 2006 in
1724 1980 1826 2006 eisdem
1840 1981 1913 2007 omni

400 2037 510 2061 prorsus
524 2028 684 2053 renuntians
692 2027 750 2061 juri
763 2037 812 2053 suo
823 2049 829 2054 .
845 2028 918 2054 unde
930 2029 1020 2054 dictus
1034 2028 1188 2054 Willelmus
1200 2028 1254 2054 side
1267 2033 1292 2053 et
1303 2028 1461 2061 juramento
1473 2027 1641 2062 interpositis
1651 2032 1726 2053 certa
1736 2027 1914 2062 stipulatione

400 2075 521 2108 promisit
536 2074 608 2109 quod
623 2083 795 2109 nequaquam
808 2084 858 2110 per
871 2085 899 2101 se
911 2075 952 2101 vel
968 2085 1017 2110 per
1030 2075 1097 2101 alios
1111 2084 1196 2110 super
1209 2075 1380 2110 possessione
1393 2074 1504 2109 pacifica
1516 2074 1605 2100 dictae
1618 2073 1801 2109 capellaniae,
1815 2075 1858 2101 vel
1871 2085 1916 2102 re—

399 2131 456 2146 rum
479 2121 512 2146 ad
526 2121 645 2147 eamdem
661 2122 840 2156 spectantium
859 2122 893 2147 de
907 2128 1015 2148 caetero
1029 2123 1128 2148 dietam
1143 2122 1283 2148 ecclesiam
1299 2121 1473 2153 molestabit,
1488 2122 1535 2147 sed
1547 2121 1618 2147 bona
1630 2121 1683 2147 side
1694 2121 1815 2147 eamdem
1828 2122 1916 2149 ecele—

397 2169 460 2193 siam
475 2173 568 2193 contra
591 2169 748 2194 turbatores
762 2178 950 2204 quoscumque
964 2170 1046 2203 hujus
1060 2170 1224 2205 tranquillae
1240 2170 1428 2205 possessionis,
1440 2174 1574 2204 quantum
1592 2169 1619 2194 in
1637 2169 1696 2204 ipso
1710 2170 1778 2200 erit,
1796 2170 1912 2196 tuitione

400 2215 490 2240 debita
504 2214 666 2240 defensabit.
685 2215 718 2241 [t
735 2220 824 2241 autem
840 2216 991 2251 praelibata
1003 2218 1092 2242 omnia
1105 2216 1265 2242 inconvulsa
1279 2221 1457 2251 permaneant
1474 2217 1499 2241 in
1513 2216 1637 2242 futurum
1647 2236 1654 2246 ,
1672 2215 1706 2241 ad
1721 2225 1817 2250 preces
1831 2221 1860 2243 et
1873 2217 1914 2243 in—

399 2262 522 2286 stantiam
534 2261 598 2286 dicti
611 2262 734 2287 Wittetmi
745 2268 914 2297 praesentem
924 2268 1035 2295 cartam,
1048 2274 1129 2299 quam
1138 2270 1224 2289 ratam
1236 2263 1324 2289 babeo
1333 2269 1359 2289 et
1371 2264 1514 2294 confirmo,
1529 2263 1618 2289 dictae
1632 2262 1762 2289 ecclesiae
1775 2263 1913 2290 Ninivensi

399 2308 514 2339 contuli,
533 2308 612 2343 sigilli
626 2310 677 2334 mei
692 2310 858 2344 appensione
872 2312 1018 2336 munitam.
1035 2312 1079 2336 cui
1092 2312 1171 2337 etiam
1185 2317 1276 2337 cartae
1288 2311 1378 2337 dictus
1393 2311 1417 2336 Nl
1429 2311 1545 2337 illelmus
1562 2311 1681 2347 sigillum
1699 2321 1778 2338 suum
1791 2317 1913 2347 apponet.

399 2355 430 2378 ad
456 2355 563 2387 majoris
577 2355 684 2380 roboris
700 2356 866 2382 firmitatem.
884 2357 978 2383 Testes
997 2358 1044 2392 qui
1060 2358 1251 2393 praesentibus
1264 2359 1452 2384 imm-suerunt
1470 2359 1559 2394 rogati
1574 2368 1581 2384 :
1600 2359 1730 2395 Aegidius
1746 2359 1780 2385 de
1792 2358 1910 2390 Rideve⁷

401 2401 486 2429 miles,
505 2401 528 2425 Nl
539 2401 642 2426 atu-rus
652 2402 685 2427 de
697 2402 845 2437 Lapidibus
855 2424 861 2429 .
875 2404 900 2428 u
912 2404 1030 2430 illelmus
1041 2405 1075 2431 de
1087 2405 1169 2431 Potte
1179 2426 1186 2430 .
1203 2405 1326 2431 homines
1340 2405 1440 2431 feodati
1453 2405 1517 2431 dicti
1531 2405 1659 2432 willelmi
1671 2406 1705 2432 de
1716 2405 1909 2442 Ledebergl133

403 2447 425 2471 Ὃ
437 2447 538 2472 alteros
548 2468 554 2477 ,
570 2447 658 2473 dictus
673 2448 802 2474 Cardena!
815 2470 820 2475 .
837 2450 970 2476 Ilenricus
983 2452 1115 2487 Illmcolf.
1132 2452 1156 2476 u
1168 2452 1271 2477 alteros
1281 2473 1287 2478 .
1304 2453 1417 2478 maritus
1428 2452 1541 2478 Adelae.
1557 2453 1659 2478 scabini
1670 2453 1704 2479 de
1716 2452 1910 2488 Ledebergha3

400 2494 538 2528 lteynerus
550 2515 556 2525 ,
572 2495 691 2521 decanus
706 2496 739 2522 de
751 2496 967 2531 Geraldimonte,
982 2499 1161 2534 quisimititer
1175 2499 1292 2535 sigillum
1307 2508 1387 2525 suum
1402 2500 1540 2534 praesenti
1554 2505 1646 2526 cartae
1659 2500 1787 2536 apposuit
1799 2499 1827 2525 in
1839 2499 1914 2526 testi-
