2137 3131
470 368 539 402 376

807 363 981 399 CORPUS
1007 359 1337 397 CHRONICORUM
1366 358 1631 394 FLANDRIAE.

884 471 923 503 Et
942 470 1010 503 hoc
1029 481 1101 501 non
1121 466 1313 501 concordat
1330 467 1441 507 Deus„

880 528 971 569 Quia
990 539 1061 560 non
1080 532 1131 559 est
1150 526 1307 559 rationis.

881 585 1064 631 Inquirere
1083 584 1127 618 de
1143 584 1302 630 personis

792 646 801 662 r
834 644 852 652 .,

783 645 854 679 49.)
882 644 1018 677 Debent
1037 649 1071 676 et
1089 642 1132 676 de
1152 643 1311 684 natione7

881 703 979 744 Quae
998 709 1031 736 et
1052 702 1172 748 quales
1191 702 1261 734 sint
1279 712 1461 747 personae.

880 760 1057 795 Fundatae
1076 766 1157 793 sunt
1176 759 1340 793 eeclesiae

882 822 997 867 Atque
1015 832 1138 853 omnes
1157 819 1364 865 parrochiae
1379 846 1386 861 e

883 879 1012 913 Omnia
1029 878 1241 912 coemeteria

786 938 855 974 500
883 938 1050 972 Similiter
1067 944 1102 971 et
1119 938 1206 971 atria

883 999 908 1032 A
928 998 1009 1031 viris
1025 997 1243 1043 sapientibus

884 1056 1020 1090 Nostris
1039 1054 1369 1101 praedecessoribus
1378 1081 1386 1097 7

884 1115 1012 1148 Amicis
1031 1121 1138 1160 atque
1157 1114 1387 1160 propinquis7

885 1174 933 1207 De
951 1173 1138 1207 devotione
1160 1173 1284 1215 motis„

788 1232 858 1267 505
886 1232 941 1266 Sic
960 1231 1091 1265 debent
1110 1231 1211 1264 nobis
1230 1231 1397 1276 compati.

884 1290 983 1324 Certe
1002 1290 1081 1336 plus
1100 1302 1171 1323 non
1191 1288 1297 1322 debet
1314 1289 1385 1334 pati

886 1349 976 1383 Illud
995 1348 1093 1395 quod
1111 1355 1163 1381 est
1182 1347 1388 1381 ordinatum

885 1409 938 1442 Ab
956 1409 1006 1441 eis
1024 1414 1058 1441 et
1076 1406 1351 1447 concordatum7

885 1467 976 1500 Nam
993 1478 1065 1499 non
1085 1472 1184 1499 erant
1202 1463 1387 1498 benedicta

792 1526 860 1561 510
888 1526 1102 1560 Coemeteria
1121 1524 1316 1571 praedicta.

888 1586 954 1619 Ubi
973 1585 1098 1618 volunt
1115 1583 1253 1630 sepeliri

888 1643 959 1677 Nos
978 1654 1100 1676 omnes
1118 1648 1224 1687 atque
1243 1640 1393 1686 portarii

889 1702 1059 1735 Personas
1078 1713 1150 1734 non
1169 1699 1419 1733 discernentes.

888 1761 957 1794 Sed
976 1760 1064 1807 quid
1082 1759 1207 1793 volunt
1224 1758 1391 1791 facientes

792 1819 862 1854 2515
888 1819 961 1852 Hoc
979 1824 1101 1853 eontra
1121 1816 1342 1864 privilegium

889 1878 1099 1912 Nostrorum
1118 1883 1212 1910 certe
1231 1874 1414 1909 omnium?

889 1937 1039 1983 Oportet
1058 1935 1153 1969 aliud
1173 1935 1234 1968 fiat

889 1998 942 2030 An
961 1996 1112 2042 quisque
1130 2007 1166 2028 se
1185 1992 1372 2027 custodiat.
1394 2008 1412 2023 υ

889 2055 959 2088 Ista
977 2060 1012 2087 et
1028 2054 1084 2087 his
1102 2052 1228 2086 similia

795 2113 864 2148 520
891 2112 1138 2147 Murmurabat
1156 2110 1375 2151 communia,

891 2172 931 2205 In
951 2169 1171 2205 iracundiam
1191 2170 1277 2202 moti
1291 2195 1299 2211 ,

892 2231 934 2264 Et
953 2230 1107 2264 multum
1127 2235 1227 2263 erant
1243 2227 1426 2262 commoti.

942 2348 1202 2382 Gubernatores
1220 2345 1367 2379 scientes

891 2406 998 2447 Quod
1018 2407 1067 2440 sic
1087 2411 1187 2439 erant
1204 2409 1467 2438 murmurantes
1479 2429 1488 2445 ·,

795 2464 868 2501 5925
893 2465 935 2499 Et
952 2465 1051 2512 quod
1069 2477 1140 2499 non
1159 2463 1401 2510 percipiebant
