2118 3184
559 409 707 443 ennox
716 409 782 443 tm
812 409 1133 444 'witlzxtctixsls
1532 410 1600 444 2327

97 515 344 549 Verumtamen
371 517 523 562 antiquis
547 515 713 550 aediliciis
739 516 829 549 illaui
860 517 1002 549 minime
1031 517 1259 563 aequiparare
1282 523 1495 562 potueruut7
1522 517 1603 562 quia

96 574 151 607 illa
171 587 189 608 a
207 575 347 622 regibus
366 575 535 608 romanis.
554 574 737 608 thesauros
752 581 786 607 et
800 581 962 620 sumptus
981 575 1140 621 copiosos
1160 574 1418 621 possidentibus
1431 602 1439 617 a
1456 573 1603 609 fundata

96 639 206 666 erant.
230 633 286 666 Isti
308 645 388 666 vero
411 645 552 678 prorsus
571 633 657 666 nihil
678 633 864 666 habentes.
887 634 1018 679 quippe
1037 634 1097 679 qui
1119 633 1358 667 haereditariis
1377 634 1605 680 possessioni-

98 690 163 724 bus
178 690 519 733 exhaeredatieraut7
537 703 606 723 uon
621 690 735 723 solun]
751 691 842 724 illain
858 691 1024 736 ampliare
1035 718 1043 733 .,
1061 690 1121 724 sed
1136 703 1199 725 nec
1214 691 1258 725 ad
1270 691 1457 737 pristinum
1473 698 1603 725 statum

97 748 550 796 potueruutredintegrare.
564 749 663 782 'l'unc
677 761 822 795 quoque
839 749 944 795 aliqui
960 762 1000 782 ex
1016 750 1108 783 clero
1123 750 1158 782 B.
1173 749 1314 792 Mariae,
1333 751 1368 783 iu
1384 762 1500 783 arcein
1511 750 1604 795 ejus-

97 805 178 839 dem
197 807 344 840 civitatis
371 813 477 852 atque
498 806 588 839 sedis
607 807 812 852 episcopalis
830 807 931 849 sitae.
958 806 1001 840 ad
1021 807 1161 853 propria
1188 814 1411 851 remearunt„
1432 808 1605 853 supellec-

98 864 193 898 tilem
212 877 310 899 suain
329 878 436 912 quam
454 866 519 898 sibi
538 866 571 898 in
593 866 873 913 peregrinatione
893 866 1020 899 sociaui
1042 866 1194 899 feceram
1211 866 1415 909 referentes7
1436 866 1480 899 dc
1500 878 1570 912 qua
1587 878 1605 899 a

97 922 390 957 Noviomcnsibus
414 924 513 969 plura
537 924 650 957 ablata
677 930 709 957 et
742 923 905 969 dissipata
935 924 1040 957 fuisse
1067 936 1178 970 usquc
1208 925 1241 957 in
1269 923 1482 958 hodiernum
1510 923 1604 957 diem

97 988 378 1028 conqueruntur.
402 982 470 1022 Qui
495 994 576 1016 cum
604 982 786 1015 rediissent
809 989 838 1015 et
861 981 1027 1027 dissipata
1050 989 1176 1016 cuncta
1201 983 1429 1028 reperissent,
1455 995 1525 1016 non
1551 995 1608 1016 re-

95 1040 292 1086 quisierunt
308 1041 451 1074 viriliter
469 1041 702 1087 possessiones
715 1053 794 1074 suas
813 1053 926 1087 neque
946 1047 1179 1075 restaurantes
1197 1042 1314 1074 ruinas
1333 1054 1453 1075 earum
1474 1041 1607 1075 releva-

95 1104 235 1132 verunt.
251 1099 405 1132 Fuerunt
418 1099 510 1132 euim
520 1099 800 1145 contemptibiles
815 1111 982 1144 personae
996 1111 1123 1146 genere
1142 1099 1325 1147 ignobiles7
1344 1100 1471 1133 virtute
1488 1100 1606 1133 omni-

98 1155 292 1202 potentes¹7
318 1163 351 1190 et
371 1169 440 1190 non
461 1164 653 1203 potuerunt
675 1157 832 1190 resistere
846 1157 936 1190 bona
951 1168 1012 1189 sua
1031 1156 1291 1202 diripientibus.
1314 1157 1505 1191 Praedictis
1524 1170 1606 1191 vero

96 1222 250 1262 quatuor
265 1216 466 1262 potentibus
485 1222 519 1249 et
533 1216 653 1249 incolis
667 1216 728 1261 qui
743 1215 845 1248 simul
862 1215 1058 1256 redierunt,
1081 1215 1153 1248 illas
1173 1214 1337 1249 invadere
1347 1216 1601 1261 permiserunt„

97 1274 241 1321 aliquod
255 1275 393 1308 lucrum
409 1275 459 1307 vel
478 1274 706 1308 commodum
725 1273 819 1307 idem
833 1273 1059 1318 accipientes.
1077 1273 1171 1306 unde
1189 1280 1405 1319 praesentem
1423 1275 1604 1320 penuriau‘i

96 1333 301 1367 relevarent.
320 1332 503 1373 Quaedam
517 1345 598 1366 vero
613 1332 781 1365 beneficia
797 1331 1028 1365 haereditarie
1041 1331 1086 1365 ad
1102 1331 1280 1365 redditum
1295 1332 1485 1375 dederunt,
1503 1334 1604 1366 sicuti

97 1398 180 1426 suut
198 1390 396 1425 molendina
417 1391 561 1425 W‘alteri
578 1390 721 1434 Btondi.
743 1402 807 1436 pro
825 1390 956 1436 quibus
974 1390 1119 1437 singulis
1136 1391 1235 1424 annis
1250 1403 1315 1424 xxx
1335 1391 1436 1425 solidi
1456 1392 1504 1425 eis
1524 1404 1607 1437 per-

100 1451 296 1485 solvuntur.
328 1450 520 1483 Nonnullas
545 1461 690 1496 quoque
716 1456 824 1482 terras
851 1448 996 1482 arabiles
1021 1448 1107 1482 citra
1133 1449 1333 1482 Tot-uacum
1352 1450 1472 1483 rustici
1499 1449 1542 1482 de
1561 1449 1608 1482 eis

98 1515 236 1552 tenent,
257 1521 409 1555 quarum
427 1509 577 1556 terragia
595 1515 629 1542 et
647 1507 805 1541 redditus
824 1519 886 1553 per
904 1506 1057 1554 singulas
1076 1507 1293 1553 praebendas
1312 1508 1490 1542 distributi
1510 1514 1603 1541 snut.

101 1567 173 1602 Nec
197 1568 263 1601 isto
286 1565 393 1600 modo
411 1566 636 1600 exhaeredari
654 1566 833 1600 ecclesiam
852 1565 1061 1608 doluerunt„
1091 1565 1152 1599 sed
1171 1566 1311 1599 sibimet
1329 1566 1412 1612 ipsis
1438 1565 1606 1600 duntaxat

101 1625 337 1673 providenteS‚
354 1637 496 1659 omnem
514 1631 643 1658 terram
657 1624 982 1670 supranominatam
998 1624 1089 1657 inter
1102 1623 1184 1657 Rz'es
1205 1631 1239 1657 et
1254 1624 1401 1658 Mairam
1415 1625 1605 1670 jacentem.

100 1683 301 1718 molendina
321 1695 464 1729 quoque
484 1682 597 1717 Scaldi
616 1681 920 1728 disperdiderunt,
941 1681 988 1714 ita
1008 1688 1047 1714 ut
1063 1681 1108 1715 de
1126 1681 1180 1715 his
1199 1682 1363 1716 omnibus
1382 1694 1472 1729 quae
1491 1694 1609 1728 quon-

101 1742 182 1777 dam
200 1755 241 1777 ex
259 1743 397 1790 integro
417 1754 479 1775 sua
495 1742 657 1785 fuerunt‚
678 1740 785 1774 modo
802 1752 873 1773 non
892 1740 956 1773 nisi
973 1740 1194 1786 parvissimos
1213 1753 1337 1774 census
1352 1741 1517 1774 habeant.
1540 1740 1608 1774 Sed

101 1801 229 1836 civium
263 1800 549 1846 repatriationem
580 1805 832 1846 prosequentes
860 1811 879 1832 a
905 1798 1161 1832 calamitatibus
1195 1805 1355 1832 nostruin
1391 1799 1528 1847 longius
1553 1798 1610 1832 di-

102 1859 211 1908 gressi
238 1870 377 1901 sumus7
403 1857 587 1891 redeamus
612 1870 697 1905 ergo
722 1856 766 1890 ad
788 1857 901 1902 ipsos7
928 1856 1064 1901 expleto
1094 1856 1228 1901 prolixo
1254 1857 1378 1890 itinere
1402 1857 1552 1899 civium7
1576 1863 1611 1890 et

102 1917 190 1965 quid
204 1917 340 1965 egerint
356 1923 512 1950 cessante
530 1916 773 1963 persecutione
788 1915 993 1949 referamus.
1014 1914 1114 1948 Justo
1132 1915 1193 1949 Dei
1207 1915 1342 1961 judicio
1357 1915 1608 1949 desolationem

104 1975 251 2010 civitatis
269 1982 304 2009 et
327 1975 393 2009 loci
413 1974 578 2009 accidisse
603 1975 867 2016 intellexerunt,
896 1980 1113 2019 quapropter
1136 1985 1217 2007 cum
1241 1974 1320 2008 filiis
1343 1975 1403 2008 Dei
1430 1975 1547 2020 potius
1575 1987 1610 2008 se

103 2034 270 2068 macerari
289 2034 528 2080 temporaliter
546 2032 682 2081 flagello
705 2039 869 2079 paternae
887 2032 1123 2077 corruptionis
1147 2032 1327 2080 eligentes„
1348 2044 1455 2078 quam
1474 2033 1611 2078 suppli-

103 2093 164 2127 ciis
190 2092 352 2138 deputari
376 2092 526 2126 aeternis
543 2091 679 2137 judicio
705 2090 882 2125 districtae
908 2090 1172 2123 examinationis
1194 2103 1200 2122 :
1223 2090 1309 2124 illud
1333 2090 1513 2124 oraculum
1533 2102 1611 2136 pro-

103 2151 285 2198 pheticum
310 2163 372 2197 per
397 2163 508 2184 annos
534 2150 797 2198 promulgatum
824 2149 861 2182 in
887 2148 1124 2182 consolatione
1150 2161 1230 2191 sua,
1260 2149 1360 2195 quasi
1383 2149 1448 2182 sibi
1474 2147 1608 2181 dictum

102 2215 367 2256 reputaverunt.
392 2207 654 2242 Tantummodo
673 2220 733 2241 vos
752 2207 900 2255 cognovi
913 2233 921 2249 7
943 2205 1029 2240 dicit
1048 2207 1238 2250 Dominus,
1260 2219 1299 2240 ex
1319 2206 1484 2240 omnibus
1502 2206 1611 2239 natio-

104 2267 209 2301 nibus
224 2273 355 2309 terrae.
373 2266 504 2300 idcirco
519 2267 650 2300 visitavi
664 2278 770 2312 super
782 2278 843 2299 vos
856 2277 978 2299 omnes
997 2265 1198 2311 iniquitates
1212 2272 1341 2299 vestras
1354 2279 1362 2307 ς
1384 2271 1419 2299 et
1434 2265 1611 2299 Johannes

104 2327 142 2360 in
161 2325 390 2372 Apocalypso.
417 2339 434 2355 «
453 2325 524 2373 Ego
539 2337 628 2371 quos
642 2337 722 2359 amo
734 2352 742 2368 a
763 2331 829 2358 etc.
853 2339 871 2356 »
894 2323 1033 2365 Quibus
1046 2323 1348 2358 exhortationibus
1363 2324 1505 2357 animati
1520 2336 1561 2357 eo
1576 2336 1612 2357 se

105 2383 195 2417 filios
215 2383 275 2417 Dei
296 2395 368 2417 esse
386 2390 587 2427 senserunt,
609 2384 691 2430 quia
710 2383 785 2417 illos
805 2395 866 2428 per
893 2382 1144 2428 persecutionis
1161 2382 1296 2431 flagella
1315 2383 1518 2431 castigabat.
1540 2382 1611 2416 Nisi

145 2521 150 2538 ¹
173 2521 253 2548 Forte
266 2521 411 2558 legendum
425 2523 586 2557 impotentes.
