2118 3184
394 436 447 470 CH
454 435 655 471 RONICON
684 435 896 470 BALDUINI
924 434 1226 470 NINOVIENSIS.
1492 432 1560 468 6:59

51 543 144 577 solus
158 544 307 590 imperat
327 545 427 578 annis
442 544 487 589 vj.
509 544 570 577 Hic
589 543 689 577 duxit
709 544 743 577 in
762 555 907 576 uxorem
927 543 1033 577 filiam
1052 542 1166 576 Karoli
1194 569 1201 582 ,
1223 543 1313 590 regis
1331 542 1558 576 Francorum.

52 601 198 635 Karolus
219 603 321 648 plane
342 615 424 636 cum
449 601 677 635 Constantino
700 600 1088 647 Constantinopolitano
1112 601 1322 647 imperatore
1343 598 1561 633 Jherusalem

51 658 256 693 Christianis
274 661 443 693 restituit:
461 659 521 693 scd
540 659 641 705 cujus
659 659 838 704 apostolici
859 666 1016 705 tempore
1032 659 1099 692 lioc
1119 659 1244 701 fuerit,
1262 671 1374 705 quum
1393 657 1437 691 ad
1458 669 1561 703 prae.-

52 730 130 751 sens
149 719 257 764 ipsius
276 718 458 752 historiam
478 730 549 751 non
569 717 736 751 discussi.
766 717 992 751 indiffinitum
1015 718 1174 763 relinquo
1200 731 1206 750 z
1233 717 1301 751 hoc
1324 723 1439 751 tanicn
1458 727 1562 749 ausus

50 777 258 811 subnectere
275 776 374 823 quod
393 789 474 811 cum
495 775 724 810 Constantino
744 783 899 809 sanctam
919 776 1093 809 civitatem
1114 775 1158 809 de
1177 782 1280 823 gente
1303 788 1373 809 non
1392 781 1510 809 sancta
1526 774 1564 808 li-

51 834 203 869 beravit:
219 841 326 881 atque
340 835 384 869 ab
397 834 522 869 eodem
538 834 767 868 Constantino
784 840 943 880 acceptas
956 833 1082 867 detulit
1098 834 1131 867 in
1150 834 1326 868 Franciam
1347 831 1562 867 venerandas

52 892 216 939 reliquias
234 906 240 925 :
257 892 420 927 videlicet
439 905 551 926 unum
566 893 702 926 clavum
722 899 757 926 et
774 891 956 926 sudarium
974 893 1133 934 Dounini.v
1156 892 1309 925 frustum
1327 891 1457 934 crucis7
1475 891 1562 924 intc-

52 951 164 985 rulam
185 951 306 986 beatae
326 952 472 995 Mariae7
493 959 527 985 ct
545 952 755 985 cinctorium
771 951 936 985 cunabuli
949 978 956 984 .
976 957 1010 984 et
1031 951 1217 984 brachium
1236 950 1439 997 Symeonis,
1462 956 1496 983 et
1515 949 1560 983 de
1584 994 1588 998 .

53 1021 184 1044 corona
198 1009 326 1044 Christi
345 1011 402 1056 viij
423 1010 540 1056 spinas
554 1022 635 1044 curn
653 1010 779 1043 robore
793 1022 856 1043 suo
870 1037 878 1045 ,
899 1022 989 1055 quac
1004 1009 1039 1042 in
1053 1021 1115 1042 sua
1135 1010 1328 1055 praesentia
1348 1008 1558 1050 ssoruerunt‚

50 1066 226 1115 floresque
241 1070 344 1115 positi
360 1070 395 1103 in
410 1069 598 1115 cyrothcca
617 1081 678 1102 sua
694 1069 730 1102 in
749 1075 828 1102 aere
842 1068 1048 1101 mirabiliter
1066 1067 1260 1114 pendente7
1283 1068 1318 1101 in
1335 1080 1461 1101 manna
1476 1080 1561 1113 pro-

51 1126 146 1161 tinus
165 1128 373 1162 miraculose
387 1128 544 1162 conversi
558 1134 660 1161 sunt.
683 1128 900 1173 infinitisque
919 1127 955 1160 in
974 1127 1049 1172 ipso
1069 1126 1186 1160 reditu
1203 1127 1367 1161 exhibitis
1386 1126 1562 1160 miraculis

53 1196 136 1219 cum
149 1186 261 1234 gloria
276 1199 434 1220 reversus
448 1193 512 1220 est.
530 1186 715 1232 Pippinus7
733 1185 847 1219 Karoli
859 1197 899 1218 ex
912 1185 1111 1218 concubina
1127 1184 1239 1228 filius,
1255 1185 1363 1232 gibbo
1378 1184 1560 1226 deformis,

51 1250 173 1278 contra
187 1251 323 1290 patrem
343 1245 543 1291 conjurasse.
565 1245 766 1287 convictus?
787 1250 1003 1286 tonsuratum
1026 1242 1258 1288 eomplicibus
1278 1243 1329 1276 vei
1345 1243 1490 1276 exiliatis
1510 1242 1562 1276 vel

54 1303 258 1349 peremptis.

102 1360 271 1395 Feliciana
289 1361 441 1395 haeresis
464 1361 500 1394 in
520 1360 716 1406 praesentia
735 1359 878 1394 Adriani
899 1371 1009 1405 papae
1028 1358 1232 1402 abdicatur7
1258 1372 1348 1405 quae
1367 1359 1563 1393 affirmabat

53 1417 232 1452 Christum
247 1419 283 1453 in
297 1419 415 1453 divina
430 1426 555 1453 natura
575 1431 696 1452 verum
717 1419 829 1452 Deum
844 1430 916 1451 esse
931 1424 966 1451 et
978 1430 1101 1451 verum
1121 1417 1232 1451 filium
1253 1418 1313 1451 Dei
1327 1445 1334 1460 ‚
1356 1418 1393 1451 in
1407 1418 1563 1451 humana

52 1478 333 1524 nuncupativum
361 1479 472 1512 Deum
497 1484 532 1511 et
553 1477 761 1524 adoptivum
786 1477 899 1511 filium
926 1477 1008 1520 Dei,
1034 1489 1162 1523 nempe
1187 1489 1295 1510 unam
1322 1488 1506 1522 personam
1528 1477 1561 1509 in

53 1534 141 1570 duas
155 1535 333 1570 dividebat
346 1564 355 1580 ,Ι
372 1537 503 1570 scilicet
516 1537 588 1570 veri
603 1536 665 1570 Dei
680 1542 715 1569 et
732 1535 901 1582 adoptivi.
920 1535 1094 1569 Adrianus
1113 1547 1203 1581 papa
1220 1536 1444 1569 investituras
1457 1535 1564 1569 eccle-

53 1594 184 1628 siarum
197 1594 322 1630 Carolo
340 1595 486 1644 Magno7
504 1595 605 1640 cujus
625 1595 764 1628 animus
782 1594 949 1628 adversus
966 1595 1146 1628 avaritiam
1162 1594 1231 1628 fuit
1250 1595 1399 1628 invictus
1411 1621 1419 1637 7
1439 1594 1562 1628 laudm

53 1652 169 1687 bz'liter
181 1652 192 1674 ¹
217 1653 388 1688 concessit
401 1681 409 1697 ·„
435 1660 473 1687 ut
492 1653 609 1687 nullus
629 1654 761 1687 electus
780 1659 1045 1687 consecraretur
1067 1653 1111 1686 ab
1130 1652 1315 1699 episcopo,
1340 1653 1405 1686 nisi
1425 1653 1523 1699 prius
1541 1666 1560 1686 a

55 1724 138 1760 rege
155 1712 384 1761 insigniretur
401 1719 436 1746 et
451 1712 583 1747 annulo
600 1719 634 1746 et
648 1712 775 1746 baculo
789 1711 815 1745 2.

106 1772 206 1804 Anno
226 1770 414 1815 DCCXCV„
436 1771 582 1805 Karolus
602 1783 660 1804 rex
679 1771 849 1804 exstruxit
862 1770 1072 1818 Aquisgrani
1088 1770 1266 1804 basilicam
1285 1768 1466 1803 mirandae
1482 1768 1564 1814 pul-

55 1828 279 1863 chritudinis.
302 1828 428 1863 Sancta
453 1829 658 1877 Amelberga
675 1829 774 1877 virgo
786 1856 794 1872 7
815 1829 916 1874 cujus
935 1829 1062 1862 amitae
1080 1828 1227 1862 fuerunt
1244 1834 1362 1861 sancta
1379 1826 1563 1861 Get-trudis

55 1893 90 1921 et
101 1893 220 1921 sancta
230 1887 346 1935 Begga
355 1914 363 1930 7
380 1899 517 1921 sorores
526 1914 534 1929 .,
550 1887 582 1933 vj
600 1887 679 1921 idus
689 1887 707 1921 J
711 1887 771 1920 ulii
781 1886 973 1934 (moritur).
988 1886 1084 1920 Hanc
1093 1886 1166 1932 ipse
1176 1886 1322 1920 Karolus
1331 1913 1339 1929 7
1351 1898 1434 1919 cum
1443 1884 1562 1919 adhuc

51 1945 174 1991 junior
187 1952 294 1989 esset7
311 1946 415 1980 nimis
431 1945 671 1989 adamaverat,
689 1953 795 1993 atque
808 1946 845 1979 in
859 1958 1006 1979 uxorem
1020 1946 1121 1991 plane
1136 1945 1309 1988 duxisset,
1326 1945 1353 1978 si
1368 1957 1438 1978 non
1453 1945 1562 1992 virgi<

57 2004 144 2038 nalis
165 2003 335 2050 pudicitia
354 2005 545 2039 obstitisset
571 2005 742 2051 ejusdem.
771 2005 851 2046 Quo
873 2005 964 2053 regis
981 2011 1141 2051 tempore
1155 2032 1163 2047 7
1183 2004 1245 2038 sed
1262 2004 1362 2049 cujus
1380 2004 1561 2050 apostolici

54 2062 290 2097 indiscussum
311 2063 397 2097 mihi
415 2070 468 2097 est
479 2090 488 2107 7
509 2064 632 2097 beatus
651 2063 817 2112 Aegidius
830 2064 938 2097 abbas
955 2063 992 2096 in
1006 2063 1193 2097 Proventia
1206 2063 1368 2111 migravit
1381 2062 1426 2096 ad
1447 2062 1562 2095 Domi-

55 2133 142 2155 num
162 2121 227 2155 kal.
252 2121 485 2168 Septembris3
507 2134 588 2156 cum
609 2123 639 2156 ei
661 2122 752 2156 infra
770 2123 956 2156 missarum
979 2122 1147 2156 solemnia
1169 2122 1315 2169 angelus
1333 2133 1438 2166 super
1455 2120 1562 2154 altare

52 2179 235 2214 detulisset
252 2180 410 2214 chartam
430 2181 669 2215 continentem
688 2181 797 2227 ipsius
814 2181 929 2215 Karoli
943 2180 1123 2214 occultum
1143 2186 1344 2226 peccatum7
1362 2178 1461 2225 quod
1475 2179 1561 2212 nulli

56 2249 214 2284 unquam
236 2249 341 2272 ausus
359 2238 474 2272 fuerat
492 2238 665 2272 confiteri.

105 2297 206 2330 Anno
218 2296 356 2329 Domini
368 2295 558 2339 DCCXCIL
574 2295 747 2339 Lidricus7
762 2297 898 2342 primus
911 2308 1028 2329 comes
1043 2295 1234 2338 Flamin-iae„
1252 2295 1559 2329 Harlebeccensem

57 2356 94 2388 in
109 2354 270 2388 Flandria
283 2355 420 2401 primus
433 2355 639 2389 comitatum
655 2354 803 2401 adeptus
817 2355 988 2403 regnavit.
1004 2354 1074 2388 Leo
1091 2366 1180 2400 papa
1194 2353 1369 2400 praesidet
1382 2354 1482 2388 annis
1499 2367 1559 2396 xx3

55 2414 117 2460 qui
136 2425 218 2447 mox
235 2413 367 2448 clavem
382 2413 609 2448 confessionis
630 2414 740 2448 sancti
763 2414 856 2447 Petri
879 2425 960 2448 cum
982 2413 1105 2447 vexillo
1124 2413 1300 2447 Romanae
1318 2412 1416 2446 urbis
1435 2412 1561 2447 Rarolo

94 2499 105 2518 ¹
125 2499 185 2526 Vox
197 2499 286 2526 deleta
298 2501 444 2526 recentiori
457 2509 549 2526 manu.
833 2501 896 2527 tiam
909 2509 967 2527 esse
981 2500 1099 2535 probant
1112 2499 1244 2526 Bai-onius
1257 2504 1285 2526 et
1297 2499 1353 2525 alii.

95 2545 108 2563 ²
128 2546 199 2572 Haec
212 2555 244 2572 ex
263 2545 367 2581 synodo
385 2555 513 2579 romana,
529 2555 609 2581 quam
626 2546 784 2573 commenti-
