2137 3131
461 393 531 428 808
1070 387 1214 422 APPEN
1220 387 1345 422 DICES
1352 415 1359 421 .

460 501 495 526 ob
508 505 644 527 aeternam
657 499 697 524 sui
708 505 878 531 suorumque
887 495 1002 522 salutem
1012 515 1019 527 ,
1031 499 1168 520 annuente
1183 503 1268 520 uxore
1280 503 1330 520 sua
1340 494 1463 522 Beati-icc
1473 517 1480 529 ,
1492 497 1527 523 de
1540 497 1681 524 voluntate
1695 502 1723 523 et
1735 507 1870 524 consensu
1881 508 1940 525 meo
1950 504 1983 525 et

461 548 552 574 uxoris
564 556 637 572 meae
650 545 749 571 Aliciae
762 565 768 575 ‚
782 553 827 569 sex
843 543 955 569 bonaria
969 542 1086 568 nemoris
1096 563 1102 571 ,
1117 542 1191 577 qnod
1206 542 1307 568 dicitur
1327 541 1430 578 Esplwt
1444 550 1471 569 et
1486 544 1538 570 alia
1552 549 1672 580 quatuor
1689 545 1801 572 bonaria
1817 545 1850 572 de
1866 555 1976 573 nemore

460 594 532 630 quud
545 593 644 618 dicitur
660 591 787 623 llochotl17
803 595 831 616 et
843 590 898 615 ‹luo
913 589 1024 614 bonaria
1038 594 1128 615 terrae
1141 588 1251 614 arabilis
1265 594 1328 614 ante
1342 589 1431 616 villam
1446 590 1480 617 de
1497 591 1618 622 Famem,
1635 591 1765 618 ecclesiae
1776 592 1914 619 §inivensi
1927 603 1976 629 per

461 650 554 667 manus
570 644 674 665 nostras
692 639 717 663 in
732 637 898 663 liberrimam
913 636 1029 662 contulit
1044 636 1254 671 eleemosynam.
1272 636 1388 672 Insuper
1402 648 1495 664 omnes
1511 648 1652 665 mansuras
1666 649 1728 666 suas
1739 639 1817 673 juxta
1829 641 1928 666 atrium
1943 641 1977 667 de

461 687 564 713 t'amcla
574 691 600 711 ct
610 686 743 719 jusomne
755 684 827 719 qnod
840 684 946 715 habuit,
959 688 1040 718 prout
1050 689 1135 709 strata
1149 692 1220 718 quae
1231 692 1246 709 a
1257 684 1363 710 Tenera
1378 694 1494 721 vergens
1507 696 1603 712 versus
1615 687 1754 713 meridiem
1766 693 1793 713 et
1806 687 1868 714 binc
1880 697 1976 714 versus

458 735 558 759 sontem
570 731 736 758 descendens
745 730 868 760 includitq
879 735 906 756 vt
916 735 999 765 prout
1011 730 1132 763 ejusdem
1147 730 1229 755 sontis
1238 731 1344 757 rivulus
1353 731 1379 757 in
1392 732 1525 758 'l‘eneram
1539 733 1690 760 decurrens
1701 734 1808 766 dividit,
1822 735 1978 770 praedictae

460 789 542 814 snper
554 778 656 804 addidit
670 778 858 811 eleemosynae
868 782 897 802 ut
908 777 1050 802 sororibus
1063 776 1096 802 de
1108 776 1202 802 Ninive
1217 777 1283 802 inibi
1298 777 1345 803 siat
1360 777 1494 805 habitatio
1508 789 1569 805 cum
1583 780 1706 806 aedilicia
1721 786 1748 807 et
1761 786 1870 807 caetera
1881 782 1976 808 usibus

458 835 549 852 carum
567 830 696 860 poterunt
709 825 799 860 parari
814 825 983 850 necessaria:
1001 829 1143 859 praeterea
1155 823 1270 850 Gotinus
1284 824 1318 850 de
1327 825 1651 861 Ledebergamansnram
1666 828 1834 863 unamjuxta
1844 829 1975 865 templum

457 883 505 909 per
517 883 610 899 manns
624 878 729 898 nostras
742 872 912 907 saepedictae
924 871 1035 897 donavit
1046 871 1186 900 ecclesiae.
1202 871 1273 898 llaec
1283 877 1374 898 autem
1386 878 1417 899 nt
1427 879 1563 909 perpetuo
1575 875 1667 910 quieta
1681 881 1808 902 maneant
1819 881 1846 903 et
1858 876 1973 908 illibata,

457 922 558 956 scripto
574 925 667 946 nostro
681 920 798 955 sigillato
812 924 838 945 et
856 919 996 945 hominum
1010 924 1168 945 nostrorum
1182 919 1338 945 testimonio
1353 921 1525 947 roboramus.
1547 921 1661 958 Signum
1674 923 1788 949 Arnoldi
1802 923 1895 950 fratris
1906 925 1974 959 mei;

457 970 484 994 S.
502 968 637 994 Michaelis
651 968 685 993 de
701 967 811 996 Bz'rl1ec;
830 966 858 992 S.
876 967 1035 993 Machteldis
1049 967 1083 993 de
1098 967 1198 993 allodio
1209 988 1216 1000 ‚
1232 977 1303 1002 quae
1321 967 1385 994 huic
1397 968 1471 994 dono
1486 978 1594 995 manum
1607 971 1750 1005 apposuit3
1772 971 1800 997 S.
1817 971 1930 998 Gozuini
1941 971 1976 997 de

458 1015 629 1051 Adenql1e1n5
644 1015 671 1040 S.
686 1014 772 1049 Sigeri
789 1013 850 1039 Ναί.
867 1013 964 1039 Actum
980 1014 1053 1049 apud
1068 1014 1215 1045 anclam,
1233 1024 1304 1040 anno
1319 1014 1470 1041 dominicae
1483 1015 1682 1043 Incaruationis
1690 1017 1817 1043 MCXCV.

1278 1081 1384 1113 Original
1393 1101 1398 1106 .
1413 1090 1482 1106 sceau
1493 1090 1521 1106 en
1532 1083 1580 1107 cire
1592 1083 1666 1107 brune
1678 1083 1846 1116 endommage.

1176 1177 1247 1187 l

1141 1346 1280 1380 LXXII.

458 1437 592 1479 Hem‘e',
612 1436 701 1470 abhe'
717 1437 758 1470 cle
779 1436 833 1469 St-
845 1435 953 1469 Vaast
971 1434 1142 1478 d'Aw’as,
1162 1436 1349 1470 recomzait
1364 1437 1452 1483 qzt’z'l
1462 1450 1485 1470 a
1499 1436 1581 1471 cedd
1594 1436 1617 1471 ἀ
1635 1437 1792 1485 l'abbaye
1801 1465 1811 1481 ,
1828 1450 1974 1485 moyen-

535 1501 625 1528 nant
640 1508 710 1528 une
728 1495 917 1528 reclevcmce
936 1494 1114 1537 ammelle,
1135 1508 1185 1528 un
1209 1495 1301 1529 allen
1317 1497 1408 1529 silue
1424 1493 1447 1528 ci
1465 1494 1634 1530 Catthem.
1654 1517 1701 1521 —
1721 1495 1884 1530 Curam.

1178 1683 1249 1707 1195.

493 1755 523 1781 In
538 1755 644 1781 nomine
654 1760 763 1781 sanctae
777 1761 804 1781 et
814 1755 971 1781 individuae
981 1755 1132 1781 Trinitatis.
1143 1755 1237 1782 Amen.
1247 1756 1304 1792 Ego
1316 1756 1464 1787 chricus,
1480 1756 1528 1782 Dei
1543 1756 1630 1792 gratia
1641 1755 1770 1782 ecclesiae
1782 1756 1852 1782 beati
1862 1755 1974 1783 Vedasti

455 1802 641 1828 Atrebatensis
654 1802 776 1828 minister
791 1801 901 1830 humilis
911 1823 917 1831 ,
935 1802 1061 1828 omnibus
1075 1802 1175 1828 Christi
1192 1802 1322 1829 fidelibus
1342 1808 1394 1829 tam
1415 1802 1516 1829 suturis
1530 1812 1610 1838 quam
1625 1802 1817 1837 praesentibus
1832 1803 1860 1828 in
1877 1812 1977 1838 perpe-

456 1854 543 1875 tuum.
562 1849 640 1884 Quod
661 1850 721 1885 piae
735 1849 888 1875 devotionis
907 1850 1004 1875 affectu
1024 1850 1223 1876 rationabiliter
1242 1855 1269 1876 et
1285 1851 1421 1876 communi
1438 1850 1553 1876 fratrum
1569 1855 1725 1876 nostrorum
1743 1849 1855 1876 consilio
1870 1850 1941 1876 bene
1959 1859 1975 1876 a

455 1897 533 1922 nobis
548 1901 637 1922 actum
652 1901 693 1922 est
705 1917 711 1927 ,
726 1906 760 1922 ne
773 1896 917 1922 oblivionis
930 1896 1165 1932 velnegligentiae
1186 1897 1228 1923 vel
1242 1897 1394 1924 discordiae
1409 1907 1490 1924 causa
1505 1897 1641 1930 deleatur,
1658 1898 1829 1927 immutetur,
1845 1896 1889 1923 vel
1903 1897 1974 1924 sorte

453 1944 614 1979 dissipetur⁷
629 1944 774 1969 memoriae
785 1949 839 1970 tam
852 1945 1035 1979 praesentium
1048 1954 1129 1979 quam
1146 1945 1302 1971 futurorum
1316 1946 1418 1980 scripto
1431 1945 1651 1971 commendantes
1665 1944 1862 1971 mandavimus.
1874 1944 1973 1971 Notum

453 1991 487 2017 sit
499 1992 582 2027 igitur
596 1991 721 2017 omnibus
735 1992 809 2026 quod
822 1991 889 2017 illud
903 1991 1033 2017 allodium
1047 1992 1121 2027 quod
1143 1992 1256 2018 eeclesia
1273 1998 1366 2019 nostra
1385 1993 1418 2019 de
1430 1993 1550 2028 Ilaspera
1567 1993 1593 2018 in
1614 1992 1744 2028 parochia
1756 1992 1790 2018 de
1803 1992 1970 2025 Lumbecca,

454 2039 479 2064 iu
495 2040 551 2064 vico
566 2039 612 2074 qui
625 2038 727 2064 dicitur
743 2039 861 2065 cantem
873 2059 881 2073 ,
891 2039 925 2065 ab
939 2040 1053 2074 antiquo
1066 2040 1154 2066 tenuit.
1168 2041 1193 2066 in
1208 2041 1288 2066 terris
1298 2061 1304 2071 ,
1321 2040 1403 2075 sylvis
1414 2061 1420 2071 ,
1437 2040 1522 2075 pratis
1533 2061 1539 2071 ,
1555 2040 1662 2075 pascuis
1673 2061 1679 2069 ,
1694 2049 1754 2065 cum
1766 2048 1850 2066 censu
1864 2044 1892 2065 et
1902 2039 1976 2065 omni

455 2091 547 2111 nostro
559 2086 625 2111 inibi
635 2085 710 2119 jure⁷
726 2086 875 2112 venerabili
888 2086 980 2112 abbati
991 2086 1088 2122 Algoto
1100 2092 1126 2113 et
1135 2087 1265 2114 ecclesiae
1275 2088 1412 2114 Ninivensi
1421 2087 1485 2121 jure
1499 2092 1634 2123 perpetuo
1649 2086 1845 2122 possidendum
1858 2095 1906 2113 ore
1917 2096 1974 2112 ma-

454 2142 546 2168 nuque
561 2133 761 2159 concessimus:
778 2133 829 2159 hoc
844 2139 923 2169 pacto
938 2139 967 2160 ut
981 2136 1121 2160 annuatim
1138 2135 1268 2161 ecclesiae
1286 2135 1434 2171 Hasprensi
1449 2136 1474 2161 in
1495 2134 1564 2161 sesto
1578 2135 1650 2161 beati
1667 2135 1757 2161 Lucae
1773 2134 1973 2170 quinquaginta

453 2179 553 2205 solidos
566 2179 778 2206 valencenensis
792 2185 916 2206 monetae
934 2182 1132 2217 cujuscumque
1145 2182 1246 2208 valoris
1262 2182 1358 2214 suerit,
1381 2182 1414 2208 de
1429 2192 1483 2218 qua
1502 2183 1528 2208 in
1544 2187 1634 2208 castro
1651 2181 1846 2208 Valencenensi
1863 2181 1974 2216 publice

455 2226 587 2252 vendatur
601 2226 641 2252 vel
654 2232 771 2257 ematur,
786 2227 922 2254 cameraci
934 2229 989 2255 sive
1005 2228 1143 2264 ttasperae
1157 2229 1309 2256 Ninivensis
1322 2230 1435 2256 ecelesia
1449 2230 1597 2265 persolvat.
1609 2230 1636 2256 Si
1647 2230 1709 2265 quis
1721 2234 1811 2255 autem
1823 2228 1973 2264 praefatam

454 2274 622 2299 Ninivensem
641 2274 780 2300 ecclesiam
795 2276 828 2301 de
843 2276 982 2311 praedicto
996 2276 1095 2302 allodio
1109 2276 1239 2303 infestare
1250 2278 1480 2313 praesumpserit,
1495 2287 1544 2303 nos
1558 2277 1635 2303 velut
1647 2276 1731 2310 liujus
1745 2277 1809 2303 boni
1826 2281 1932 2302 actores
1946 2281 1974 2302 et

454 2326 598 2347 testatores
606 2321 730 2350 consilio.
741 2323 848 2356 justitia
860 2329 887 2349 et
896 2323 985 2349 banno
997 2324 1126 2350 auxilium
1140 2330 1167 2351 et
1177 2324 1362 2351 defensionem
1374 2330 1494 2351 nostram
1507 2324 1626 2351 fideliter
1639 2333 1820 2360 opponemus.
1836 2324 1871 2350 [t
1882 2328 1973 2349 autem

457 2368 507 2393 hoc
520 2374 609 2394 ratum
624 2374 649 2394 et
664 2370 854 2396 inconcussum
871 2377 1042 2406 permaneat,
1058 2373 1160 2407 scripto
1176 2373 1394 2399 commendatum
1411 2378 1505 2398 nostro
1518 2378 1545 2399 et
1558 2372 1666 2398 abbatis
1680 2371 1810 2398 ecclesiae
1822 2371 1974 2398 Ninivensis

456 2415 543 2451 sigillo
554 2415 774 2443 confirmavimus
784 2438 791 2443 .
809 2423 835 2443 et
850 2419 951 2453 partito
965 2419 1036 2444 inter
1054 2425 1199 2454 utramque
1216 2419 1357 2446 ecclesiam
1370 2419 1543 2455 cyrographo
1558 2419 1753 2445 reservandum
1772 2418 1954 2444 commisimus
1964 2438 1970 2448 ,

457 2463 578 2494 personis
592 2468 619 2488 et
640 2463 755 2489 testibus
776 2465 921 2500 utriusque
939 2465 1068 2491 ecclesiae
1084 2466 1295 2492 subnominatis.
1311 2467 1395 2492 Ysaae
1407 2487 1414 2498 ⁷
1437 2467 1512 2502 prior
1531 2466 1561 2491 B.
1579 2465 1704 2500 Vedasti;
1724 2465 1874 2494 Martinus„
1895 2465 1972 2500 prior

456 2508 590 2535 secundus
604 2520 610 2543 3
624 2509 760 2536 Gerardus
771 2531 778 2543 ‚
793 2512 869 2546 prior
887 2512 1002 2546 tertiu53
1018 2512 1104 2539 Taeso
1115 2534 1122 2545 ⁷
1138 2514 1312 2548 praepositus
1328 2513 1363 2539 de
1375 2513 1480 2549 Haspra
1493 2524 1499 2547 ;
1520 2513 1690 2539 Christianus
1701 2533 1708 2544 ‚
1726 2512 1909 2547 hospitarius;
1923 2511 1972 2538 Pe-
