2137 3131
457 396 527 432 756
1067 391 1356 427 APPENDICES.

1194 517 1235 551 V.

532 623 577 656 Le
595 620 702 654 me‘me
719 624 825 653 comte
845 617 990 652 lez'errz'
999 618 1121 665 prend
1135 618 1293 666 l'abhaye
1311 630 1391 653 sous
1408 631 1448 652 sa
1459 621 1667 666 protection.
1690 638 1737 644 —
1756 618 1897 652 Nmovz.

1179 805 1251 829 1142.

496 892 530 918 Se
543 897 640 918 trouve
652 891 774 926 imprime
787 890 854 916 dans
868 890 907 917 les
921 890 1021 916 Donat.
1036 890 1113 926 Bely.
1127 890 1161 916 de
1175 890 1284 916 Miraeus
1295 911 1302 922 ‚
1318 890 1367 917 lib.
1384 890 1407 916 11
1421 911 1427 921 ,
1442 899 1502 926 cap.
1515 891 1601 918 XLIII
1612 913 1618 924 ,
1632 897 1660 918 et
1673 892 1742 919 dans
1754 893 1793 920 les
1805 900 1923 929 preuves
1935 890 1973 917 du

459 946 522 965 tom.
540 939 562 965 Il
575 939 622 964 des
636 937 755 963 Annales
765 936 822 963 ord.
838 937 959 971 Putem-7
971 937 1024 963 col.
1039 936 1177 963 CCXXIX.
1188 937 1348 974 L'origiual,
1361 938 1436 963 muni
1447 937 1484 964 du
1497 947 1578 963 sceau
1591 938 1624 965 de
1637 938 1745 965 Thierri
1758 948 1791 966 en
1804 940 1860 966 cire
1871 939 1961 965 brune
1970 958 1977 970 ‚

458 986 575 1021 pendant
588 987 602 1011 a
618 985 718 1011 double
732 994 821 1021 queue
834 985 868 1011 de
883 985 1040 1020 parchemin
1052 1006 1059 1018 ,
1074 990 1115 1011 est
1129 986 1261 1012 conserve
1275 995 1327 1012 aux
1342 985 1468 1012 archives
1480 985 1515 1012 de
1528 985 1554 1012 la
1565 985 1682 1013 Flandre
1694 986 1842 1015 orientale.

1179 1283 1237 1317 vl.

460 1383 615 1425 Nicolas,
638 1381 759 1429 e'veique
779 1382 819 1415 de
846 1381 1035 1425 cambrai,
1058 1382 1225 1429 confirme
1244 1382 1268 1417 ἁ
1285 1383 1442 1431 l’ahhaye
1460 1385 1493 1418 la
1514 1388 1711 1420 concessz'on
1730 1385 1771 1419 de
1789 1384 1911 1432 l'esqlz'se
1932 1385 1974 1419 de

744 1440 952 1476 Lz'edelcerke
972 1447 1005 1476 et
1020 1442 1061 1476 de
1080 1455 1131 1477 ses
1149 1441 1667 1489 do'pendances.—Lfflnffltnxe.

1178 1631 1250 1655 1146.

494 1705 524 1730 ln
538 1706 645 1731 nomine
655 1709 764 1731 sanctae
776 1710 804 1731 et
816 1705 973 1732 individuae
986 1705 1138 1732 Trinitatis.
1151 1705 1277 1733 Nicolaus
1286 1728 1292 1740 ,
1307 1707 1400 1733 divina
1417 1707 1590 1733 miseratione
1603 1706 1803 1733 Cameracensis
1815 1707 1970 1743 episcopus⁷

459 1757 511 1778 tam
526 1751 626 1778 suturis
640 1763 720 1788 quam
739 1753 945 1790 praesentibus,
965 1754 992 1779 in
1012 1759 1188 1789 perpetuum.
1205 1753 1271 1780 Cum
1287 1754 1437 1781 secundum
1453 1754 1639 1790 Scripturam,
1659 1764 1729 1790 quae
1743 1755 1781 1780 ait
1795 1763 1802 1780 :
1823 1766 1834 1779 u
1848 1753 1918 1781 Vide
1931 1755 1976 1780 cui

457 1799 505 1825 des
519 1804 545 1825 et
561 1800 613 1825 erit
625 1801 711 1836 gratia
728 1801 755 1827 in
772 1800 850 1826 donis
865 1801 918 1826 tuis
932 1800 1030 1833 multa,
1051 1812 1062 1824 v
1081 1806 1107 1827 et
1122 1801 1185 1827 alibi
1201 1811 1207 1827 :
1229 1814 1239 1825 u
1255 1802 1365 1828 Honora
1378 1801 1523 1827 Dominum
1540 1801 1574 1828 de
1589 1807 1636 1827 tua
1651 1801 1814 1834 substantia,
1829 1813 1840 1824 n
1858 1801 1892 1827 ad
1903 1801 1973 1828 bene

457 1846 590 1882 agendum
609 1856 844 1879 commoneamur,
865 1848 1049 1874 necessarium
1064 1848 1143 1874 nohis
1157 1853 1197 1874 est
1212 1854 1243 1875 ut
1256 1858 1304 1874 cor
1318 1848 1422 1880 docsse,
1439 1849 1611 1875 discretionis
1624 1848 1718 1875 oculos
1728 1869 1735 1881 ‚
1751 1858 1832 1875 aures
1846 1848 1974 1875 audiendi

456 1893 619 1928 habeamus3
642 1895 756 1930 proinde
777 1896 881 1921 animae
902 1900 1011 1922 nostrae
1034 1895 1180 1922 consulens
1191 1917 1198 1927 ,
1220 1896 1419 1922 ecclesiasticae
1440 1896 1625 1922 commoditati
1646 1895 1810 1931 providens*
1833 1895 1974 1922 ecelesiam

455 1940 488 1966 de
501 1940 673 1967 Ledelxerclm
683 1951 744 1967 cum
757 1942 921 1977 appenditiis
936 1943 1005 1973 suis,
1018 1942 1146 1969 videlicet
1158 1942 1306 1975 Lumbeca,
1320 1942 1464 1975 Strithem,
1480 1943 1632 1969 reverendo
1644 1942 1722 1968 l'ratri
1734 1947 1828 1968 nostro
1839 1942 1973 1975 Gerardo,

458 1987 606 2013 Ninivensis
622 1988 751 2015 ecclesiae
765 1989 874 2021 abbati,
889 1994 916 2015 et
929 1998 979 2015 suo
991 1989 1112 2024 capitulo
1127 1990 1321 2016 concessimus.
1342 1990 1447 2015 Placuit
1460 1990 1541 2015 etiam
1553 1989 1686 2025 quasdam
1701 1989 1823 2023 ejusdem
1837 1988 1975 2016 Ledeker-

456 2033 545 2059 kensis
558 2034 686 2061 ecclesiae
700 2035 885 2070 possessiones
898 2037 1054 2062 nominatim
1068 2041 1200 2062 annotare
1209 2057 1215 2065 „
1233 2042 1260 2062 et
1273 2046 1306 2062 ne
1318 2037 1379 2071 quis
1393 2046 1438 2062 cas
1453 2036 1554 2070 injuste
1566 2036 1686 2072 diripere
1698 2041 1866 2071 praesumat,
1878 2041 1973 2063 nostra

455 2081 617 2107 auctoritate
631 2082 822 2108 corroborare.
833 2082 968 2109 Decimam
981 2083 1065 2119 igitur
1079 2083 1113 2109 de
1125 2084 1202 2110 Menz
1216 2089 1243 2110 et
1255 2084 1446 2119 quotidianum
1460 2093 1540 2110 usum
1554 2084 1691 2120 lignorum
1707 2084 1734 2110 in
1748 2083 1824 2119 sylva
1840 2083 1975 2110 Ledeker-

455 2127 545 2153 chensi
554 2149 560 2157 ,
575 2129 599 2153 in
611 2138 680 2164 opus
692 2129 808 2155 fratrum
820 2130 892 2165 apud
904 2130 1107 2156 Ledekercham
1119 2131 1234 2157 Domino
1244 2131 1422 2157 servientium
1432 2152 1438 2162 ,
1453 2141 1515 2157 cum
1527 2131 1641 2166 reliquis
1651 2131 1738 2166 agris⁷
1751 2130 1838 2166 pratis
1847 2151 1854 2163 ‚
1869 2139 1975 2166 posses-

456 2175 633 2210 sionibusque
647 2176 783 2209 omnibus,
796 2186 864 2212 quas
877 2177 970 2203 eadem
985 2177 1098 2203 ecclesia
1112 2187 1126 2203 a
1139 2178 1310 2213 principibus
1321 2183 1347 2205 et
1359 2178 1585 2213 subprincipibus
1599 2177 1857 2203 videlicetW'altero
1868 2177 1974 2203 Torna-

457 2221 542 2247 censi.
559 2222 665 2248 Razone
676 2222 709 2247 de
720 2222 823 2249 Gavera
832 2244 839 2255 ‚
853 2223 985 2250 Balduino
995 2245 1001 2252 ,
1018 2224 1108 2250 Iwano
1122 2225 1155 2250 de
1171 2224 1248 2250 Alost
1260 2225 1389 2250 canonice
1404 2224 1564 2260 possederat
1575 2245 1581 2257 ‚
1598 2229 1698 2250 terram
1710 2233 1821 2259 quoque
1833 2223 1956 2250 Abbonis
1966 2245 1973 2253 ,

456 2277 535 2302 quam
550 2269 705 2303 praedictus
719 2269 825 2296 Iwanus
835 2291 841 2301 ,
855 2280 965 2297 assensu
975 2271 1090 2297 walteri
1098 2272 1278 2298 Tornaoensis
1288 2277 1315 2298 et
1329 2272 1420 2298 uxoris
1430 2272 1489 2306 ejus
1501 2271 1677 2304 petronillae,
1690 2271 1898 2307 liberorumque
1909 2280 1973 2298 suo-

456 2324 525 2346 rum,
539 2321 565 2341 et
576 2316 690 2342 Razonis
699 2317 733 2343 de
744 2317 862 2349 cavera,
877 2318 1016 2353 praefatae
1027 2319 1157 2345 ecclesiae
1167 2319 1283 2355 largitus
1293 2325 1334 2346 est
1344 2341 1350 2352 ,
1364 2325 1459 2346 nostra
1471 2320 1655 2355 assignatione
1667 2319 1832 2345 munivimus
1844 2328 1851 2345 :
1864 2323 1974 2354 praete-

456 2371 501 2387 rea
517 2362 542 2387 in
557 2363 695 2397 praedicta
708 2364 782 2399 sylva
795 2365 862 2391 duas
877 2371 997 2392 carratas
1010 2366 1147 2402 lignorum
1160 2367 1275 2403 singulis
1287 2368 1444 2403 septimanis
1455 2377 1470 2393 a
1484 2367 1608 2403 praefato
1621 2367 1726 2399 Iwano,
1739 2371 1878 2393 annuente
1888 2375 1974 2393 uxore

456 2418 503 2434 sua
512 2408 638 2436 Laui-etta
648 2432 654 2438 .
670 2411 746 2438 datas
757 2413 782 2438 in
794 2422 874 2439 usum
888 2413 1003 2440 fratrum
1015 2415 1087 2449 apud
1099 2415 1212 2441 Niniven
1221 2415 1279 2441 Deo
1290 2416 1444 2441 vacantium
1453 2436 1459 2448 ⁷
1472 2415 1686 2441 concedentibus
1699 2414 1840 2450 praedicto
1849 2413 1972 2440 XValtero

455 2464 515 2480 cum
531 2465 616 2483 uxore
629 2462 655 2483 ct
669 2457 762 2484 liberis
777 2459 833 2485 suis
844 2464 872 2486 et
886 2460 993 2486 Razone
1007 2461 1041 2486 de
1055 2461 1169 2492 Gavera,
1189 2471 1307 2497 quorum
1322 2462 1451 2488 allodium
1465 2461 1641 2488 Ledekereha
1659 2461 1813 2494 exstiterat,
1830 2460 1972 2487 attitulare

453 2503 761 2531 1=uravi1nus.t'tauten1
775 2505 873 2533 fratres
888 2508 979 2542 quieta
992 2507 1314 2536 devotioneinibidivino
1328 2509 1414 2535 cultui
1429 2518 1526 2536 vacare
1541 2509 1663 2545 possint,
1678 2508 1769 2535 locum
1783 2508 1858 2534 illum
1871 2517 1969 2543 perpe-
