2137 3131
438 403 508 437 830
1042 394 1188 429 APPEN
1194 393 1330 428 DICES.

1134 523 1255 558 CVIII.

442 611 590 657 fit-asma*
608 620 648 653 de
666 617 780 653 Gai-re
795 616 908 650 domm
925 613 949 649 ἀ
962 616 997 649 [α
1015 614 1165 661 chapelle
1179 614 1220 648 (le
1239 615 1426 649 Bouclzout
1442 614 1506 648 dia·
1523 626 1604 648 sous
1617 614 1658 648 de
1675 620 1773 648 rente
1789 615 1951 649 wnnuelle

636 688 731 723 pour
744 675 937 709 l’entretien
953 674 1061 707 d’une
1080 673 1195 719 lampa
1210 673 1340 707 devant
1356 672 1486 707 Z’autel.
1509 693 1557 698 —
1572 672 1736 706 Bocflour.

1115 850 1174 874 Sans
1182 850 1236 874 date
1244 849 1262 873 ².

476 925 616 960 impr-iniec
631 925 698 950 dans
712 924 797 949 Miroei
808 923 908 949 Donat.
924 921 1011 957 Belq„
1026 921 1075 947 lib.
1092 921 1116 947 II
1127 942 1134 953 ‚
1146 930 1208 956 cap.
1226 921 1317 948 XCV1.

1153 1179 1241 1214 CIX.

440 1270 558 1305 Henrz‘
581 1271 644 1312 ΙΝ,
675 1271 744 1304 (luc
767 1270 807 1304 de
835 1270 1022 1313 Brahant,
1051 1270 1218 1317 confirma
1244 1271 1280 1305 la
1308 1271 1475 1306 donatz'on
1498 1272 1538 1305 de
1563 1271 1715 1306 diverses
1739 1271 1951 1319 proprze'tek,

517 1329 640 1363 sv't‘ue'es
657 1341 707 1362 au
731 1329 884 1363 hameccu
902 1328 944 1362 de
965 1329 1173 1376 Bumzeyem
1184 1357 1194 1372 ,
1218 1328 1241 1363 ὰ
1259 1330 1418 1377 l’ahhaye
1440 1331 1481 1364 de
1502 1330 1651 1365 Νιήουρ.
1668 1352 1716 1356 —
1730 1331 1870 1364 ΡΑΜΕιε.

1073 1507 1091 1528 Α
1104 1504 1213 1528 I‘ilvorde
1224 1524 1230 1528 .
1244 1505 1313 1529 1214.

478 1574 507 1600 ln
518 1575 625 1600 nomine
637 1579 745 1600 sanctae
755 1579 781 1600 et
790 1574 947 1601 individuae
956 1575 1108 1601 Trinitatis.
1121 1575 1178 1611 Ego
1196 1575 1330 1601 Henricus
1340 1596 1347 1607 ‚
1361 1575 1410 1601 Dei
1421 1576 1509 1612 gratia
1521 1576 1577 1601 dux
1593 1575 1788 1612 Lotharingiae
1798 1581 1826 1602 et
1834 1576 1957 1603 marchio

440 1622 543 1648 romani
554 1621 675 1656 imperii,
689 1622 823 1647 universis
837 1621 888 1647 hoc
899 1624 1032 1657 scriptum
1044 1622 1209 1658 inspecturis
1223 1623 1249 1648 in
1262 1628 1437 1658 perpetuum.
1450 1623 1549 1649 Notum
1561 1631 1620 1649 esse
1632 1622 1758 1649 volumus
1768 1644 1775 1655 ‚
1791 1623 1865 1658 quod
1878 1623 1960 1650 Pari-

439 1669 519 1703 (ἴσης,
536 1668 613 1695 miles
623 1669 657 1695 de
674 1669 852 1703 Strumbeka‚
870 1670 896 1695 in
911 1670 1066 1705 praesentia
1080 1675 1174 1696 nostra
1188 1671 1354 1696 constitutus
1364 1691 1370 1703 ‚
1388 1671 1537 1707 resignavit
1549 1671 1576 1696 in
1590 1680 1685 1696 manus
1700 1676 1808 1697 nostras
1822 1671 1957 1707 quidquid

435 1717 507 1750 juris
521 1716 622 1743 habere
639 1717 784 1743 videbatur
803 1717 829 1743 in
847 1722 923 1743 terra
938 1717 971 1744 de
983 1718 1156 1754 Bunenyliem
1169 1739 1175 1750 ‚
1193 1728 1276 1754 quam
1293 1718 1428 1745 Henricus
1439 1740 1445 1751 7
1465 1718 1542 1744 miles
1553 1718 1586 1744 de
1601 1718 1779 1751 strumbeka,
1798 1727 1848 1754 per
1861 1728 1958 1745 manus

442 1763 569 1790 Willelmi
577 1764 610 1790 de
622 1764 781 1800 Ledeberga
792 1785 799 1790 .
813 1774 828 1790 a
839 1774 894 1800 quo
902 1773 961 1791 eam
973 1764 1117 1791 feodaliter
1131 1766 1189 1800 ipse
1202 1765 1328 1793 tenebat,
1344 1765 1474 1792 ecclesiae
1483 1765 1621 1792 Ninivensi
1630 1766 1656 1791 in
1665 1765 1865 1801 eleemosynam
1876 1765 1959 1793 dede-

440 1816 493 1837 rat.
513 1811 574 1847 Ipse
589 1812 673 1848 igitur
688 1812 827 1838 Pariduns
839 1817 866 1838 et
882 1822 951 1839 uxor
965 1813 1024 1847 ejus
1038 1813 1085 1839 Ida
1100 1818 1127 1839 ct
1143 1813 1223 1840 liberi
1236 1823 1331 1840 eorum
1342 1835 1348 1845 ,
1366 1818 1511 1849 praesente
1525 1818 1552 1838 et
1569 1814 1757 1839 consentiente
1770 1813 1910 1839 Winelmo
1924 1813 1959 1839 de

442 1858 598 1894 Ledebe1·ga
609 1879 616 1890 ‚
631 1863 719 1884 totum
727 1858 774 1893 jus
786 1868 866 1885 suum
880 1860 907 1885 in
923 1860 1020 1889 terris,
1035 1861 1122 1895 pratis
1132 1881 1139 1893 ,
1157 1860 1241 1896 sylvis
1255 1865 1280 1886 et
1296 1861 1412 1887 caeteris
1427 1861 1579 1886 attinentiis
1595 1860 1668 1895 apud
1682 1859 1842 1896 Ledeberga
1854 1861 1882 1887 in
1899 1861 1959 1887 vico

440 1906 487 1940 qui
497 1905 598 1931 dicitur
612 1905 785 1942 Bnnenyhem
795 1927 802 1939 ,
814 1906 888 1941 quod
904 1906 1017 1933 ecclesia
1032 1907 1184 1934 Ninivensis
1195 1908 1252 1942 jam
1266 1907 1434 1943 aliquamdiu
1449 1907 1620 1943 possidebat7
1631 1907 1838 1940 effestucantes‚
1853 1917 1905 1943 pro
1917 1917 1961 1934 sa-

441 1954 497 1980 lute
509 1959 537 1979 et
553 1963 641 1979 annua
653 1954 781 1979 memoria
793 1955 944 1980 animarum
957 1964 1068 1980 suarum
1079 1976 1085 1987 ,
1101 1955 1135 1981 de
1145 1955 1252 1989 judicio
1267 1955 1407 1981 hominum
1422 1960 1580 1981 nostrorum
1594 1960 1743 1990 spontanea
1757 1954 1898 1981 voluntate
1911 1954 1960 1981 de-

440 2002 554 2031 derunt„
575 2006 601 2027 et
619 2010 668 2026 nos
682 2000 773 2026 abbati
788 2006 815 2027 et
834 2001 964 2027 ecclesiae
981 2002 1120 2028 Ninivensi
1137 2003 1163 2028 in
1180 2002 1380 2038 eleemosynam
1395 2002 1578 2033 contulimus,
1596 2006 1623 2027 et
1637 2006 1762 2028 nostrum
1776 2002 1957 2037 patrocinium

440 2054 534 2074 contra
549 2056 642 2073 omnes
660 2047 823 2081 injuriantes
838 2048 1055 2083 repromisimus.
1077 2049 1113 2075 [t
1127 2054 1219 2075 autem
1234 2049 1302 2075 haec
1314 2054 1374 2075 rata
1388 2054 1415 2075 et
1427 2049 1587 2075 inconcussa
1605 2050 1632 2075 in
1649 2058 1747 2075 aevum
1759 2054 1956 2084 permaneant,

441 2096 572 2130 scriptum
591 2094 642 2120 hoc
660 2094 740 2130 sigilli
754 2095 840 2121 nostri
854 2097 1020 2131 appensione
1033 2101 1060 2122 et
1076 2096 1218 2123 hominum
1238 2102 1396 2123 nostrorum
1413 2097 1615 2133 subscriptione
1629 2097 1829 2123 roboravimus.
1843 2097 1958 2133 Signum

444 2142 554 2168 Arnoldi
577 2142 610 2168 de
628 2142 795 2175 wesemala,
813 2142 942 2176 Arnoldi‚
965 2143 1080 2179 dapiferi
1102 2144 1135 2171 de
1151 2145 1281 2177 Rotekir,
1302 2145 1415 2171 Arnoldi
1433 2145 1467 2171 de
1484 2146 1579 2171 Arscot
1596 2150 1623 2171 et
1642 2145 1754 2171 Arnoldi
1767 2144 1801 2170 de
1826 2144 1958 2178 ῘΓαΙΙιενη1

443 2190 555 2216 Walteri
565 2189 598 2215 de
609 2189 752 2225 Biqardes,
765 2189 881 2216 WYalteri
895 2191 929 2217 de
944 2191 1116 2226 Wemblines,
1130 2192 1260 2218 Willelmi
1274 2192 1308 2219 de
1322 2192 1493 2229 Ledeberga,
1509 2192 1642 2219 Desiderii
1654 2192 1688 2218 de
1703 2191 1830 2222 [ἰθὺ-σάω
1843 2191 1940 2228 Sygeri
1950 2212 1957 2223 ,

443 2236 556 2269 notarii3
578 2235 606 2261 S.
629 2235 782 2271 Iladulphi²
799 2237 920 2271 abbatis,
941 2237 1090 2271 Johaunis,
1108 2240 1273 2274 praepositi3
1297 2240 1447 2270 Andreae,'
1459 2239 1576 2265 YValteri
1590 2260 1598 2271 ‚
1613 2239 1768 2272 Benedicti,
1787 2238 1959 2266 sacerdotum

443 2283 592 2308 Niniveusis
613 2283 752 2310 ecclesiae.
774 2284 871 2311 Actum
892 2285 965 2320 apud
986 2285 1091 2312 Vilwrt
1104 2307 1111 2320 ⁷
1133 2296 1205 2313 anno
1226 2287 1377 2314 dominicae
1396 2287 1595 2313 incarnationis
1613 2287 1744 2314 MCCXIV
1757 2309 1763 2319 ,
1789 2292 1885 2313 octavo
1904 2286 1959 2313 kat.

443 2329 593 2356 Februarii.

1298 2383 1408 2414 Original
1417 2401 1424 2407 .
1441 2390 1510 2407 sceau
1523 2390 1552 2407 en
1564 2383 1612 2407 cire
1620 2382 1704 2407 brune.

476 2532 481 2544 ι
501 2526 576 2545 Plan-ee
586 2526 639 2546 dans
651 2527 669 2547 le
681 2528 795 2548 cartulaire
804 2528 830 2548 de
841 2530 930 2550 Malunes
942 2530 1003 2558 apres
1012 2532 1042 2551 les
1054 2531 1160 2559 diplomes
1172 2530 1198 2552 de
1211 2533 1274 2552 1212.
