2137 3131
467 402 537 437 76],
1070 392 1356 429 APPENDICES.

462 509 526 542 jure
548 511 680 543 perpetuo
701 505 726 530 in
746 503 943 537 eleemosynam
964 506 991 527 et
1010 501 1190 532 censualiter,
1210 501 1247 526 ita
1266 500 1367 527 scilicet
1386 506 1417 526 ut
1435 500 1588 526 Ninivensis
1606 499 1720 526 ecclesia
1734 508 1785 534 pro
1806 501 1977 535 possessione

466 559 618 590 praetaxata
631 551 743 586 singulis
755 550 842 579 annis,
857 550 882 575 in
898 549 966 575 sesto
977 549 1047 574 beati
1060 549 1186 583 Remigii.
1199 548 1344 574 Nivellensi
1353 548 1505 574 abbatissae
1515 548 1531 581 ij
1543 546 1645 573 solidos
1655 547 1838 573 Bruxeliensis
1852 552 1977 573 monetae

464 603 521 627 sine
531 601 658 626 dilatione
673 597 819 632 persolvat.
836 596 871 622 Ut
886 600 976 621 auten]
989 595 1055 621 haec
1069 595 1178 620 traditio
1192 600 1219 620 et
1233 595 1322 629 pactio
1335 595 1515 621 determinata
1529 593 1688 620 inconvulsa
1702 598 1860 629 permaneat.
1875 594 1902 619 iu
1916 603 1978 629 per-

466 653 575 683 petuum
591 644 726 681 praesenti
741 643 855 678 paginae
871 642 989 677 sigillum
1004 647 1114 667 nostrae
1128 641 1257 667 ecclesiae
1271 642 1467 676 impressimus.
1484 641 1582 667 Actum
1596 645 1637 666 est
1649 645 1739 666 antem
1754 640 1863 675 publice
1878 640 1930 666 sub
1943 641 1980 667 si—

465 694 552 729 gnatis
571 691 701 719 testibus,
718 699 788 715 anno
810 689 942 714 incarnati
955 688 1039 714 Verbi
1057 688 1160 713 MCLXI
1173 708 1179 719 ‚
1201 688 1349 713 indictione
1366 697 1454 719 nona,
1476 692 1571 722 epacta
1585 687 1677 719 XXII,
1694 687 1846 722 imperante
1865 686 1975 713 domino

466 738 626 769 1‹'re‹terico,
650 737 720 762 duce
734 734 899 765 Godosrido,
921 734 1106 760 Cameracensi
1124 734 1232 760 Nicolao
1252 734 1398 769 episcopo⁷
1421 733 1610 759 Leodiensium
1631 733 1760 759 llenrico.
1782 732 1812 759 S.
1831 733 1978 766 Everarffi,

466 785 628 821 praepositi3
646 784 674 809 S.
692 782 821 809 Everardi
832 803 838 813 ,
850 782 944 807 decani
955 792 961 816 3
973 782 1001 807 S.
1017 781 1146 813 Gerarffi,
1165 782 1192 807 S.
1207 781 1327 813 Arunlfi,
1343 782 1371 807 S.
1386 781 1509 813 Danieli,
1524 781 1554 807 S.
1568 780 1691 817 Hugonis
1703 780 1847 816 Rampart,
1863 780 1893 808 S.
1908 781 1978 808 Her-

463 832 574 864 brandi,
592 830 713 866 ejusdem
728 830 807 856 villae
821 829 961 863 advocati3
976 829 1004 855 S.
1021 828 1149 861 Alhedis,
1165 829 1193 855 S.
1210 829 1370 861 Gertrudis⁷
1387 828 1416 855 S.
1432 828 1506 854 Idae.

1165 886 1298 926 ‘Originah
1317 902 1386 919 sceau
1400 902 1430 918 en
1445 895 1493 919 cire
1507 894 1597 923 brune,
1611 901 1657 918 aux
1670 893 1776 918 archives
1789 894 1818 918 de
1836 894 1859 918 la
1877 893 1978 919 Flandre

1203 937 1328 961 orientale.

1155 1173 1264 1207 XVII.

460 1252 600 1287 Nic-olas
609 1279 618 1294 ,
638 1249 759 1297 doteque
777 1250 818 1284 de
839 1250 1026 1294 Cambraz',
1046 1250 1233 1285 reconnait
1248 1251 1283 1284 Za
1301 1256 1397 1285 vente
1419 1250 1526 1284 d'une
1545 1256 1636 1284 terre
1655 1251 1742 1296 faite
1759 1263 1834 1298 par
1851 1250 1973 1298 l'eylise

773 1309 971 1356 d’Haspres
989 1308 1011 1343 ἁ
1029 1310 1186 1357 l’abhaye
1203 1310 1244 1344 de
1262 1309 1411 1344 Nineve.
1429 1329 1477 1335 —
1491 1309 1653 1343 emam.

1179 1469 1251 1493 1102.

496 1530 634 1563 Nicolaus,
651 1530 699 1556 Dei
714 1531 801 1566 gratia
815 1530 1016 1556 Cameracensis
1035 1531 1181 1566 episcopus
1193 1551 1199 1560 ,
1222 1530 1331 1557 decanis
1345 1531 1402 1556 suis
1419 1530 1452 1556 de
1471 1529 1527 1555 Hal
1542 1535 1569 1556 et
1588 1529 1622 1556 de
1636 1529 1727 1564 ΒεὲΙΙΟ7
1748 1529 1864 1556 salutem
1881 1535 1908 1556 et
1926 1539 1975 1566 pa-

458 1588 526 1606 cem.
542 1578 638 1604 Notum
656 1578 691 1604 sit
706 1583 732 1604 et
746 1578 936 1613 praesentibus
951 1583 978 1604 et
997 1577 1099 1604 suturis
1110 1599 1117 1609 ,
1134 1578 1207 1613 quod
1226 1578 1389 1613 Hnsprensis
1402 1577 1516 1603 ecclesia
1531 1582 1630 1603 terram
1648 1577 1675 1602 in
1689 1577 1808 1603 confinio
1822 1577 1975 1604 Ninivensis

458 1626 585 1652 ecclesiae
596 1626 673 1651 sitam
682 1646 688 1657 ,
703 1625 867 1651 censualiter
877 1626 1076 1661 quinquaginta
1088 1625 1181 1651 solidis
1193 1625 1340 1661 quotannis
1352 1625 1539 1660 persolvendis
1551 1623 1680 1650 ecclesiae
1690 1624 1827 1650 Ninivensi
1838 1625 1974 1650 communi

458 1673 603 1708 utriusque
613 1673 724 1708 capituli
733 1682 844 1699 assensu
854 1674 1030 1699 concesserit.
1040 1673 1118 1708 Quod
1129 1683 1162 1699 ne
1174 1673 1229 1699 nlla
1242 1678 1394 1708 temporum
1406 1672 1589 1698 mutabilitate
1599 1672 1794 1704 labefactetur,
1806 1676 1899 1698 nostra
1911 1681 1978 1698 con-

458 1720 765 1746 firmamus-auctoritate
775 1741 781 1751 ,
795 1720 994 1756 praecipientes
1005 1725 1058 1746 tam
1068 1720 1146 1747 vobis
1159 1730 1239 1756 qnam
1256 1720 1461 1747 successoribus
1471 1720 1569 1746 vestris
1579 1741 1586 1752 ,
1602 1725 1632 1746 ut
1643 1719 1677 1745 de
1685 1719 1812 1745 omnibus
1822 1719 1869 1754 qui
1878 1728 1976 1755 supra-

458 1767 543 1793 dictae
558 1767 686 1793 ecclesiae
702 1766 736 1792 de
752 1766 876 1802 praefata
893 1771 968 1792 terra
982 1767 1035 1793 vim
1049 1766 1151 1794 inferre
1167 1767 1320 1799 voluerint,
1340 1767 1489 1802 plenariam
1504 1767 1639 1801 justitiam
1656 1766 1771 1793 faciatis.
1784 1765 1883 1793 Actum
1900 1776 1973 1793 anno

459 1815 564 1841 Domini
579 1813 698 1840 MCLXII
710 1834 717 1847 ,
735 1814 910 1850 episcopatus
923 1814 1009 1840 nostri
1024 1814 1122 1841 XXVI.

1300 1861 1408 1894 Original
1416 1880 1422 1890 ,
1434 1868 1503 1885 sceau
1513 1869 1542 1885 en
1552 1861 1599 1885 cire
1611 1861 1694 1886 brune.

1147 2094 1274 2129 XVIII.

460 2173 614 2216 Marem,
642 2173 762 2220 e'vdque
788 2172 960 2215 d’Arras,
985 2172 1151 2218 oonfi'rme
1173 2173 1206 2206 la
1233 2179 1330 2208 vente
1347 2174 1434 2219 faite
1454 2186 1529 2221 par
1552 2173 1674 2221 Fefflise
1693 2173 1902 2221 d’Haspr-es.
1920 2195 1968 2201 —

1131 2231 1293 2266 CATTHEM.

1185 2397 1254 2421 1162.

496 2457 525 2483 In
539 2458 646 2483 nomine
658 2462 767 2483 sauctae
781 2462 807 2483 et
825 2457 981 2485 individuae
991 2458 1143 2485 Trinitatis.
1164 2459 1259 2485 Amen.
1272 2459 1329 2495 Ego
1342 2459 1475 2486 Martinus
1485 2480 1492 2492 ,
1508 2459 1558 2486 Dei
1575 2461 1664 2496 gratia
1674 2460 1804 2488 ecclesiae
1815 2461 1845 2487 B.
1858 2460 1970 2488 Vedasti

459 2504 643 2530 Atrebatensis
657 2513 764 2536 servus,
779 2504 905 2530 omnibus
925 2504 1024 2531 Christi
1038 2505 1166 2532 fidelibus
1185 2511 1238 2532 tam
1256 2506 1358 2532 suturis
1371 2516 1453 2542 quam
1470 2507 1662 2541 praesentibus
1679 2507 1707 2533 in
1728 2512 1874 2543 perpetuo.
1890 2507 1970 2544 Quod
