2137 3131
495 384 563 421 6:38
834 382 919 417 COR
927 381 1008 416 PUS
1037 379 1367 415 CHRONICORUM
1395 380 1506 415 FLAN
1514 381 1659 415 DRIAE.

497 494 603 540 polim
618 493 827 525 invenerunt
840 490 1000 523 tumbam
1017 486 1189 533 lapideam
1203 487 1399 521 inauratam
1414 514 1422 530 τ
1439 487 1518 521 etin
1534 499 1573 521 ea
1587 488 1702 521 virum
1713 488 1907 533 jacentem2
1924 501 2006 524 cum

495 553 561 586 hac
588 551 760 595 scriptura
785 561 791 581 :
824 562 841 578 α
864 547 1025 582 Christus
1044 552 1210 580 nascetur
1228 559 1271 579 ex·
1294 545 1419 580 Maria
1442 549 1595 593 vz'rqz'ne,
1624 548 1663 580 in
1685 558 1789 592 quem
1805 547 1925 589 eredo5
1943 548 2009 581 sul)

500 610 725 644 Constantino
739 613 770 640 et
780 606 942 653 Hyrene,
958 618 975 639 o
989 605 1054 647 sol,
1069 607 1198 639 iterum
1212 617 1266 639 me
1280 604 1449 639 videbis.»
1464 607 1564 639 Anno
1575 605 1832 639 DCCLXXXVI
1843 633 1852 649 ,Ι
1863 605 2009 640 Karolus

497 668 648 701 Saxones
666 666 778 699 victor
795 665 1003 712 subjugum
1024 663 1152 698 Christi
1173 663 1299 706 mittit7
1321 670 1355 697 et
1374 675 1584 709 praecavens
1603 664 1638 697 in
1659 664 1822 698 futurum
1836 671 1878 698 ut
1894 664 2011 698 rebel—

497 725 596 758 lionis
615 736 736 757 omnes
751 723 951 757 occasiones
969 723 1123 765 tolleret7
1145 733 1268 755 omnes
1283 721 1473 770 dignitates
1494 723 1593 770 regni
1608 722 1736 757 Christi
1755 723 1918 757 ecclesiae
1937 730 2010 758 tra-

496 783 587 817 didit
598 810 605 816 .
634 795 697 828 pro
717 782 868 816 ducibus
885 782 1088 828 episcopos7
1111 793 1176 827 pro
1193 782 1336 829 regibus
1353 782 1636 828 archiepiscopos
1648 809 1656 825 7
1674 783 1911 824 constituens.3
1931 781 2011 816 ideo

496 842 586 875 illius
606 841 757 888 regionis
775 841 929 886 episcopi
945 852 1067 874 omnes
1085 840 1278 883 excellunt,
1295 840 1378 886 quia
1391 840 1472 885 jura
1489 840 1618 888 regalia
1634 841 1798 874 ecclesiae
1815 847 2007 875 cesserunt.

498 900 641 933 Taxillo.
663 899 735 933 dux
750 899 945 942 Baioariae7
967 900 1029 946 qui
1045 899 1147 933 duxit
1166 899 1272 932 filiam
1293 898 1461 933 Desiderii
1478 899 1586 947 regis„
1607 898 1770 933 fraudem
1788 900 1825 933 in
1843 900 2010 934 Karolum

496 958 705 1000 meditatus,
729 969 808 991 reus
835 957 1025 1003 majestatis
1053 957 1298 1003 adjudicatum
1323 956 1420 991 unde
1441 970 1461 990 a
1487 957 1613 991 Karolo
1634 964 1811 1001 attonsus,
1831 970 1914 992 cum
1938 958 2011 992 filio

502 1029 566 1050 suo
577 1015 770 1050 Theodone
785 1017 821 1049 in
836 1017 1048 1050 monasterio
1064 1017 1252 1064 relegatur.
1271 1016 1417 1050 Karolus
1431 1028 1494 1062 per
1509 1015 1679 1050 Adulfum
1693 1016 1894 1063 dapiferum
1907 1029 2012 1051 suum

497 1076 607 1110 multa
626 1075 810 1109 Britonum
832 1082 944 1109 eastra
963 1075 1119 1109 obtinuit
1136 1082 1171 1109 et
1189 1076 1366 1122 principes
1384 1075 1489 1121 cepit.

545 1135 585 1168 ln
613 1134 709 1168 Italia
733 1135 825 1168 inter
849 1134 999 1168 Graecos
1022 1141 1057 1168 et
1081 1135 1258 1168 Romanos
1283 1141 1485 1182 pugnatum
1515 1133 1673 1168 seeundo
1695 1135 1787 1168 inter
1810 1135 1960 1169 Francos
1977 1141 2013 1168 et

500 1195 628 1226 Avaros
652 1199 851 1240 pugnatun
872 1193 976 1226 tertio
1004 1193 1097 1226 inter
1119 1194 1248 1227 Avaros
1273 1199 1308 1226 et
1328 1193 1524 1235 Baioari057
1553 1199 1681 1239 quarto
1709 1193 1801 1226 inter
1827 1194 1956 1227 Avaros
1977 1199 2012 1227 et

499 1253 646 1285 Francos
668 1257 702 1284 et
728 1251 763 1284 in
789 1251 955 1284 omnibus
978 1252 1122 1285 victoria
1148 1252 1274 1285 Karolo
1292 1251 1465 1297 provenit.
1489 1251 1658 1285 Instantia
1678 1251 1820 1286 Adriani
1848 1263 1958 1298 papae
1975 1258 2011 1286 et

499 1310 654 1343 Therasli
670 1309 680 1329 ¹
702 1310 922 1355 patriarchae
940 1309 1336 1356 Constantinopolitani⁷
1358 1309 1514 1344 secundo
1533 1310 1629 1356 apud
1647 1310 1790 1344 Niceam
1808 1311 2013 1344 universalis

499 1368 655 1415 synodus
682 1374 936 1415 congregatur,
965 1368 1223 1414 subscriptione
1250 1369 1321 1402 cccl
1343 1368 1609 1414 episcoporum7
1636 1368 1790 1414 Hyrenes
1812 1381 1957 1415 quoque
1977 1375 2013 1402 et

500 1427 736 1461 Constantini.
759 1426 863 1459 fidem
884 1427 1093 1460 catholicam
1113 1428 1275 1471 roborat,
1296 1434 1330 1461 et
1350 1428 1502 1461 haeresis
1520 1428 1776 1461 exsecrantium
1790 1439 1905 1462 sacras
1923 1429 2013 1462 ima-

500 1486 597 1534 gines
607 1484 801 1519 abdicatur.
815 1485 1018 1530 conjuratio
1028 1485 1141 1519 valida
1156 1486 1246 1520 facta
1256 1493 1307 1520 est
1316 1487 1361 1520 ab
1371 1486 1556 1520 Austrasiis
1568 1493 1689 1520 contra
1700 1486 1867 1520 Karolum
1877 1498 2010 1534 regem⁷

500 1551 642 1578 auctore
661 1544 863 1577 Harderico.
886 1544 964 1585 Qua
983 1544 1139 1589 detecta7
1162 1546 1306 1579 exiliatis
1323 1545 1443 1579 multis
1455 1572 1463 1578 .
1487 1545 1589 1578 multi
1607 1557 1752 1591 quoque
1767 1545 1935 1579 membris
1948 1544 2012 1580 de-

500 1609 724 1636 truncantur.

549 1661 621 1693 Hoc
641 1661 713 1706 ipse
728 1660 873 1694 Karolus
892 1673 954 1706 per
972 1673 1007 1694 se
1026 1660 1279 1706 deprehendit7
1301 1661 1458 1709 angelica
1476 1673 1560 1695 voce
1575 1660 1620 1695 de
1634 1668 1737 1695 nocte
1755 1662 2010 1706 commonitus7

502 1726 677 1765 quatenus
696 1719 775 1752 ilico
798 1718 842 1753 ad
862 1719 1053 1753 furandum
1075 1719 1303 1768 egrederetur
1316 1719 1342 1753 2.
1369 1719 1452 1753 Post
1469 1719 1556 1753 haec
1574 1719 1759 1767 Adelgisus
1771 1747 1779 1763 ,
1805 1719 1898 1754 filius
1916 1720 2015 1754 Desi-

501 1777 588 1811 derii
607 1777 716 1824 regis,
738 1778 800 1823 qui
819 1778 911 1811 ricto
931 1784 1029 1823 patre
1047 1777 1092 1811 ad
1111 1778 1261 1812 Graecos
1277 1778 1418 1826 fugerat
1430 1805 1437 1819 -,
1459 1790 1541 1811 eum
1561 1778 1714 1812 exercitu
1728 1778 1836 1822 redit,
1854 1778 2015 1826 initoque

502 1848 581 1869 cum
602 1835 740 1868 Francis
754 1835 845 1869 bello
860 1836 1058 1882 perimitur.
1079 1837 1180 1870 Anno
1200 1835 1396 1879 DCCXCIL
1418 1835 1564 1870 Karolus
1586 1836 1746 1884 religioni
1764 1837 2015 1871 ecclesiasticae

502 1894 646 1928 omnino
666 1895 839 1937 intentus,
862 1893 1000 1941 legendi
1016 1906 1160 1941 quoque
1174 1907 1214 1928 ac
1232 1893 1402 1940 psallendi
1417 1893 1536 1928 studio
1554 1894 1707 1928 multum
1722 1894 1864 1928 deditus
1875 1922 1884 1939 ‚
1899 1894 2014 1930 disso-

501 1952 656 1985 nantiam
669 1951 783 1999 gallici
799 1959 921 1985 cantus
937 1952 983 1986 ad
1001 1952 1227 1987 concordiam
1246 1953 1383 1986 romani
1402 1965 1486 1986 usus
1505 1953 1558 1986 bis
1577 1953 1706 2001 corrigi
1725 1953 1820 1987 fecit.
1838 1953 1908 1996 Qui
1922 1954 2012 1988 libe-

502 2011 636 2044 ralitate
650 2011 687 2043 in
706 2022 827 2044 omnes
842 2011 1008 2057 profusus
1021 2039 1029 2055 7
1051 2012 1217 2046 omnibus
1236 2012 1369 2058 ubique
1387 2019 1590 2046 sanctorum
1608 2012 1842 2058 pauperibus,
1863 2013 2014 2047 maxime

502 2068 762 2111 Jberosolimi53
789 2069 911 2103 solatia
933 2071 1138 2105 transmisit.
1162 2071 1224 2105 Hic
1242 2071 1279 2104 in
1295 2071 1340 2117 vij
1369 2071 1572 2105 liberalibus
1595 2071 1729 2105 artibus
1750 2078 2014 2118 praeceptorem

503 2128 627 2161 habuit
646 2128 852 2172 Alcuinum⁷
875 2128 919 2163 de
934 2130 1113 2164 Britannia
1132 2129 1346 2174 oriundum7
1371 2130 1433 2176 qui
1451 2137 1486 2163 et
1505 2130 1652 2164 Albinus
1670 2129 1785 2164 dietus
1805 2137 1876 2174 est,
1897 2137 1933 2164 et
1949 2130 2014 2164 de-

503 2186 593 2220 litiae
617 2187 707 2235 regis
726 2188 1008 2235 cognominatus.
1028 2189 1090 2223 Hic
1108 2190 1247 2236 scripsit
1261 2195 1431 2223 tractatus
1448 2201 1554 2235 super
1573 2188 1771 2223 Johannem
1789 2195 1824 2222 et
1841 2189 1949 2224 libros
1970 2189 2015 2224 de

503 2246 628 2279 Sancta
651 2246 820 2280 Trinitate
843 2246 887 2280 ad
906 2248 1023 2294 ipsum
1040 2260 1178 2296 regem,
1202 2260 1309 2295 quem
1336 2249 1440 2282 etiam
1460 2260 1524 2282 nec
1545 2248 1770 2294 publicorum
1789 2248 2014 2296 negotiorum

503 2305 687 2349 occupatio
705 2318 724 2338 a
744 2304 861 2339 studio
880 2306 1036 2340 retraxit.

552 2363 653 2396 Anno
674 2363 864 2397 DCCXCIII
877 2391 886 2407 ‚
907 2364 1157 2399 Constantinus
1175 2371 1324 2399 matrem
1343 2376 1442 2399 suam
1467 2365 1643 2411 Hyrenem
1661 2364 1810 2410 imperio
1831 2364 1963 2410 privat,
1980 2370 2016 2398 et

547 2451 554 2467 ¹
577 2450 690 2476 Tarasii.
1287 2453 1311 2479 E
1314 2453 1396 2489 Ieyast
1408 2465 1419 2475 n
1431 2463 1438 2488 3
1450 2452 1506 2479 Csr.
1519 2453 1649 2489 Jlessaqer
1661 2452 1705 2479 des
1718 2453 1831 2479 sciences
1845 2455 1870 2477 et
1881 2450 1925 2478 des
1938 2455 1994 2477 αντε
2003 2472 2011 2485 ,

543 2496 555 2514 2
575 2496 640 2523 Inde
659 2496 752 2523 sabula
765 2507 836 2533 quae
849 2498 1008 2524 inscribitur
1024 2509 1031 2525 :
1054 2512 1064 2523 a
1081 2499 1162 2525 carel
1173 2499 1236 2525 ende
1285 2507 1330 2524 an.
1344 2497 1417 2525 1856
1427 2520 1433 2532 ,
1447 2508 1474 2534 p.
1492 2498 1546 2525 199
1558 2503 1586 2525 et
1599 2507 1656 2534 seq.
