2137 3131
445 402 515 436 836
1052 392 1343 429 APPENDICES.

447 516 542 533 aevum
555 510 741 542 permancant,
759 504 861 538 scripto
875 500 1101 537 cyrographizato
1115 504 1142 526 et
1154 498 1307 535 sigillorum
1323 504 1481 526 nostrorum
1492 501 1659 535 appensione
1672 505 1701 527 et
1711 509 1806 528 eorum
1820 503 1871 538 qui
1884 503 1966 529 inter-

448 555 557 580 luerunt
571 552 760 578 subnotatione
774 550 904 576 roborato
916 547 1147 575 confirmavimus.
1163 546 1276 582 Signum
1288 546 1332 578 Y„
1346 547 1454 574 abbatis
1470 547 1504 573 de
1516 547 1616 582 Parco5
1633 547 1662 574 S.
1679 548 1804 581 Heni-ici,
1816 549 1967 576 sacerdotis

448 605 474 625 et
488 609 547 625 can.
563 597 762 631 S.-Gcrtrudis;
777 596 805 624 S.
823 596 935 622 Walteri
945 600 973 621 ct
982 594 1087 630 Aegidii
1097 615 1105 626 ‚
1120 594 1293 620 sacerdotum
1305 599 1331 620 et
1345 603 1406 620 can.
1421 594 1456 621 de.
1468 594 1578 629 Ninive3
1590 594 1619 621 S.
1632 595 1789 629 Menzonis‚
1804 597 1963 623 sacerdotis.

447 647 540 672 Actum
554 645 625 680 apud
635 645 782 670 Lovanium
792 665 798 669 .
816 643 867 669 sub
879 648 955 669 turre
969 642 995 668 in
1011 641 1115 676 templo
1126 641 1155 667 S.
1172 641 1263 673 Petri,
1276 650 1348 667 anno
1358 640 1533 673 MCCXVHI,
1550 641 1680 669 kalendas
1696 643 1822 680 Augusti.

1267 706 1377 739 Original
1387 726 1393 733 ,
1406 707 1428 731 lc
1439 714 1508 731 sceau
1519 707 1551 732 du
1562 708 1646 739 pret-ot
1655 708 1684 732 de
1697 709 1814 734 51-Pierre
1824 710 1853 734 de
1860 711 1966 735 Louvain

1298 754 1333 773 est
1343 749 1392 773 seul
1405 750 1527 773 conserve.

1181 844 1243 855 u

1133 1042 1292 1078 CXVIII.

446 1140 574 1182 Romul,
599 1141 686 1174 ablu!
700 1141 740 1173 de
763 1140 914 1183 Ninovc,
936 1140 1121 1175 reconnait
1142 1140 1232 1186 qu’z'l
1245 1152 1269 1173 a
1290 1139 1408 1173 vendet
1429 1152 1479 1173 au
1499 1139 1621 1186 pre'tre
1641 1140 1772 1175 Robert
1791 1141 1837 1175 les
1856 1147 1966 1176 terres

809 1199 895 1233 (lites
917 1199 1129 1248 Heghelsdal
1148 1205 1181 1233 et
1198 1200 1344 1233 Dorent.
1358 1198 1595 1232 —HARTBEKE.

1085 1385 1102 1406 Α
1117 1383 1223 1411 Ninove,
1244 1383 1316 1407 ¹918.

481 1453 509 1478 ln
529 1454 635 1479 nomine
649 1459 756 1479 sauctae
771 1459 799 1480 et
817 1454 974 1480 individuae
994 1454 1146 1480 Trinitatis.
1163 1454 1220 1489 Ego
1240 1452 1419 1488 Radfflphus,
1434 1453 1483 1479 Dei
1499 1453 1679 1488 permissione
1693 1453 1778 1480 abbas
1798 1454 1963 1487 Ninivensis‚

443 1500 582 1535 totiusque
596 1499 718 1533 ejusdem
738 1500 791 1526 loci
805 1505 975 1533 conventus,
993 1500 1120 1527 omnibus
1136 1506 1188 1526 tam
1206 1500 1398 1535 praesentibus
1412 1509 1494 1535 quam
1512 1498 1614 1526 suturis
1628 1500 1655 1526 in
1672 1505 1849 1536 perpetuum.
1865 1501 1964 1528 Notum

440 1547 553 1573 facimus
563 1568 569 1574 .
587 1547 659 1582 quod
670 1548 778 1574 circiter
786 1548 841 1574 duo
853 1548 967 1574 bonaria
980 1553 1007 1574 et
1015 1548 1155 1574 dimidium
1171 1553 1262 1574 terrae
1272 1552 1383 1574 nostrae
1392 1568 1399 1579 ‚
1415 1556 1486 1583 quae
1500 1546 1602 1573 dicitur
1616 1546 1779 1583 Heqhelsdal
1788 1569 1795 1581 ‚
1811 1553 1840 1575 et
1848 1549 1924 1583 jacet
1936 1550 1964 1576 iu

440 1594 567 1629 parochia
575 1594 608 1621 de
617 1594 752 1629 Saz‘nctes,
763 1595 872 1622 domino
882 1596 1004 1622 Roberto
1013 1596 1176 1632 presbytero
1186 1596 1220 1622 de
1228 1595 1394 1621 Haut-crois
1403 1615 1411 1627 ‚
1421 1594 1502 1621 titulo
1515 1595 1662 1630 emptionis
1669 1595 1838 1622 contulimus
1844 1595 1966 1623 haeredi-

440 1642 508 1667 tarie
517 1642 688 1677 possidenda,
699 1643 732 1668 ad
742 1643 887 1669 annualem
895 1652 1007 1670 censum
1018 1652 1070 1678 pro
1077 1652 1122 1669 sex
1130 1643 1250 1669 denariis
1258 1643 1285 1668 in
1295 1643 1365 1669 sesto
1374 1642 1446 1668 beati
1454 1641 1586 1677 Stephani
1594 1643 1805 1678 protomartyris
1813 1644 1968 1670 curiaenos-

440 1693 497 1714 trae
512 1689 584 1723 apud
598 1689 782 1716 Hardbeccam
797 1690 1002 1725 persolvendis3
1019 1691 1140 1726 itemque
1153 1690 1264 1717 circiter
1277 1690 1331 1716 dua
1345 1689 1458 1716 banaria
1471 1694 1499 1715 et
1511 1689 1653 1715 dimidium
1668 1694 1759 1716 terrae
1771 1695 1883 1718 nostrae
1895 1700 1967 1727 quae

438 1735 538 1761 dicitur
552 1735 651 1762 Dorent
661 1757 667 1764 ,
684 1737 765 1763 etiam
783 1738 811 1763 in
825 1738 897 1763 dicta
911 1737 1042 1773 parochia
1056 1738 1091 1764 de
1104 1737 1226 1764 Saincles
1237 1737 1370 1772 jacentia,
1389 1736 1477 1763 eidem
1491 1736 1526 1763 R.
1540 1736 1719 1772 presbytero,
1739 1737 1830 1772 quoad
1847 1738 1963 1771 vixerit,

439 1783 630 1809 concessimus.
649 1783 709 1818 Quo
722 1784 832 1810 sublato
846 1784 880 1811 de
896 1784 1000 1818 medio,
1014 1784 1113 1811 dictam
1129 1789 1231 1811 terram
1248 1784 1421 1820 integraliter
1432 1783 1466 1810 de
1482 1783 1600 1818 Dorent,
1618 1783 1706 1810 libere
1726 1784 1761 1810 ab
1775 1785 1849 1811 omni
1862 1785 1966 1812 calum-

439 1832 480 1855 nia
496 1835 523 1856 ει
541 1831 679 1857 exactione
698 1831 849 1858 Ninivensis
866 1832 980 1859 ecclesia
996 1838 1133 1868 perpetuo
1151 1832 1312 1868 possidebit.
1331 1831 1359 1858 Si
1377 1841 1444 1858 vero
1457 1831 1492 1857 de
1511 1836 1584 1858 terra
1603 1831 1638 1857 de
1654 1830 1756 1857 Dorent
1778 1832 1867 1859 minus
1880 1832 1967 1860 suerit

440 1886 520 1911 quam
541 1877 574 1903 dc
598 1877 769 1914 Heyltelsclal,
791 1888 963 1906 successores
982 1879 1132 1915 saepedicti
1151 1879 1184 1905 R.
1207 1879 1363 1914 presbyteri
1381 1883 1487 1905 tantum
1508 1883 1640 1904 tenentur
1657 1883 1816 1905 restaurare
1835 1879 1965 1907 ecclesiae

439 1923 573 1950 Ninivensi
587 1946 593 1953 q
615 1931 748 1960 quantum
762 1932 834 1952 terra
855 1926 889 1953 de
902 1927 1065 1963 Heqhelsdal
1081 1927 1144 1962 plus
1168 1928 1291 1954 continet
1311 1936 1393 1962 quam
1410 1931 1486 1952 terra
1506 1926 1540 1952 de
1558 1925 1670 1952 Darem.
1686 1925 1713 1952 Si
1728 1926 1809 1952 etiam
1823 1927 1966 1962 praefatus

441 1972 584 2006 presbyter
595 1972 627 1998 ad
642 1982 810 2000 communem
826 1975 908 2000 vitam
924 1984 953 2001 se
967 1975 1157 2008 transtulerit,
1173 1980 1249 2002 terra
1263 1974 1297 2001 de
1311 1974 1414 2000 Darem
1431 1973 1464 2000 ad
1479 1973 1621 2000 ecclesiam
1635 1973 1808 2000 ninivensem
1820 1975 1879 2001 sine
1892 1976 1966 2002 omni

440 2019 552 2053 querela
564 2020 673 2052 redibit,
683 2026 709 2046 et
723 2030 754 2047 ex
767 2021 812 2047 illa
827 2021 861 2048 de
876 2021 1037 2058 Heqltelsdal
1046 2032 1123 2049 suam
1134 2023 1212 2049 saciet
1224 2023 1405 2050 voluntatem.
1416 2021 1534 2057 Insuper
1546 2021 1732 2057 significamus
1745 2022 1881 2049 universis
1890 2023 1965 2059 quod

439 2075 498 2091 cum
518 2067 631 2101 pecunia
645 2077 726 2102 quam
741 2069 894 2104 accepimus
908 2070 941 2096 de
959 2075 1032 2096 terra
1052 2075 1210 2105 praetaxata
1221 2091 1227 2102 ‚
1247 2070 1443 2106 acquisivimus
1460 2073 1561 2095 terram
1581 2068 1674 2094 Hillini
1690 2078 1696 2094 ε
1713 2068 1840 2095 videlicet
1854 2070 1964 2097 circiter

434 2118 537 2147 septem
551 2114 663 2140 bonaria
677 2120 703 2141 et
716 2115 832 2151 amplius
843 2116 917 2151 apud
930 2117 1206 2152 Pamelamjacentia.
1222 2118 1256 2144 [t
1269 2123 1361 2144 autem
1374 2117 1427 2143 hoc
1438 2116 1536 2143 stabile
1550 2121 1578 2142 et
1590 2116 1782 2142 inconvulsum
1795 2117 1883 2152 possit
1895 2127 1959 2153 per-

440 2170 563 2187 manere.
582 2162 670 2197 sigillo
685 2168 779 2189 nostro
799 2170 827 2190 et
842 2164 930 2200 sigillo
950 2165 1051 2191 domini
1067 2165 1197 2199 walteri,
1217 2165 1313 2192 decani
1329 2165 1363 2191 de
1382 2163 1456 2197 Hal,
1475 2163 1527 2190 sub
1541 2163 1621 2198 cujus
1636 2163 1792 2190 testimonio
1809 2163 1877 2190 haec
1891 2163 1962 2191 sacta

439 2213 516 2239 sunt,
540 2218 668 2243 praesens
686 2211 817 2245 scriptum
831 2212 987 2238 studuimus
1001 2213 1174 2239 confirmare.
1192 2213 1289 2239 Actum
1311 2222 1382 2239 anno
1395 2211 1552 2244 Dominicae
1570 2210 1769 2237 Incarnationis
1787 2210 1962 2246 mccxvm,

440 2253 464 2277 in
481 2253 597 2281 thalamo
611 2256 731 2289 abbatis‚
749 2257 852 2283 Ninive.

1193 2359 1271 2370 l
