2118 3184
752 407 1044 443 APPENDICES.
1598 409 1668 446 863

140 515 197 542 litis
204 517 311 542 occasio
321 518 484 547 successori,
493 517 579 553 igitur
588 526 650 544 cnm
665 517 753 543 bonae
764 517 911 543 memoriae
919 516 1019 548 Guido,
1032 517 1181 543 canonicus
1190 516 1383 549 Tornacensis,
1393 517 1549 552 joi-narium
1561 519 1632 553 prati
1640 524 1665 543 et

145 562 166 588 V
183 563 286 590 solidos
301 564 441 590 annuatim
459 564 576 600 legasset
591 564 721 591 ecclesiae
740 563 878 591 Ninivensi
892 585 899 591 .
919 565 991 590 sicut
1011 565 1037 590 in
1059 564 1158 590 litteris
1173 564 1260 600 ipsius
1277 563 1410 590 Guidonis
1428 573 1513 600 super
1531 564 1583 590 hoc
1601 573 1666 591 con-

143 609 240 640 sectis.
261 611 464 638 intelleximus:
485 612 533 639 sed
556 616 617 647 post
637 616 751 638 mortem
771 605 857 647 ipsius
875 612 977 638 domini
1000 611 1032 637 G.
1051 633 1058 641 ,
1075 612 1176 638 Ywano
1195 616 1295 647 nepote
1321 621 1372 638 suo
1391 612 1613 645 contradicente,
1642 618 1667 638 et

143 657 285 684 ecclesiam
298 658 480 689 Ninivensem,
494 658 529 685 de
544 668 594 685 sua
611 658 783 693 eleemosyna
807 658 929 694 gaudere
944 667 997 684 non
1017 659 1208 694 permittente,
1237 658 1396 694 praedictus
1417 658 1449 685 Y.
1476 659 1502 685 in
1517 668 1599 685 causa
1619 664 1670 685 tes-

145 710 218 732 tatus
235 711 276 732 est
288 715 379 732 coram
399 715 440 732 me
453 706 558 732 decano
571 706 606 732 ab
619 706 732 733 ecclesia
747 711 910 737 memorata,
932 710 959 732 et
978 715 1059 732 causa
1079 706 1239 741 aliquandiu
1255 705 1385 732 ventilata
1398 727 1404 738 7
1426 706 1534 732 tandem
1552 706 1585 733 de
1601 715 1669 742 pru—

143 752 256 779 dentum
272 753 386 779 consilio
407 754 479 780 inter
498 753 665 789 praedictam
684 753 826 779 ecclesiam
851 758 878 779 et
895 753 1024 779 Ywanum
1053 753 1207 789 praefatum
1227 753 1274 779 lite
1296 754 1385 789 sopita
1399 774 1406 782 ,
1429 753 1490 779 talis
1508 754 1669 789 compositio

143 801 297 828 intercessit
313 810 319 827 :
335 801 414 836 Quod
430 801 578 834 Arnohlus,
593 806 775 837 cognomento
792 801 861 826 Tant
874 822 881 833 ‚
893 801 928 827 de
941 801 1053 827 dimidio
1068 801 1174 827 bonarii
1189 806 1279 827 terrae
1292 821 1299 831 ,
1313 801 1387 836 quod
1403 801 1505 827 dicitur
1525 800 1666 827 dimidium

144 848 252 876 bonarii
263 849 365 876 domini
382 849 529 881 Guidonis,
546 849 572 875 in
586 849 716 885 parochia
733 849 767 876 de
787 848 912 875 inseriori
929 849 1035 877 Bracle.
1057 849 1125 875 sitae
1141 849 1167 875 in
1187 848 1246 875 loco
1267 858 1338 884 quae
1359 848 1462 874 dicitur
1481 848 1514 874 ad
1529 853 1648 875 montem
1662 871 1667 875 .

142 901 205 922 octo
216 896 318 923 solidos
331 898 471 923 annuatim
483 917 489 928 ‚
504 901 531 923 et
549 905 721 922 successores
736 896 820 931 ipsius
833 917 840 927 ‚
862 896 966 922 dictum
984 896 1127 922 dimidium
1148 895 1255 921 bonarii
1273 895 1443 931 possidentes
1457 917 1463 922 .
1480 897 1506 921 in
1525 896 1569 922 die
1583 897 1667 922 sancti

144 942 276 979 Stephani
290 965 297 974 ,
310 943 344 970 ad
357 943 458 973 natale,
474 943 547 979 apud
561 942 682 976 Roselar,
698 942 817 969 solveret
830 943 855 968 in
872 948 1037 978 perpetuum
1048 942 1178 969 ecclesiae
1194 942 1330 968 Ninivensi
1340 963 1347 973 ‚
1364 947 1390 968 et
1402 942 1435 968 ad
1453 942 1505 968 hoc
1522 952 1551 968 se
1565 948 1592 969 ct
1605 952 1669 969 suos

145 999 317 1017 successores
328 992 459 1025 praestita
471 991 599 1017 cautione
614 990 677 1016 fidei
687 990 830 1026 obligavit.
847 990 990 1016 Caeterum
1005 990 1228 1025 praenominatus
1245 990 1288 1022 L,
1302 989 1426 1016 redditus
1438 989 1536 1016 horum
1551 996 1612 1016 octo
1626 1000 1670 1017 so-

143 1037 262 1064 lidorum
277 1038 311 1064 de
324 1038 398 1064 dicto
414 1038 527 1064 dimidio
543 1037 648 1063 bunarii
669 1037 889 1072 provenientium
902 1058 909 1068 ,
925 1036 959 1062 ad
973 1046 1043 1072 opus
1057 1036 1146 1062 dictae
1165 1036 1295 1063 ecclesiae
1310 1037 1336 1062 in
1359 1046 1455 1062 manus
1471 1037 1551 1063 villici
1575 1037 1609 1063 de
1628 1038 1669 1063 in-

145 1084 239 1112 feriori
257 1085 352 1111 Braete
365 1084 466 1111 obtulit
483 1090 510 1111 et
529 1084 726 1118 exfestucavit5
747 1089 774 1110 et
794 1093 855 1110 cum
875 1092 969 1109 omnes
984 1084 1043 1117 juri
1065 1089 1138 1109 stare
1156 1083 1273 1114 vellent,
1301 1084 1431 1118 praestita
1451 1084 1514 1109 fidei
1541 1085 1668 1111 cautione

145 1131 333 1159 warandisiam
343 1132 518 1168 repromisit,
536 1131 728 1166 praesentibus
743 1130 862 1157 scabinis
885 1130 920 1156 de
935 1130 1062 1156 inferiori
1076 1130 1171 1157 Bracle
1185 1140 1192 1156 :
1207 1130 1280 1157 Gene
1300 1130 1382 1167 longo
1395 1151 1402 1163 ‚
1427 1131 1552 1157 Waltero
1567 1131 1602 1158 de
1625 1132 1670 1158 ln—

143 1179 243 1216 dagine
255 1201 262 1211 ‚
276 1179 417 1206 Genekino
427 1179 462 1205 de
475 1179 602 1214 Quen-cu,
617 1178 743 1205 Johanne
757 1178 790 1204 de
803 1178 894 1204 Sti-ate
906 1199 913 1208 ,
927 1178 1051 1204 Gerardo
1064 1178 1152 1204 Fabro
1167 1188 1174 1212 3
1196 1178 1318 1204 Arnoldo
1339 1178 1451 1204 Molem'r
1467 1183 1493 1205 ct
1512 1179 1616 1206 Jacobo
1637 1180 1670 1205 de

145 1226 230 1254 Silva.
245 1226 341 1253 Dictus
356 1236 423 1253 vero
438 1225 546 1252 villicus
561 1226 587 1251 in
604 1235 698 1251 manus
717 1225 745 1251 S.
759 1246 766 1256 ,
786 1225 886 1260 prioris
904 1225 938 1251 de
952 1225 1064 1259 Ninive,
1084 1224 1172 1251 dictos
1194 1224 1319 1251 redditus
1340 1224 1452 1250 tradidit
1472 1225 1523 1251 sub
1550 1227 1671 1252 testimo-

145 1275 191 1300 nio
205 1274 341 1300 dictorum
351 1274 525 1300 scabinorum
538 1272 654 1309 Aegidii.
665 1272 819 1307 presbyteri
832 1272 865 1298 de
876 1272 1000 1298 inferiori
1012 1271 1116 1303 Bracle,
1132 1277 1159 1298 et
1171 1271 1296 1297 Balduini
1310 1271 1344 1297 de
1359 1271 1463 1305 Honse,
1475 1271 1577 1305 militis,
1591 1272 1670 1299 dictis

146 1321 264 1348 scabinis
279 1321 425 1346 admonitis
450 1325 477 1346 et
497 1319 705 1353 judicantibus,
729 1319 804 1354 quod
824 1319 851 1344 in
873 1318 960 1344 dictos
982 1318 1108 1344 redditus
1125 1317 1230 1344 nullum
1246 1317 1294 1351 jus
1312 1317 1427 1343 haberet
1448 1319 1671 1353 praenominatus

147 1367 274 1394 Ywanus.
291 1367 326 1394 Ut
339 1372 430 1393 autem
445 1367 512 1393 haec
523 1367 550 1393 in
563 1371 707 1393 aeternum
719 1371 897 1402 permaneant
911 1365 1071 1392 inconvulsa
1083 1387 1089 1397 ‚
1107 1374 1238 1400 praesens
1257 1365 1390 1400 scriptum
1404 1365 1485 1401 sigilli
1506 1366 1557 1391 mei
1572 1375 1660 1401 appen

145 1415 222 1442 sione
234 1416 260 1441 in
271 1415 456 1442 testimouium
467 1414 738 1441 etenum-mationem
753 1413 957 1449 praedictorum
970 1413 1064 1439 studui
1082 1413 1226 1439 roborare.
1242 1412 1340 1438 Actum
1355 1413 1381 1438 in
1396 1414 1466 1439 atrio
1486 1413 1617 1439 ecclesiae
1635 1413 1668 1439 de

144 1461 268 1489 interiori
279 1462 388 1495 Bracle,
400 1471 471 1488 anno
484 1461 636 1488 dominicae
648 1460 846 1487 Incarnationis
860 1459 999 1486 MCCXXX
1017 1481 1023 1491 ‚
1040 1469 1132 1486 mense
1146 1459 1226 1486 Maio.

1231 1524 1365 1548 Cartulaire
1377 1524 1406 1548 de
1419 1524 1530 1549 Malines.

885 1599 952 1610 11

834 1776 983 1811 CLVIII.

155 1878 318 1921 Conrad,
340 1876 429 1912 abhe'
448 1876 595 1924 ye'ndral
617 1875 659 1910 de
683 1874 910 1917 Pre'montre‘,
930 1874 1030 1908 [aisse
1045 1872 1068 1907 ἀ
1087 1873 1245 1920 l'ahhaye
1271 1873 1312 1907 de
1336 1872 1472 1908 Nineve
1486 1901 1496 1916 ,
1515 1886 1613 1920 pour
1638 1874 1671 1908 la

192 1940 337 1985 pitanae
356 1936 415 1970 des
439 1934 628 1982 relzyieuoe,
658 1933 686 1968 Ie
717 1933 841 1967 mardi
864 1933 905 1967 de
930 1932 965 1966 Ia
990 1929 1168 1979 premiere
1193 1934 1347 1965 semaine
1373 1931 1414 1966 de
1443 1931 1600 1974 I’Avent,
1637 1933 1670 1966 la

200 2008 329 2030 somme
342 1995 384 2029 de
401 1997 501 2041 vinyt
520 1993 586 2028 sols
602 1993 644 2027 de
661 1992 793 2027 blanca.
815 2012 861 2018 -
880 1992 1061 2026 Rousmnn.

876 2167 948 2191 125⁰,

187 2241 358 2272 Com-ardus,
375 2240 423 2267 Dei
437 2240 526 2276 gratia
540 2239 817 2266 Praemonstratensis
829 2237 925 2270 abbas,
939 2238 1076 2264 universis
1089 2242 1141 2263 tam
1156 2237 1349 2273 praesentibus
1362 2246 1445 2272 quam
1459 2236 1559 2263 suturis
1575 2237 1600 2262 in
1617 2237 1673 2263 Do-

151 2291 225 2316 mino
235 2288 362 2314 salutem.
378 2286 454 2313 Scire
468 2286 595 2313 volumus
605 2287 763 2317 universos⁷
781 2285 854 2321 quod
866 2294 916 2311 nos
934 2283 1042 2310 dilectis
1055 2283 1116 2310 filiis
1132 2289 1285 2310 conventus
1300 2284 1430 2310 ecclesiae
1443 2283 1596 2310 Ninivensis
1608 2305 1615 2316 ,
1633 2285 1673 2310 in-

151 2337 286 2364 dulsimus
304 2335 339 2361 dc
361 2336 449 2371 gratia
471 2334 583 2370 speciali
599 2333 674 2370 quod
688 2334 782 2370 viginti
801 2332 903 2359 solidos
922 2332 1098 2360 blancorum.
1116 2340 1186 2367 quos
1204 2331 1291 2358 frater
1309 2331 1450 2358 Walterus
1468 2331 1502 2357 de
1521 2331 1672 2357 Har-[beke.

152 2384 298 2421 presbyter
314 2388 341 2409 et
357 2391 453 2408 eorum
469 2382 683 2411 concanonicus,
702 2381 849 2416 acquisivit
866 2389 916 2415 per
929 2389 994 2406 suos
1009 2378 1155 2405 familiares
1174 2383 1199 2405 et
1215 2388 1300 2405 novos
1309 2379 1427 2405 habeant
1445 2379 1504 2405 sine
1520 2378 1675 2404 contradic-

150 2433 225 2459 tione
235 2431 342 2466 aliqua,
355 2430 381 2455 in
394 2434 571 2464 perpetuum,
584 2429 724 2454 annuatim
737 2428 770 2453 ad
788 2428 929 2463 pitantiam
943 2426 1104 2459 faciendam,
1117 2426 1186 2453 seria
1196 2427 1277 2453 tertia
1287 2426 1358 2452 inl'ra
1371 2427 1485 2461 primam
1495 2426 1673 2461 septimanam

150 2474 300 2509 adientus,
316 2481 345 2503 et
357 2485 388 2502 ea
405 2475 450 2502 die
462 2475 510 2501 fiet
521 2475 548 2501 in
561 2474 656 2501 eadem
670 2474 786 2501 ecclesia
797 2473 927 2500 solemnis
938 2474 1143 2500 anniversarius
1156 2473 1362 2500 benefactorum
1371 2493 1378 2504 ,
1394 2472 1567 2499 familiarium
1582 2478 1609 2499 et
1625 2482 1674 2508 pa-

151 2531 260 2552 rentum
273 2532 385 2550 suorum
398 2544 404 2551 .
420 2527 446 2548 et
458 2522 578 2548 omnium
590 2521 712 2548 fidelium
725 2521 933 2548 defunctorum.
947 2526 975 2547 ct
986 2530 1020 2547 ne
1034 2521 1091 2556 ipsa
1103 2521 1218 2556 pitantia
1233 2521 1317 2555 possit
1328 2519 1398 2546 idem
1415 2525 1567 2547 conventus
1582 2520 1673 2555 aliqua
