2118 3184
797 429 1084 466 APPENDICES.
1631 430 1701 465 915

180 548 327 577 convente,
342 541 447 579 gheselt
461 547 514 568 met
529 546 627 568 onsent
640 540 761 577 segllele.
774 539 844 566 Dese
857 538 999 565 vot-warde
1010 547 1063 564 was
1077 538 1203 574 ghemact
1213 546 1262 564 vor
1274 546 1324 564 ons
1336 537 1406 564 ende
1417 546 1466 563 vor
1480 536 1540 563 vele
1553 536 1700 573 goderlide

176 596 203 618 te
215 590 348 622 velseke,
364 590 386 616 's
402 588 577 625 donderdags
592 598 641 615 vor
656 588 690 614 de
700 587 834 624 gheborte
850 592 911 613 sant
924 586 990 612 Jans
1008 585 1133 621 Baptiscli
1144 606 1151 617 ‚
1171 585 1211 611 int
1219 585 1264 619 jar
1278 594 1311 611 na
1324 584 1358 611 de
1374 584 1527 611 lncarnatie
1540 583 1597 610 Ons
1609 583 1698 610 Ilei-en

179 638 334 666 MCCLVll.

1197 669 1328 694 cartulaire
1341 670 1369 693 de
1379 669 1486 694 Malincs.

849 841 1011 877 CCXXV.

185 926 300 961 Othon
313 926 355 959 de
379 924 593 960 Contrecuer
611 929 643 957 et
657 935 720 957 son
731 922 788 968 fils
800 921 957 955 domzent
969 933 1018 954 au
1031 926 1177 954 convent
1182 947 1191 963 ,
1211 919 1234 953 ἁ
1251 920 1377 967 clzmye
1391 920 1498 955 cl'wze
1511 921 1701 955 redevance

229 983 391 1018 avmzuelle
412 983 453 1017 de
469 983 563 1017 deust
582 983 722 1017 demers-
739 981 780 1015 de
794 980 969 1022 Flamlre,
993 992 1045 1013 un
1063 978 1198 1013 maulia
1216 977 1238 1012 ὰ
1257 985 1337 1013 vent
1354 980 1446 1013 xilue'
1461 978 1484 1013 cl
1502 979 1528 1013 A
1531 979 1695 1026 pelterre.

227 1064 275 1069 —
291 1043 429 1077 Loz'rsu.

905 1186 978 1209 1257.

219 1260 358 1287 [niversis
377 1264 537 1295 praesentes
558 1258 664 1284 litteras
682 1257 792 1284 visuris.
811 1256 877 1283 Osto
895 1256 988 1289 miles,
1009 1255 1135 1282 dominus
1152 1255 1186 1281 de
1204 1255 1374 1290 Contrecuer,
1393 1261 1420 1282 et
1436 1256 1516 1282 Osto.
1534 1257 1593 1290 ejus
1609 1256 1698 1289 silius,

178 1307 294 1335 salutem
309 1307 335 1333 in
347 1306 474 1333 Domino.
487 1305 622 1332 Noveritis
635 1304 710 1340 quod
723 1314 773 1330 nos
787 1303 908 1330 unanimi
923 1312 1056 1330 consensu
1071 1303 1174 1338 pariter
1182 1307 1209 1328 et
1221 1311 1331 1328 assensn
1344 1303 1410 1329 viris
1420 1302 1554 1338 religiosis
1568 1303 1660 1329 abbati
1675 1309 1701 1329 et

177 1354 324 1382 conventui
342 1353 535 1380 Ninivensibus
553 1352 702 1379 molendini
717 1352 834 1378 stadium
851 1351 885 1377 ad
902 1356 1012 1377 ventum
1031 1351 1058 1377 in
1073 1350 1136 1376 villa
1153 1354 1247 1376 nostra
1262 1350 1296 1375 de
1312 1350 1452 1385 Apelterre
1467 1350 1632 1376 contulimus
1650 1359 1700 1385 pro

177 1402 287 1429 duobus
296 1401 416 1427 denariis
428 1400 631 1427 flandrensibus
641 1421 649 1433 ,
660 1399 739 1426 nobis
750 1409 799 1425 seu
809 1399 910 1425 nostris
921 1398 954 1424 ad
968 1398 1057 1424 natale
1066 1398 1173 1424 Domini
1185 1398 1325 1423 annuatim
1333 1397 1471 1423 solvendis
1479 1418 1485 1430 ‚
1496 1397 1522 1423 in
1534 1402 1700 1433 perpetuum

176 1450 264 1476 libere
282 1453 310 1475 et
327 1448 453 1475 absolute
463 1448 529 1483 jure
546 1447 732 1474 haereditario
744 1446 955 1482 possidendum,
970 1451 997 1472 et
1008 1445 1083 1481 quod
1100 1454 1149 1471 nos
1165 1445 1267 1472 eisdem
1287 1445 1470 1471 concessimus
1483 1450 1510 1471 et
1523 1445 1647 1471 dedimus
1661 1450 1702 1470 ta-

177 1498 230 1523 lem
245 1496 401 1523 libertatem
416 1495 491 1531 quod
504 1504 598 1521 omnes
613 1499 754 1521 manentes
767 1493 838 1520 iufra
851 1493 1000 1520 dominium
1014 1494 1071 1519 sive
1082 1493 1251 1519 advocatiam
1265 1492 1391 1519 villarum
1403 1498 1558 1519 nostrarum
1573 1493 1606 1519 de
1622 1493 1702 1528 Apel-

176 1548 245 1570 terre
259 1547 287 1569 et
295 1542 330 1569 de
340 1542 452 1578 Eiqhem
464 1542 566 1568 molere
578 1542 749 1568 tenebuntur
756 1541 830 1576 apud
839 1541 933 1567 Loeesh
944 1540 977 1566 ad
987 1540 1142 1566 molendina
1152 1545 1205 1566 tam
1218 1549 1307 1575 aquae
1318 1550 1399 1576 quam
1412 1541 1485 1567 venti
1497 1540 1699 1575 praedictorum

178 1590 286 1616 abbatis
296 1594 322 1616 et
335 1594 502 1622 conventus,
516 1594 543 1615 et
555 1598 605 1615 nos
619 1598 667 1615 seu
682 1589 785 1624 posteri
799 1589 885 1614 nostri
899 1589 971 1624 ipsos
986 1593 1125 1614 manentes
1138 1587 1303 1623 compellere
1316 1597 1371 1614 non
1384 1588 1546 1623 poterimus,
1557 1593 1588 1614 ut
1600 1587 1634 1614 ad
1648 1597 1702 1614 mo-

177 1636 290 1663 lendum
303 1636 366 1662 alibi
380 1645 409 1662 se
424 1635 629 1662 transferantur
639 1656 645 1668 ‚
660 1644 711 1661 nec
725 1635 784 1661 aliis
795 1635 1015 1670 quibuscumque
1030 1634 1064 1661 de
1077 1639 1186 1661 caetero
1200 1635 1351 1670 poterimus
1362 1634 1444 1661 talem
1458 1634 1702 1661 concedereliber—

179 1689 274 1710 tatem.
289 1684 374 1710 Immo
387 1683 514 1709 volumus
528 1688 555 1709 et
569 1682 742 1709 decernimus
755 1682 830 1718 quod
844 1683 991 1718 praemissa
1006 1692 1021 1708 a
1038 1682 1116 1708 nobis
1130 1688 1156 1709 et
1170 1682 1287 1718 posteris
1302 1683 1403 1708 nostris
1416 1682 1442 1708 in
1456 1682 1521 1717 ipsis
1535 1687 1700 1718 perpetuum

178 1731 376 1758 inviolabiliter
393 1731 588 1757 observentur.
605 1731 635 1756 ln
653 1731 733 1765 cujus
746 1731 785 1756 rei
799 1730 983 1757 testimonium
994 1751 1000 1762 ‚
1015 1739 1066 1766 ego
1078 1730 1144 1757 Osto
1159 1729 1236 1756 miles
1250 1734 1409 1765 praesentes
1419 1729 1524 1756 litteras
1538 1729 1627 1765 sigillo
1641 1738 1701 1755 meo

179 1779 326 1812 roboravi,
345 1788 397 1815 ego
411 1788 477 1805 vero
497 1778 564 1805 Osto
580 1778 667 1812 silius,
687 1779 734 1814 qui
754 1779 895 1814 proprium
912 1787 966 1804 non
983 1777 1072 1804 liabeo
1087 1777 1222 1813 sigillum,
1241 1777 1294 1803 sub
1312 1777 1402 1813 sigillo
1420 1777 1506 1812 patris
1521 1777 1589 1809 mei,
1609 1776 1701 1803 militis

178 1825 310 1862 praedicti
322 1846 330 1858 ‚
342 1835 384 1852 me
393 1825 608 1861 comprehendo.
625 1825 692 1851 Acta
704 1824 816 1851 suerunt
825 1824 892 1851 haec
903 1825 930 1850 in
944 1824 1098 1860 praesentia
1111 1823 1251 1850 hominum
1260 1829 1418 1850 nostrorum
1432 1823 1546 1850 Rasonis
1559 1823 1602 1850 del
1613 1823 1698 1855 Roest,

179 1872 289 1900 Davidis
306 1872 398 1899 clerici
409 1894 416 1904 ‚
437 1877 465 1899 et
483 1873 604 1909 magistri
625 1872 732 1909 Aegidii
746 1894 753 1905 ,
774 1878 801 1898 et
823 1872 940 1898 aliorum
964 1871 1169 1907 quamplurium
1185 1872 1336 1907 proborum
1358 1872 1490 1898 virorum.
1508 1871 1608 1897 Datum
1629 1881 1700 1897 anno

179 1919 287 1947 Domini
298 1919 442 1947 MCCLVH
454 1941 460 1952 ‚
477 1920 504 1946 in
517 1920 639 1946 crastino
651 1920 801 1946 nativitatis
813 1919 910 1946 beatae
922 1918 1053 1955 Virginis.

1211 1955 1319 1988 Original
1329 1974 1335 1985 ‚
1351 1963 1419 1980 sceau
1434 1955 1518 1986 pei-dui

852 2137 1032 2172 CCXXVI.

187 2216 349 2250 Vidimus
366 2217 417 2251 du
435 2223 618 2251 testament
633 2216 788 2251 d’Othon
805 2217 846 2251 de
872 2216 1095 2264 Traseynz'es,
1115 2215 1478 2259 surnomme'l’Oncle,
1496 2216 1615 2250 domze'
1627 2228 1701 2262 pm·

285 2274 487 2309 Guillawme
499 2302 510 2317 ,
524 2274 748 2309 archidiacre
762 2275 804 2309 de
821 2274 995 2310 Camhraz'
1003 2286 1102 2321 pour
1115 2274 1143 2308 le
1162 2274 1340 2308 Brahanc.
1358 2294 1405 2299 —
1422 2273 1599 2307 worm-Te.

903 2440 976 2465 1258.

220 2511 360 2538 Universis
373 2517 532 2547 praesentes
546 2512 652 2538 litteras
671 2512 835 2548 inspecturis
846 2533 853 2545 ‚
874 2511 1028 2538 Willelmus
1038 2532 1045 2544 ‚
1060 2510 1269 2538 archidiaconus
1283 2509 1484 2536 Cameracensis
1497 2510 1524 2535 in
1537 2509 1697 2537 Brabantia.

182 2558 298 2585 salutem
314 2559 342 2585 in
356 2558 483 2586 Domino.
498 2559 677 2587 Universitati
691 2564 797 2586 vestrae
811 2564 908 2586 tenore
920 2559 1105 2595 praesentium
1119 2557 1304 2595 significamus
1322 2556 1396 2593 quod
1408 2566 1458 2584 nos
1471 2557 1636 2592 inspeximus
1650 2562 1703 2584 tes-
