2137 3131
414 326 483 361 868
1017 322 1306 359 APPENDICES.

413 436 487 461 bebit
497 444 528 461 ex
540 435 578 461 eis
590 433 726 460 annuatim
739 433 860 467 quinque
872 431 965 459 solidis
977 453 983 463 ,
999 431 1157 467 capellanus
1171 431 1291 467 capellae
1304 433 1390 459 sancti
1405 432 1477 458 Petri
1488 436 1610 467 quatuor
1621 431 1722 458 solidos
1734 437 1763 458 et
1782 437 1874 459 custos
1887 441 1931 459 ec-

413 481 709 509 elesiaeilerbeccensis
720 480 753 513 xij
766 479 903 506 denarios.
914 480 980 506 ltern
990 479 1106 505 contulit
1116 480 1141 505 in
1153 479 1351 515 eleemosynam
1362 480 1566 515 presbyteratui
1575 479 1705 506 ecclesiae
1713 479 1748 506 de
1757 479 1933 516 Bevenqhm,

415 538 497 555 unuin
509 528 652 553 bunarium
664 531 753 552 terrae
764 526 927 552 allodialiter
937 531 1104 561 spectantem
1119 526 1153 552 ad
1167 526 1271 562 ipsum,
1285 536 1356 562 quae
1367 527 1441 561 jacet
1455 527 1481 552 in
1496 526 1606 552 cultura
1620 527 1692 552 inter
1706 526 1869 562 Bevenqhem
1882 526 1934 552 vil-

416 577 466 601 lain
477 576 510 600 <le
523 574 623 600 allodio
637 574 662 599 in
674 574 808 608 superiori
819 578 897 608 parte
910 593 917 605 ‚
931 583 1011 608 quam
1023 578 1121 599 terram
1135 583 1148 599 a
1161 573 1265 609 capella
1277 583 1348 609 quae
1363 573 1415 600 suit
1428 573 1501 609 apud
1515 573 1644 599 allodium
1655 573 1681 599 in
1691 572 1931 599 commutationem

416 623 527 657 recepit.
545 621 610 646 Item
625 620 740 646 contulit
753 620 881 646 ecclesiae
894 619 928 645 de
944 619 1085 654 Vennum,
1095 621 1121 646 in
1135 625 1295 655 perpetuam
1311 620 1510 656 eleemosynam
1518 620 1696 656 capellaniam
1709 619 1743 646 de
1755 619 1930 655 lVederqrete,

414 678 474 695 cum
489 668 613 693 omnibus
626 667 796 702 pertinentiis
810 668 883 699 suis,
898 668 935 693 ita
949 672 1038 693 tamen
1051 667 1126 702 quod
1140 667 1261 694 eamdem
1275 668 1453 703 capellaniam
1471 677 1644 703 nequaquam
1659 677 1709 702 per
1719 667 1870 693 secularem
1888 675 1933 693 ca-

413 715 547 751 pellanum
556 736 562 745 ,
578 715 624 740 sed
640 724 688 749 per
701 724 783 740 unum
796 724 828 740 ex
837 715 973 740 canonicis
984 715 1041 740 suis
1051 714 1124 741 dicta
1138 715 1251 741 ecclesia
1261 720 1398 750 perpetuo
1411 715 1493 741 saciet
1509 715 1654 741 deserviri.
1670 714 1739 741 Item
1753 714 1786 740 ad
1801 713 1931 740 fabricam

412 762 540 788 ecclesiae
553 761 587 787 de
597 761 724 787 Windeca
739 761 855 787 contulit
869 762 895 786 in
909 760 1107 796 eleemosynam
1120 761 1256 795 omnejus
1264 762 1338 797 quod
1351 761 1449 788 habuit
1463 762 1488 787 in
1501 767 1575 788 terra
1590 761 1635 787 illa
1650 770 1720 797 quae
1738 760 1789 787 suit
1799 760 1933 786 Pennino-

413 809 488 843 stapli
501 809 526 833 in
537 807 645 833 cultura
660 807 694 833 de
705 807 866 842 leltuqlite,
881 817 975 834 versus
985 813 1093 843 pratum
1106 808 1181 843 quod
1194 808 1296 834 dicitur
1311 808 1476 840 Traisenirt,
1487 808 1538 835 hac
1550 809 1707 835 conditione
1721 807 1796 844 quod
1809 809 1934 844 proviso-

414 865 456 881 res
463 856 550 881 dictae
560 855 689 881 ecclesiae
697 855 802 881 dabunt
813 855 938 881 Mabiliae
949 855 983 881 dc
997 855 1164 892 Ghehuqlzte,
1174 856 1207 881 de
1217 856 1356 891 praedicta
1365 861 1438 882 terra
1447 857 1587 882 annuatim
1596 866 1681 882 unum
1690 856 1809 882 modium
1817 854 1934 891 siliginis

413 902 501 937 quoad
510 902 615 933 vixerit,
626 906 724 928 etcum
738 901 783 927 illa
792 901 951 933 decesserit,
964 902 1050 928 libera
1064 903 1117 928 erit
1127 903 1266 938 praedicta
1277 903 1391 929 ecclesia
1402 913 1417 928 a
1432 904 1563 938 pensione
1577 903 1716 938 praedicta
1732 902 1766 928 ad
1781 901 1911 928 fabricam
1922 912 1929 936 ;

413 955 439 975 et
452 948 580 974 ecclesiae
592 948 625 973 de
643 949 723 974 Conrl
738 949 823 974 sancti
834 948 964 983 Stephani
976 949 1093 975 contulit
1106 950 1133 975 in
1152 949 1351 985 eleemosynam
1366 959 1451 976 unum
1470 950 1617 976 bunarium
1635 955 1725 975 terrae
1742 948 1775 975 de
1795 954 1871 975 terra
1882 957 1932 974 sua

413 1005 493 1031 quam
504 995 602 1021 ibidem
617 994 723 1020 habuit.
737 995 804 1020 Item
815 994 908 1020 liberis
920 994 1029 1021 Ostonis
1037 996 1071 1022 de
1081 996 1162 1022 Com-t
1175 1001 1201 1022 et
1212 996 1328 1022 Hawidis
1336 997 1429 1022 uxoris
1441 997 1500 1030 ejus
1514 997 1635 1022 restituit
1649 995 1846 1022 haereditatem
1854 1004 1932 1021 suam

414 1051 467 1077 qua
476 1051 536 1067 eum
546 1041 707 1068 destituerat
718 1050 767 1076 per
778 1042 882 1073 omnia,
896 1042 1046 1068 secundum
1060 1042 1133 1078 quod
1146 1043 1248 1068 scabini
1259 1043 1333 1069 illius
1345 1043 1598 1077 villaejudicabunt
1609 1052 1656 1069 eos
1665 1043 1723 1069 sore
1735 1041 1931 1069 restituendos.

414 1089 480 1115 Item
489 1088 603 1114 contulit
612 1089 638 1113 in
645 1087 843 1122 eleemosynam
854 1089 1018 1114 monasterio
1027 1089 1184 1115 monialium
1193 1089 1226 1115 de
1236 1089 1309 1115 Bello
1320 1094 1399 1125 prato
1408 1099 1493 1116 unum
1505 1090 1653 1116 bunarium
1663 1094 1754 1116 terrae
1761 1089 1795 1115 de
1802 1089 1849 1115 illa
1856 1093 1931 1115 terra

414 1145 494 1172 quam
504 1136 566 1162 emit
574 1145 637 1170 erga
646 1135 798 1161 Walterum
807 1135 918 1161 militem
928 1136 961 1162 de
971 1135 1069 1162 Outra.
1079 1136 1147 1162 Item
1163 1137 1310 1173 assignavit
1320 1138 1346 1162 in
1360 1137 1486 1163 manibus
1495 1137 1625 1163 abbatum
1636 1137 1670 1163 de
1682 1136 1850 1163 Camberone
1860 1140 1888 1162 et
1898 1135 1932 1162 de

415 1183 519 1214 Ninive‚
530 1182 621 1211 decem
632 1181 715 1207 libras
724 1182 894 1208 flandrenses
904 1183 1075 1218 recipiendas
1084 1183 1235 1216 annuatim,
1247 1184 1292 1210 ubi
1301 1184 1334 1210 R.
1349 1183 1433 1210 abbas
1441 1184 1475 1210 de
1483 1184 1579 1210 Ninive
1587 1189 1614 1210 et
1624 1193 1674 1220 ego
1684 1184 1729 1210 W.
1738 1183 1772 1209 de
1780 1182 1895 1209 Her-ines
1906 1187 1934 1208 et

416 1229 448 1255 O.
460 1229 493 1255 de
505 1229 674 1264 Transiynt'es
683 1238 728 1254 eas
735 1228 923 1255 ordinaverint
931 1230 1117 1265 recipiendas3
1127 1240 1158 1256 ex
1170 1231 1272 1266 quibus
1281 1231 1374 1257 decem
1383 1231 1460 1257 libris
1470 1231 1534 1257 dicti
1546 1231 1659 1257 abbates
1669 1231 1769 1257 sacient
1781 1230 1933 1256 restitutio-

418 1286 478 1303 nem
488 1276 614 1302 omnibus
628 1276 680 1302 illis
691 1277 737 1311 qui
746 1276 821 1310 juste
829 1283 1036 1314 conquerentur
1047 1278 1081 1304 de
1091 1279 1164 1313 ipso,
1180 1278 1255 1314 quod
1267 1279 1300 1305 ab
1312 1279 1351 1305 eis
1362 1278 1574 1314 aliquidinjnste
1587 1279 1723 1314 acceperit
1733 1278 1776 1306 vel
1787 1278 1934 1305 extorserit

418 1329 527 1359 praeter
536 1324 669 1357 justitiam
680 1329 706 1349 et
715 1323 833 1350 debitam
845 1325 991 1358 rationem,
1001 1331 1028 1351 et
1037 1325 1148 1352 durabit
1157 1326 1229 1352 dicta
1238 1326 1377 1352 restitutio
1386 1326 1420 1353 de
1434 1335 1505 1352 anno
1516 1327 1543 1352 in
1554 1336 1666 1358 annum,
1676 1335 1821 1362 quousque
1828 1325 1932 1352 calum-

420 1372 479 1397 niae
491 1371 690 1406 querelantium
704 1372 910 1407 conquieverint
922 1393 928 1405 ,
943 1378 971 1399 et
982 1382 1044 1399 cum
1055 1374 1160 1409 sopitae
1175 1374 1292 1407 suerint,
1304 1374 1416 1400 habebit
1425 1373 1539 1400 ecclesia
1549 1374 1583 1400 de
1597 1374 1765 1400 Camberone
1779 1373 1933 1410 praedictas

417 1419 509 1444 decem
519 1418 601 1444 libras
610 1423 744 1453 perpetuo
752 1420 902 1451 annuatim,
912 1420 948 1446 ita
958 1420 1032 1456 quod
1040 1429 1101 1446 cum
1109 1422 1181 1447 omni
1190 1422 1348 1458 integritate
1357 1422 1389 1447 ad
1399 1426 1504 1457 partem
1512 1430 1588 1447 suam
1595 1427 1759 1448 convertent
1766 1430 1811 1447 eas
1818 1425 1934 1457 propter

417 1465 614 1500 eleemosynam
629 1466 712 1501 ipsius
730 1466 858 1493 ecclesiae
871 1467 1063 1503 ampliandam.
1077 1468 1145 1495 Item
1159 1470 1308 1505 assignavit
1321 1470 1347 1495 in
1362 1469 1487 1495 manibus
1501 1469 1636 1495 dictorum
1649 1469 1779 1496 abbatum
1793 1469 1890 1505 viginti
1900 1469 1934 1495 li-

417 1514 480 1539 bras
490 1513 679 1546 Flandrenses⁷
693 1523 742 1549 per
750 1523 835 1540 unum
844 1524 946 1541 annum
955 1516 1127 1551 recipiendas
1136 1516 1170 1543 de
1178 1516 1359 1553 proventibus
1367 1517 1433 1549 suiS‚
1443 1525 1528 1552 quum
1535 1518 1561 1542 in
1571 1517 1696 1553 Augusto
1705 1517 1828 1553 proximo
1836 1516 1932 1543 futuro

418 1562 433 1586 ὰ
444 1560 468 1586 [α
479 1560 583 1586 Rosz‘ere
591 1561 697 1596 etapud
709 1562 851 1588 Aubeclzies
861 1563 984 1598 venient3
999 1573 1031 1589 ex
1043 1564 1145 1599 quibus
1156 1565 1249 1591 decem
1258 1564 1335 1591 libris
1347 1565 1412 1591 dicti
1427 1565 1541 1591 abbates
1553 1564 1698 1591 conferent
1713 1565 1836 1600 quinque
1848 1563 1933 1590 abba-

417 1607 460 1633 tiis
470 1608 496 1633 in
505 1608 652 1634 remedium
662 1609 766 1635 animae
774 1618 851 1639 suae,
862 1609 974 1636 cuilibet
984 1610 1109 1637 abbatiae
1118 1611 1143 1637 xl
1153 1611 1264 1644 solidos,
1275 1612 1426 1638 secundum
1435 1612 1509 1648 quod
1520 1621 1616 1638 eorum
1627 1611 1730 1638 sederit
1740 1611 1811 1638 bene
1820 1610 1931 1647 placito,

417 1654 536 1690 reliquas
546 1664 610 1680 vero
624 1655 715 1682 decem
731 1655 814 1682 libras
827 1656 995 1684 distribuent
1010 1657 1116 1685 clericis
1131 1664 1158 1685 et
1172 1659 1342 1695 presbyteris
1355 1669 1405 1695 pro
1419 1660 1508 1686 anima
1521 1660 1581 1694 ejus
1594 1659 1672 1694 juxta
1685 1659 1760 1695 quod
1772 1658 1870 1685 melius
1883 1668 1934 1685 no·-

416 1703 505 1727 verint
518 1702 654 1737 expedire.
670 1703 792 1739 Denique
806 1713 867 1730 cum
879 1703 1021 1730 ecclesiam
1031 1705 1065 1732 de
1077 1706 1173 1733 Ninive
1182 1727 1189 1739 a
1209 1716 1291 1742 quam
1302 1716 1410 1742 semper
1424 1706 1528 1739 dilexit,
1541 1707 1568 1732 in
1582 1707 1664 1733 finem
1678 1706 1814 1739 dilexerit,
1827 1715 1886 1732 eam
1900 1706 1928 1732 in

417 1749 511 1775 eadem
526 1749 638 1775 ecclesia
648 1750 699 1775 sibi
711 1750 881 1785 sepulturam
893 1751 975 1787 elegit
990 1757 1052 1778 ante
1062 1752 1149 1779 altare
1161 1753 1361 1789 apostolorum,
1371 1754 1404 1780 ad
1419 1754 1494 1789 quod
1507 1754 1622 1790 singulis
1635 1753 1733 1780 diebus
1745 1753 1932 1780 celebrabitur

420 1796 497 1821 missa
511 1805 560 1831 pro
575 1796 632 1831 ipsa
643 1802 670 1822 et
684 1796 911 1824 antecessoribus
923 1808 972 1825 nec
990 1808 1044 1825 nou
1060 1805 1088 1826 et
1102 1801 1308 1827 successoribus
1322 1801 1400 1836 ejus5
1417 1800 1492 1827 unde
1510 1806 1537 1827 et
1556 1802 1629 1836 piam
1648 1801 1817 1827 voluntatem
1832 1809 1932 1837 gerens

418 1852 481 1878 erga
494 1843 657 1878 praedictam
672 1843 812 1870 ecclesiam
827 1845 943 1871 contulit
957 1847 1103 1873 couventui
1117 1847 1190 1874 illius
1203 1847 1335 1874 ecelesiae
1349 1849 1375 1874 in
1388 1847 1503 1874 liberam
1516 1852 1543 1874 et
1555 1853 1717 1883 perpetuam
1730 1848 1931 1883 eleemosynam

419 1890 451 1915 ad
462 1890 654 1916 celebrandum
669 1891 885 1918 anniversarium
896 1902 976 1918 suum
988 1898 1015 1919 et
1027 1894 1060 1919 ad
1072 1894 1194 1930 reliquos
1208 1896 1334 1931 proprios
1347 1904 1415 1921 usus
1426 1904 1495 1930 quos
1509 1895 1643 1928 voluerit,
1657 1895 1746 1921 omnia
1759 1895 1831 1922 bona
1843 1894 1890 1922 illa
1904 1896 1931 1921 in

421 1938 513 1968 terris,
530 1938 615 1973 pratis
624 1943 650 1964 et
664 1939 733 1964 sicut
748 1939 774 1964 in
789 1940 915 1966 omnibus
928 1940 987 1967 aliis
1000 1942 1177 1969 continentur
1190 1943 1313 1970 aiseutiis
1327 1943 1401 1979 apud
1411 1942 1531 1970 Scaltaem
1540 1964 1547 1976 ‚
1563 1952 1634 1978 quae
1647 1943 1718 1969 bona
1726 1943 1792 1969 emit
1806 1952 1872 1980 erga
1883 1943 1934 1969 do-

421 1984 516 2009 minam
525 1984 699 2011 Kallierinam
713 1985 747 2011 de
758 1986 943 2019 Crainenhem,
960 1992 987 2014 et
998 1988 1167 2015 domicellam
1176 1989 1340 2016 Helewidem
1351 1990 1434 2016 filiam
1447 1990 1520 2024 ejus,
1533 1999 1604 2025 quae
1613 1990 1678 2024 jure
1691 1989 1810 2016 allodiali
1819 1990 1931 2026 pacifice

420 2032 505 2057 tenuit
520 2037 546 2058 et
555 2032 684 2067 possedit.
700 2033 796 2060 Actum
809 2034 882 2069 apud
895 2034 1070 2072 Wederqrete‚
1086 2047 1157 2064 anno
1170 2037 1277 2064 Domini
1291 2037 1358 2064 MCC
1372 2038 1523 2070 tricesimo,
1539 2038 1566 2064 in
1579 2037 1624 2064 die
1634 2038 1707 2064 beati
1720 2037 1875 2065 Clementis.

1414 2102 1536 2135 Originu,
1551 2110 1620 2127 sceau
1630 2102 1727 2128 deu-uit.
