2137 3131
416 337 484 371 870
1025 325 1314 363 APPENDICES.

413 444 608 477 ‹levemus-ynam
622 441 730 466 circitor
745 439 796 463 tria
811 437 923 463 bonaria
935 441 963 461 et
974 444 1058 461 unum
1072 435 1218 461 dietarium
1232 438 1324 460 terrae
1335 433 1452 467 jacentis
1466 434 1493 459 in
1508 432 1638 468 parochia
1651 432 1686 459 de
1700 432 1908 459 Neder-Ilasselt
1918 454 1925 465 ¹,

417 489 603 525 praesentibus
616 484 777 521 quibusdam
795 483 950 509 hominibus
964 482 1029 508 meis
1041 486 1068 507 et
1081 480 1245 516 quibusdam
1259 480 1376 506 scabinis
1394 489 1424 506 ac
1440 479 1532 506 villico
1549 479 1583 505 de
1603 480 1722 515 Asplar,
1736 478 1852 506 inferius
1863 480 1930 506 sub—

419 538 515 563 notatis
526 557 532 567 ‚
549 533 681 569 quidquid
698 532 780 558 habui
795 532 820 557 in
834 530 972 566 praedicta
987 529 1098 555 terrain
1114 528 1210 559 talliis,
1226 527 1432 563 herbengariis,
1448 526 1611 562 quibusdam
1625 527 1772 553 servilibus
1786 527 1926 562 operibus.

417 594 485 619 quac
501 581 647 616 vulgariter
661 578 834 614 appellantur
855 576 1030 608 borchwerch,
1051 580 1078 601 et
1094 575 1120 601 in
1140 575 1266 601 omnibus
1281 574 1340 600 aliis
1354 583 1529 610 quocumque
1549 573 1740 610 appellationis
1752 583 1853 610 genere
1869 582 1929 600 cen-

417 636 526 657 seantur
537 649 543 659 ,
562 627 716 663 praedictae
728 624 866 651 Ninivensi
886 622 1015 649 ecclesiae
1029 623 1056 648 in
1074 621 1273 656 eleemosynam
1291 620 1436 647 conferens
1452 621 1479 646 in
1498 625 1662 656 perpetuum
1679 620 1800 656 gratuita
1811 620 1928 647 liberali-

417 684 470 704 tate
485 676 587 708 remisi,
601 680 643 707 ct,
658 679 687 699 ut
698 672 818 699 eamdem
831 677 931 697 terram
944 679 959 696 a
972 670 1141 705 praenotatis
1156 669 1274 696 servitiis
1286 673 1313 695 et
1328 669 1362 694 ab
1376 668 1503 694 omnibus
1517 667 1575 695 aliis
1585 668 1774 694 exactionibus
1786 668 1889 704 quitam
1900 672 1928 694 et

415 726 525 750 liberam
540 723 573 748 dc
587 726 696 748 caetero
710 724 813 749 teneat,
829 718 916 744 eidem
930 717 1060 743 ecclesiae
1075 712 1192 753 benigne
1209 717 1343 749 concessi,
1362 716 1414 742 hoc
1432 715 1520 742 solum
1538 721 1652 751 excepto
1670 716 1744 751 quod
1759 715 1824 742 mihi
1837 724 1926 742 reser-

418 772 473 796 vavi
486 770 631 795 vindictam
643 766 792 802 sanguinis‚
803 766 868 791 surti
879 785 886 795 ,
900 764 1103 795 viohenfiarum5
1119 764 1141 789 si
1157 764 1227 789 torte
1239 772 1324 798 super
1335 762 1500 798 praedictam
1513 767 1612 788 terram
1623 762 1690 789 haec
1700 763 1811 789 evenire
1822 763 1929 789 contin-

416 824 457 853 gat
469 838 475 845 ,
492 821 517 842 et
531 816 610 842 etiam
626 814 739 840 aliorum
753 821 911 838 excessuum
924 820 995 846 quae
1010 811 1044 836 ad
1057 810 1371 846 superioremjustitiam
1387 810 1527 845 pertinere
1539 814 1701 835 noscuntur.
1713 810 1750 836 Ne
1763 810 1824 845 quis
1837 814 1927 836 autem

416 865 553 890 occasione
569 861 716 888 exactionis
734 859 880 893 cujuslibet
897 859 931 884 ab
951 858 1045 884 eadem
1065 858 1231 893 requirenda
1251 862 1427 883 memoratam
1447 857 1618 884 Ninivensem
1634 857 1774 884 ecclesiam
1796 858 1821 884 in
1842 862 1929 893 poste—

416 921 474 937 rum
483 910 627 945 inquietetq
641 917 769 943 praesens
781 907 911 941 scriptum
922 905 1061 941 praefatae
1070 905 1200 932 ecclesiae
1208 906 1376 940 appensione
1387 904 1468 941 sigilli
1477 905 1529 931 mei
1538 914 1600 931 cum
1611 905 1805 932 subnotatione
1816 906 1927 932 testium

415 961 439 983 in
455 956 636 983 testimonium
650 960 677 981 et
688 954 898 990 perpetuitatem
913 952 996 986 hujus
1008 952 1071 978 sacti
1085 953 1136 978 mei
1150 952 1254 978 contuli
1267 952 1440 978 roboratum.
1453 951 1500 978 Isti
1512 957 1603 978 autem
1614 957 1679 978 sunt
1692 957 1776 979 testes
1786 953 1832 989 qui
1843 953 1929 980 inter-

417 1006 526 1031 suerunt
541 1014 550 1030 .·
565 1004 676 1039 Sigerus
690 1002 723 1028 de
740 1001 858 1037 Asplar,
875 1000 951 1026 miles
962 1022 968 1030 ,
983 1005 1011 1026 et
1026 1000 1166 1026 Walterus
1176 1021 1183 1033 ‚
1203 1000 1278 1026 filius
1295 1000 1370 1034 ejus,
1392 999 1517 1026 homines
1534 1000 1601 1035 mei3
1621 999 1783 1033 Balduinus,
1803 1000 1927 1035 villicus;

417 1052 499 1078 math.
520 1051 623 1082 Faber,
644 1049 823 1076 Godescalcus
839 1048 872 1075 de
890 1047 1011 1082 Loker03
1032 1047 1162 1084 Aegidius
1175 1047 1209 1074 de
1224 1047 1324 1084 He1'yhe
1339 1052 1366 1074 et
1377 1046 1560 1075 Godescalcus
1575 1047 1722 1074 Delbercht.
1742 1048 1838 1075 Actum
1855 1048 1929 1084 apud

416 1100 520 1129 Ninive,
536 1099 561 1125 in
575 1098 711 1125 claustro.
728 1105 798 1122 anno
814 1095 919 1122 Domini
934 1094 1099 1121 MCCXXXI.

1326 1162 1451 1194 Original,
1465 1170 1534 1187 sceau
1545 1170 1575 1186 en
1588 1162 1635 1186 cire
1646 1163 1730 1187 bruno.

1139 1253 1199 1264 ΙΙ

1090 1490 1237 1525 CLXVI.

422 1594 467 1627 Le
480 1592 588 1627 me‘me
606 1595 768 1639 sez‘gmeur
781 1603 947 1634 renonce,
966 1603 1048 1625 avec
1064 1591 1098 1624 la
1111 1591 1220 1625 meme
1235 1591 1369 1626 re'serve
1378 1619 1388 1635 ,
1407 1605 1451 1626 en
1465 1592 1596 1637 savem·
1609 1593 1650 1627 de
1667 1593 1841 1640 l’ahbaye,
1855 1606 1932 1629 aux

465 1652 573 1685 (lo-aits
589 1650 677 1696 qzo'z'l
686 1650 864 1697 posse'dm't
881 1661 947 1683 sur
962 1651 1018 1683 δία)
1036 1650 1201 1684 homzz'ers
1215 1656 1247 1684 et
1263 1650 1480 1696 unjournal
1496 1651 1537 1684 de
1556 1657 1647 1684 terre
1661 1664 1727 1697 que
1747 1652 1876 1686 Bertlte
1889 1653 1931 1687 de

471 1710 578 1743 Arcen
599 1708 722 1742 cultive
736 1706 759 1741 ἀ
777 1707 1070 1742 Neder-Hasselt.
1087 1728 1135 1733 —-
1150 1708 1328 1742 Rousmn.

1050 1903 1066 1925 Α
1086 1901 1195 1933 Aspelaei·
1202 1920 1208 1928 2
1223 1903 1295 1926 1251.

458 1974 512 2009 Ego
524 1973 663 2009 Philippus
677 1973 710 1999 de
719 1973 829 2008 Boular,
843 1973 1063 2000 constabularius
1071 1973 1214 2000 Flandriae
1223 1974 1384 2001 etdominus
1396 1974 1430 2001 de
1442 1974 1661 2008 Neder-Hasselt‚
1670 1980 1766 2002 notum
1774 1976 1844 2002 facio
1856 1985 1934 2012 prae-

421 2020 541 2046 sentibus
551 2020 653 2055 pariter
662 2025 689 2046 et
703 2019 803 2045 suturis
812 2040 818 2051 ‚
833 2019 907 2055 quod
919 2020 1010 2046 abbati
1022 2025 1049 2046 et
1057 2020 1188 2047 ecclesiae
1198 2020 1232 2047 de
1240 2021 1335 2047 Ninive
1345 2021 1407 2048 dedi
1415 2021 1441 2047 in
1453 2021 1567 2049 liberam
1579 2027 1606 2048 et
1614 2027 1775 2058 perpetuam
1784 2022 1936 2059 eleemosy—

421 2077 479 2093 nam
492 2067 704 2103 quidquidjurss
717 2067 816 2100 habui,
832 2067 874 2094 vel
888 2077 929 2094 me
944 2067 1046 2094 habere
1059 2068 1113 2094 dixi
1124 2090 1130 2101 ,
1147 2069 1173 2094 in
1187 2078 1232 2095 sex
1244 2069 1366 2095 bonariis
1377 2074 1403 2095 et
1418 2079 1473 2095 uno
1487 2069 1603 2096 dietario
1617 2070 1833 2105 terraejacentis
1845 2071 1872 2097 in
1884 2081 1934 2107 pa—

419 2114 509 2140 rochia
524 2114 556 2140 de
572 2114 791 2149 Neder-Ilasselt,
812 2124 893 2150 quam
904 2115 984 2141 Berta
995 2115 1029 2141 de
1042 2116 1130 2142 Ascen
1145 2121 1171 2143 et
1186 2116 1234 2142 filii
1246 2116 1305 2151 ejus
1320 2116 1473 2144 Willelmus
1489 2122 1516 2144 et
1528 2117 1673 2144 Nicholaus
1688 2123 1783 2144 tenent
1794 2118 1825 2144 in‘
1835 2117 1930 2145 eadem

421 2161 546 2195 parochia
557 2183 563 2194 ‚
576 2162 700 2188 videlicet
714 2163 740 2188 in
756 2162 837 2188 talliis
848 2183 854 2191 ,
868 2162 1052 2198 herbergariis
1063 2169 1089 2190 et
1104 2164 1267 2199 quibusdam
1281 2164 1426 2190 servilibus
1436 2164 1581 2200 operibus,
1597 2174 1668 2200 quae
1679 2165 1831 2201 vulgariter
1840 2165 1934 2201 appel-

422 2209 511 2234 lantur
527 2209 699 2244 borchwerch,
715 2210 756 2236 vel
771 2210 829 2236 aliis
840 2210 1041 2243 exactionibus,
1058 2221 1232 2247 quocumque
1247 2212 1355 2237 nomine
1370 2217 1550 2247 censeantur3
1568 2212 1619 2238 hoc
1633 2212 1721 2238 solum
1735 2218 1849 2248 excepto
1859 2213 1934 2249 quod

420 2255 481 2281 inihi
495 2257 631 2282 reservavi
646 2256 790 2283 vindictam
805 2257 945 2293 sanguinis
955 2278 961 2288 ⁷
975 2257 1042 2284 furti
1055 2264 1082 2284 et
1094 2258 1210 2284 aliorum
1224 2268 1383 2285 excessuum
1395 2280 1402 2290 ⁷
1415 2268 1486 2294 quae
1497 2259 1530 2285 ad
1543 2259 1713 2295 superiorem
1721 2259 1856 2294 justitiam
1869 2269 1934 2296 per-

419 2303 504 2329 tinere
519 2308 678 2329 noscuntur.
694 2304 731 2329 Ne
749 2305 810 2339 quis
824 2309 913 2330 autem
930 2305 1070 2331 occasione
1085 2306 1233 2332 exactionis
1249 2305 1400 2339 cujuslibet
1418 2311 1592 2332 memoratam
1606 2306 1778 2332 Ninivensem
1791 2306 1932 2333 ecclesiam

419 2357 499 2383 super
514 2349 563 2376 hoc
582 2350 653 2376 dono
675 2360 733 2376 meo
752 2351 778 2376 in
797 2352 1105 2387 poste1·um·inquietet‚
1123 2362 1253 2388 praesens
1265 2353 1399 2388 scriptum
1416 2352 1555 2388 praefatae
1568 2353 1699 2379 ecclesiae
1713 2354 1881 2389 appensione
1895 2354 1932 2380 si—

422 2395 477 2430 gitti
491 2397 542 2422 mei
556 2406 616 2422 cum
632 2397 823 2425 subnotatione
838 2398 947 2424 testium
961 2399 986 2424 in
1003 2400 1188 2425 testimonium
1201 2404 1228 2426 et
1243 2400 1456 2435 perpetuitatem
1471 2400 1554 2434 hujus
1567 2399 1630 2426 sacti
1644 2400 1696 2426 mei
1706 2400 1810 2426 contuli
1824 2400 1934 2426 robora-

420 2447 487 2468 tum.
503 2442 591 2476 Hujus
604 2444 644 2470 rei
659 2449 741 2470 testes
755 2449 818 2470 sunt
837 2444 957 2481 Sygerus
969 2466 976 2477 ,
990 2445 1067 2472 mites
1082 2446 1116 2473 de
1135 2445 1270 2482 Husplar,
1286 2445 1437 2473 Balduinus
1455 2446 1603 2482 Soryelose7
1620 2446 1760 2473 Johannes
1774 2446 1809 2473 de
1824 2446 1933 2480 Castro,
