2118 3184
744 379 1031 415 APPENIHCES.
1576 382 1645 416 801

127 488 318 515 auctoritatem
327 488 445 524 ponendi
455 488 621 515 sacerdotes.
634 487 750 523 Insuper
759 488 780 513 si
792 488 881 524 aliqua
892 489 1004 514 istarum
1016 488 1191 515 ecclesiarum
1200 487 1319 515 humano
1332 489 1416 525 (qnod
1425 489 1505 522 absit)
1515 490 1647 526 sanguine

129 535 171 561 vel
181 535 234 561 alio
243 536 480 562 contaminationis
494 545 594 571 genere
608 534 707 560 violata
723 535 816 562 fuerit,
830 545 890 561 cum
905 545 975 571 aqua
987 536 1106 571 episcopi
1119 536 1166 561 tibi
1183 536 1292 572 tuisqm¹
1308 536 1439 562 fratribus
1453 546 1510 563 eam
1524 538 1646 563 reconci-

127 583 209 608 liandi
222 587 382 618 potestatem
397 583 554 608 tribuimus.
566 582 593 608 Si
607 591 672 608 vero
687 581 785 617 aliquis
798 582 900 617 aliquid
914 588 1022 608 tuarum
1038 591 1129 608 rerum
1141 583 1285 609 abstulerit
1296 604 1301 612 ,
1318 583 1391 618 quod
1405 593 1454 610 nec
1468 584 1583 610 reddere
1598 594 1647 610 nec

127 630 273 656 recredere
287 629 415 660 voluerit,
430 630 455 655 in
468 638 642 664 quacumque
657 629 785 664 parocbia
797 630 881 655 nostri
890 630 1063 664 episcopatus
1078 638 1121 655 res
1131 630 1167 655 ita
1179 630 1305 656 detentae
1317 631 1429 661 suerint,
1441 631 1462 657 si
1473 632 1589 657 domnus
1603 631 1646 658 vel

129 676 276 703 advocatus
286 676 367 703 fuerit
375 697 380 702 .
388 676 479 702 divina
488 676 739 710 cessarejubenttts.
750 676 771 702 si
782 677 886 711 privata
897 686 1021 712 persona,
1029 678 1288 711 excommunicetur3
1301 678 1489 705 malefactores
1499 679 1578 705 etiam
1589 688 1650 705 nos-

129 728 196 750 tros.
208 729 237 749 ut
251 728 314 749 sunt
326 722 495 749 incendiarii.
508 732 656 758 rerumque
668 728 793 758 raptores
803 723 843 748 vel
856 723 1210 749 interfectoresanimalium
1221 729 1247 749 et
1262 725 1360 750 fratrc-s
1369 725 1528 760 spoliantes,
1542 725 1584 752 xel
1595 726 1647 752 affi-

124 770 435 804 cientesinjuriis.vobis
443 771 648 796 excomunicare
655 770 839 799 concedimus,
849 775 875 796 et
883 770 1282 803 salvojurenostroabsolvere‚
1291 772 1311 797 si
1320 772 1495 806 resipuerint.
1503 772 1645 798 Abbatiam

125 827 237 854 quoque
245 818 415 844 Ninivensem
424 827 485 844 cum
496 818 622 844 omnibus
630 818 655 843 iu
664 819 828 844 coemeterio
835 818 980 849 contentis,
993 823 1089 843 etcum
1098 817 1140 844 his
1148 818 1229 844 etiam
1238 819 1285 853 qui
1296 819 1359 845 illuc
1368 819 1478 854 aliquod
1491 819 1643 855 periculum

127 865 255 892 evitando
266 865 441 901 confugerint
453 866 504 891 sub
515 865 614 891 Christi
629 875 693 901 pace
705 866 731 891 in
746 866 894 891 securitate
906 870 932 891 et
942 865 1034 900 quicto
1046 865 1304 899 mancrejubemus.
1318 866 1521 902 Eleemosynam
1533 876 1645 902 quoque

127 913 242 940 Gerar-di
256 913 290 938 de
306 914 399 939 binive
416 919 443 939 et
465 913 556 940 fratris
572 914 632 947 ejus
646 913 751 939 Arnulti
769 922 937 948 suarumque
951 922 1078 939 sororum
1099 922 1195 939 novem
1216 913 1343 939 videlicet
1361 914 1539 940 bunariorum
1554 919 1645 941 terrae

127 960 296 996 manipulum
312 965 339 986 et
352 960 484 996 quidquid
491 961 567 995 juris
581 961 607 985 ιή
625 962 690 996 ipsis
705 961 827 986 bunariis
842 960 978 985 habebant.
995 960 1073 995 Quod
1088 969 1138 995 pro
1153 961 1239 986 anima
1254 961 1347 986 matris
1361 970 1426 986 suae
1441 961 1579 987 Mathlldis
1593 961 1643 997 ipsi

126 1007 263 1034 Ninivensi
281 1007 410 1034 ecclesiae
427 1007 596 1034 liberrimum
612 1008 789 1034 contulerunt
805 1007 952 1043 episcopali
967 1008 1132 1033 auctoritate
1149 1012 1283 1042 perpetuo
1301 1013 1390 1033 ratum
1406 1008 1463 1034 fore
1479 1009 1641 1042 statuimus;

127 1055 174 1081 sed
185 1060 211 1081 et
221 1054 420 1090 eleemosynam
431 1064 512 1090 quam
521 1055 667 1090 habetipsa
676 1055 788 1081 ecclesia
799 1055 949 1080 Xiniveusis
962 1063 976 1080 a
986 1053 1122 1080 willelmo
1135 1055 1181 1089 qui
1195 1055 1294 1080 ibidem
1302 1064 1450 1080 conversus
1461 1055 1574 1081 effectus
1585 1060 1626 1081 est
1634 1076 1642 1088 ,

125 1107 154 1129 et
165 1102 199 1128 ab
215 1102 333 1129 chrico
344 1102 484 1134 NValrano,
500 1103 585 1129 fratre
599 1103 676 1137 ejus:
693 1102 876 1129 molendinum
888 1102 1014 1128 videlicet
1028 1107 1055 1127 et
1069 1107 1177 1137 pratum
1186 1111 1247 1128 cum
1258 1103 1365 1137 pascuis
1373 1108 1399 1128 et
1413 1103 1539 1129 omnibus
1548 1112 1646 1137 nysen-

126 1150 170 1176 tiis
182 1149 261 1176 simili
276 1151 443 1176 munimento
457 1150 610 1176 stabilimus
621 1171 627 1177 .
643 1160 704 1176 cum
714 1159 825 1176 nemore
836 1155 861 1176 et
873 1149 954 1185 plano
966 1155 993 1175 et
1008 1154 1087 1184 prato
1099 1170 1105 1181 ‚
1122 1149 1194 1184 quod
1210 1150 1236 1175 in
1248 1149 1445 1185 eleemosynam
1461 1150 1536 1176 dedit
1548 1151 1646 1176 lIenri-

125 1206 175 1223 cus
188 1197 222 1223 de
233 1196 310 1223 Lewa
320 1202 346 1223 et
357 1206 425 1223 uxor
439 1197 499 1231 ejus
512 1196 638 1233 Helua-if,
652 1197 838 1222 annuentibus
848 1196 940 1222 liberis
953 1196 1019 1222 suis.
1034 1195 1064 1221 In
1077 1195 1137 1221 loeo
1147 1196 1278 1231 contiguo
1290 1201 1372 1231 atque
1385 1197 1555 1222 contermino
1569 1197 1645 1223 dedit

126 1244 226 1280 Symon
241 1243 274 1269 de
286 1243 456 1279 Ledeberga,
468 1243 681 1269 concedentibus
691 1243 785 1269 liberis
799 1244 854 1268 suis
863 1243 960 1269 Gotino
969 1248 995 1269 et
1007 1242 1158 1276 Gertrude,
1173 1247 1260 1268 totum
1275 1252 1370 1268 nemus
1384 1244 1542 1279 pertingens
1554 1253 1642 1280 usque

126 1290 160 1316 ad
170 1290 282 1316 boscum
295 1290 323 1316 S.
337 1290 452 1325 Aycadri
465 1290 637 1325 saepedictae
651 1290 780 1316 ecclesiae
792 1291 819 1316 in
834 1290 1043 1325 eleemosynam,
1057 1299 1139 1325 quam
1152 1298 1213 1315 cum
1226 1290 1353 1315 omnibus
1365 1299 1436 1325 quae
1449 1290 1574 1317 similiter
1585 1292 1643 1327 ipse

126 1338 227 1373 Symon
237 1337 313 1364 dedit
323 1337 402 1363 simili
414 1338 577 1364 auctoritate
589 1343 709 1372 tuemur5
727 1337 926 1373 eleemosynam
941 1347 1052 1373 quoque
1064 1336 1156 1363 fratris
1165 1336 1319 1363 Herbrandi
1332 1342 1418 1363 totum
1433 1338 1558 1364 videlicet
1569 1339 1643 1374 qnod

126 1385 240 1412 ecclesia
257 1385 409 1411 Ninivensis
424 1390 498 1411 tenet
513 1394 528 1411 a
547 1385 693 1411 Nivellensi
709 1385 823 1411 ecclesia
841 1385 874 1411 ad
893 1394 1014 1411 annuum
1031 1394 1162 1410 canonem
1176 1385 1202 1410 in
1219 1393 1329 1411 nemore
1349 1390 1375 1410 et
1391 1385 1472 1420 plano
1492 1391 1576 1421 atque
1596 1395 1644 1412 ne-

128 1433 251 1460 musculo
271 1432 344 1468 quod
363 1433 464 1459 dicitur
486 1433 625 1467 Elsebroc,
647 1442 707 1459 cum
726 1433 853 1459 omnibus
870 1433 999 1468 ayseutiis
1019 1441 1107 1468 aquae
1126 1437 1209 1467 atque
1228 1441 1390 1467 pascuorum
1414 1434 1439 1458 in
1461 1433 1589 1468 parochia
1608 1433 1643 1459 de

126 1480 224 1507 Mer-bec
235 1500 242 1513 ,
259 1480 501 1516 molendinumque
516 1480 550 1506 de
569 1480 691 1516 11²0!qu
713 1490 773 1506 cum
792 1490 841 1506 sua
856 1480 963 1506 exclusa
979 1485 1005 1506 et
1020 1480 1141 1512 vivario7
1161 1480 1288 1506 omnibus
1301 1485 1385 1516 atque
1400 1481 1573 1516 pertinentiis
1589 1481 1644 1507 suis

126 1537 197 1564 quae
210 1537 261 1563 pro
275 1527 328 1553 alio
342 1527 442 1554 allodio
457 1527 618 1553 cambiando
632 1528 775 1563 acquisivit
794 1528 852 1563 ipsa
869 1526 982 1553 ecclesia
1001 1527 1035 1553 ab
1053 1526 1215 1553 Herbrando
1233 1527 1364 1553 advocato
1375 1548 1381 1560 ,
1397 1537 1467 1563 quae
1486 1528 1575 1554 omnia
1595 1529 1644 1563 qui

126 1575 253 1601 dominus
270 1574 321 1600 fuit
336 1574 418 1600 castri
435 1574 508 1600 illius
522 1574 594 1610 quod
610 1574 711 1600 dicitur
726 1574 845 1611 E1'yltt'n‚
861 1579 957 1600 contra
974 1583 1068 1600 omnes
1082 1574 1267 1609 inquietantes
1280 1575 1438 1610 acquietare
1452 1580 1479 1601 et
1492 1575 1643 1601 warandire

127 1627 238 1649 tenetur
251 1622 360 1658 speciali
375 1622 490 1648 tuitione
504 1622 687 1648 defendimus.
705 1622 840 1658 integram
856 1631 967 1658 quoque
980 1621 1151 1647 medietatem
1167 1621 1251 1647 totius
1265 1620 1344 1648 villae
1358 1622 1391 1648 de
1404 1621 1544 1656 strithem,
1560 1631 1642 1657 quam

125 1670 201 1697 dedit
213 1670 376 1697 withetmus
390 1679 440 1706 per
457 1679 553 1696 manus
566 1670 738 1696 dominorum
754 1679 866 1696 suorum
884 1670 910 1695 in
928 1679 1038 1696 censum
1054 1674 1081 1695 et
1097 1669 1224 1704 quintum
1245 1669 1413 1704 manipulum
1432 1670 1553 1695 omnium
1568 1669 1644 1696 sruc-

125 1723 203 1744 tuum
215 1718 263 1753 qui
273 1717 436 1743 excoluntur
449 1718 475 1743 in
489 1727 555 1753 agro
569 1722 595 1743 et
608 1717 758 1749 mansuris„
775 1723 802 1743 et
816 1717 957 1743 advocatia
971 1717 1004 1743 dc
1021 1716 1127 1742 cathem
1138 1726 1219 1751 quam
1230 1717 1287 1752 ipsa
1300 1721 1374 1742 tenet
1387 1717 1502 1743 ecclesia
1513 1716 1546 1742 de
1560 1726 1640 1742 manu

125 1764 455 1792 castellaniBrucellensis
465 1770 492 1791 et
506 1765 583 1791 ducis
593 1786 599 1796 ,
612 1765 691 1791 simili
706 1765 786 1791 modo
800 1770 892 1791 nostra
906 1765 1051 1791 confirmat
1062 1764 1221 1790 auctoritas.
1234 1764 1287 1790 Sed
1301 1769 1328 1790 et
1337 1764 1396 1790 loco
1408 1765 1455 1799 qui
1468 1764 1570 1790 dicitur
1581 1764 1642 1790 Rei-

126 1812 291 1838 neri-sanus
302 1833 307 1843 ‚
323 1811 433 1837 domum
445 1821 525 1847 quam
540 1811 622 1838 habet
636 1812 790 1839 Ninivensis
803 1812 915 1838 ecclesia
929 1812 963 1838 ab
977 1812 1049 1837 omni
1063 1811 1227 1846 inquietanti
1239 1812 1359 1847 quietam
1372 1820 1532 1846 permanere
1546 1811 1639 1837 decer-

126 1860 232 1891 nimus,
246 1858 433 1894 decimamque
454 1868 559 1884 omnem
575 1864 658 1894 prout
673 1859 732 1895 agri
753 1859 882 1885 coluntur
899 1859 971 1885 inter
986 1859 1116 1884 minorem
1134 1863 1160 1884 et
1176 1858 1306 1891 majorem
1326 1858 1442 1884 Sennam
1457 1858 1514 1884 sive
1529 1857 1640 1894 frugum

126 1906 209 1932 fuerit
222 1907 278 1932 sive
291 1906 344 1932 feni
355 1906 428 1941 ‚jam
443 1906 530 1932 dictae
543 1906 673 1933 ecclesiae
692 1907 898 1938 confirmamus,
914 1911 1027 1941 excepto
1039 1906 1121 1932 tertio
1134 1905 1274 1941 manipulo
1287 1905 1320 1932 de
1331 1905 1465 1932 Malavilla
1479 1910 1504 1931 et
1519 1905 1640 1941 agellulo

125 1963 221 1981 versus
233 1953 414 1980 Ilubnumout.
426 1953 542 1989 Insuper
558 1954 744 1980 molendinum
755 1963 816 1980 cum
833 1954 937 1980 vivario
952 1959 1046 1979 nostro
1061 1958 1087 1979 et
1104 1953 1214 1980 exclusa
1225 1958 1252 1979 et
1262 1962 1344 1979 cursu
1360 1962 1448 1988 aquae
1459 1953 1505 1988 qui
1517 1952 1641 1979 exclusae

124 2006 278 2037 oportunus
293 2006 348 2033 est„
364 2006 390 2027 et
402 2001 535 2036 quidquid
551 2006 641 2027 terrae
651 2001 685 2028 de
699 2001 849 2028 Roseniaco
866 2002 906 2028 via
918 2001 1028 2031 dividit,
1042 2010 1057 2026 a
1074 2000 1159 2027 Cotini
1176 2001 1291 2026 bunario
1304 2010 1400 2026 versus
1415 2000 1598 2026 molendinum
1613 2006 1642 2026 et

126 2048 213 2074 Amati
226 2053 335 2083 pratum
350 2053 514 2083 caeteraque
528 2048 617 2074 omnia
627 2048 660 2074 de
670 2048 784 2074 Gerardi
797 2058 918 2084 suaeque
929 2048 1001 2074 filiae
1011 2047 1184 2083 eleemosyna
1198 2048 1397 2082 provenientia,
1413 2056 1484 2083 quae
1496 2048 1641 2073 annuenti-

126 2095 178 2121 bus
196 2094 312 2121 dominis
328 2095 362 2121 de
380 2094 506 2120 Arkenna
521 2104 603 2130 saepe
620 2095 708 2121 dictae
724 2095 854 2121 ecclesiae
868 2094 1059 2123 contulerunt*
1077 2094 1225 2129 pontificali
1240 2094 1263 2120 ei
1278 2094 1372 2130 vigore
1385 2094 1588 2120 confirmamus.
1608 2094 1638 2120 In

124 2147 181 2168 tota
194 2142 275 2168 etiam
288 2141 416 2177 parochia
427 2143 484 2168 sive
495 2146 629 2176 potestate
641 2142 674 2168 de
692 2142 797 2168 Senefia
812 2142 894 2168 habet
909 2143 965 2177 ipsa
978 2141 1129 2167 Ninivensis
1143 2141 1257 2167 ecclesia
1271 2141 1296 2167 in
1313 2141 1394 2176 plano
1407 2146 1433 2166 et
1457 2150 1567 2167 nemore
1581 2151 1639 2176 pas-

125 2199 202 2215 cuam
215 2188 370 2214 animalium
384 2198 496 2214 suorum
508 2189 572 2214 etin
587 2189 645 2223 ipso
659 2198 770 2215 nemore
782 2199 860 2215 usum
876 2189 1011 2225 lignorum
1026 2188 1081 2214 sive
1096 2188 1128 2213 ad
1141 2188 1230 2223 ignem
1240 2209 1247 2220 ‚
1259 2189 1315 2214 sive
1327 2188 1359 2213 ad
1371 2187 1492 2214 aedificia
1508 2188 1549 2214 vel
1561 2197 1641 2224 pror-

124 2246 172 2262 sus
185 2235 218 2262 ad
233 2235 383 2271 quemlibet
396 2235 488 2261 curiae
498 2235 679 2270 expedientia.
693 2236 768 2271 Quae
780 2241 810 2262 ut
822 2236 894 2261 omni
909 2235 1044 2261 calumnia
1056 2234 1192 2260 eliminata
1203 2255 1209 2265 ,
1223 2239 1280 2260 rata
1294 2234 1487 2261 ctinconvulsa
1500 2235 1525 2260 in
1541 2244 1637 2262 aevum

124 2288 316 2319 permaneant,
330 2283 494 2308 auctoritate
509 2283 695 2317 nostriscripti
709 2287 735 2308 ct
750 2292 764 2308 a
777 2283 932 2309 titulatione
945 2283 1054 2309 testium
1068 2282 1156 2307 omnia
1171 2281 1326 2317 supradicta
1338 2282 1511 2308 roboramus.
1525 2281 1637 2317 Signum

126 2330 240 2356 Walteri
251 2351 257 2356 .
269 2329 377 2365 Sygcri⁷
390 2328 510 2355 Nicholat
520 2349 527 2361 ‚
539 2328 793 2355 archidiaconorum
805 2340 811 2364 3
828 2330 856 2355 S.
873 2329 959 2365 Egidii
970 2328 1004 2355 de
1020 2327 1188 2359 Gondelcort;
1204 2328 1233 2354 S.
1246 2327 1361 2354 walteri
1371 2349 1378 2360 .,
1391 2327 1539 2363 capellani3
1552 2329 1639 2365 Egidii

124 2377 158 2404 de
176 2376 326 2403 Montibus.
345 2376 440 2402 Actum
460 2385 531 2401 anno
546 2375 630 2402 Verbi
651 2376 784 2402 incarnati
803 2376 999 2409 MCLxxxlA',
1017 2374 1189 2411 praesulatus
1204 2384 1269 2401 vero
1285 2375 1371 2401 nostri
1386 2375 1491 2401 decimo
1506 2376 1638 2402 secundo.

123 2425 179 2460 Ego
193 2424 332 2450 walterus
344 2423 523 2450 cancellarius
533 2423 683 2459 subscripsi
699 2429 726 2450 et
739 2424 874 2450 recensui.

1088 2459 1218 2484 cartulaire
1228 2460 1257 2484 de
1270 2459 1377 2484 Matines.

246 2546 334 2580 Tou.
366 2545 410 2579 11.
1450 2544 1515 2580 101
