2137 3131
471 379 539 414 588
809 377 983 413 CORPUS
1010 374 1339 410 CHROMCORUM
1367 374 1632 408 FLANDRIAE.

473 488 585 521 morbi
608 500 643 519 sc
665 497 808 532 quoque
831 484 941 530 petiit.
965 484 1046 523 Quo
1064 481 1253 524 defuncto,
1275 480 1433 515 succedit
1457 481 1667 524 Archelaus,
1690 482 1787 529 regni
1808 488 1841 515 et
1863 489 1980 527 pater-

472 559 535 580 nae
555 545 730 591 nequitiae
748 544 869 576 haeres
887 541 1046 575 effectus.

521 604 677 637 Clu-istus
699 603 742 635 ab
766 602 925 648 Aegypto
945 606 1147 642 revocatus,
1171 599 1205 632 in
1226 598 1398 632 Nazareth
1418 599 1624 644 parentibus
1642 598 1805 632 subditus
1823 598 1979 641 habitat,

472 667 687 696 monstratur
707 666 823 705 petra,
846 659 879 692 in
895 671 965 704 qua
980 658 1058 703 xxiij
1079 658 1178 690 annis
1198 657 1360 690 noctibus
1378 657 1597 699 recubuisse,
1616 656 1742 690 diebus
1757 669 1837 690 vero
1854 656 1982 690 sedisse

472 724 699 753 memoratur.
722 717 829 762 Cujus
856 717 1053 764 fragmenta
1080 716 1171 749 inter
1197 721 1399 748 sanctorum
1427 715 1591 761 reliquias
1615 715 1848 763 crucesignati
1875 714 1983 762 digne

471 783 681 811 venerantur
695 782 729 809 et
743 775 932 822 peregrini.
947 775 1144 821 Augustus,
1162 786 1244 807 cum
1260 772 1362 806 ludos
1376 779 1537 818 spectans
1551 773 1717 806 dominus
1731 773 1980 819 appellaretur,

470 836 586 869 statim
608 847 712 867 manu
729 834 901 879 vultuque
916 832 1098 866 indecoras
1115 831 1336 865 adulationes
1355 832 1539 877 repressit,
1559 831 1820 878 dominumque
1835 844 1871 865 se
1886 837 1984 877 post-

471 894 557 927 haec
576 905 594 926 a
616 892 755 925 nemine
774 891 941 937 appellari
961 891 1014 924 vel
1031 891 1121 924 serio
1141 890 1193 923 vel
1207 891 1289 935 joco
1307 902 1428 935 passus
1447 896 1510 923 est.

521 951 679 985 Christus
705 950 957 995 Jlierosolymis
981 950 1016 982 in
1045 949 1162 982 medio
1185 948 1373 982 doctorum
1394 948 1502 990 sedit,
1525 947 1672 982 audiens
1693 961 1752 982 eos
1775 956 1809 982 et
1832 950 1986 983 interro-

471 1022 569 1058 gans,
583 1016 617 1043 ct
630 1009 834 1055 parentibus
847 1008 1001 1042 sollicitis
1013 1008 1124 1041 Patris
1135 1007 1352 1041 voluntatem
1367 1006 1513 1050 indicat,
1531 1007 1565 1040 in
1583 1007 1636 1040 his
1649 1007 1811 1054 inquiens
1828 1021 1835 1040 :
1858 1022 1875 1038 «
1887 1007 1986 1049 Quae

472 1069 584 1103 Patris
598 1068 665 1101 inei
680 1074 775 1110 sunt,
792 1073 931 1112 oportet
947 1079 1002 1099 me
1017 1078 1101 1099 esse.
1122 1082 1138 1096 »
1159 1065 1346 1099 Archelaus
1360 1064 1457 1111 apud
1473 1066 1671 1113 Augustum
1684 1073 1885 1109 accusatus,
1901 1066 1986 1113 quia

472 1127 620 1173 imperio
644 1126 833 1159 insolenter
855 1125 1079 1167 abuteretur,
1102 1125 1136 1157 in
1156 1124 1315 1172 Vigenna
1338 1130 1509 1169 perpetuo
1534 1124 1635 1157 exilio
1656 1124 1854 1172 relegatur,
1875 1131 1910 1158 ct
1928 1136 1985 1159 re-

473 1199 583 1234 gnum
604 1185 678 1231 ejus
697 1197 759 1231 per
777 1183 983 1218 tetrarchias
1002 1189 1156 1230 quatuor
1174 1183 1209 1216 in
1229 1183 1305 1228 ejus
1324 1182 1449 1216 fratres
1468 1181 1652 1216 dividitur.

524 1246 701 1291 Augustus
721 1243 891 1284 moriens,
917 1241 1037 1275 amicis
1056 1253 1174 1275 coram
1198 1253 1233 1274 se
1252 1240 1544 1282 lamentantibus,
1566 1239 1654 1273 dixit
1679 1254 1685 1273 :
1713 1255 1730 1271 «
1750 1240 1800 1274 Ne
1819 1240 1900 1274 flete
1925 1239 1987 1274 sed

474 1303 560 1337 mihi
581 1301 817 1349 congaudete,
836 1301 983 1334 Romam
999 1299 1115 1333 inveni
1133 1299 1335 1342 lateritiam,
1357 1298 1519 1344 relinquo
1539 1310 1792 1341 marmoream,
1810 1298 1986 1333 mundum

474 1360 603 1395 offendi
614 1360 786 1402 ferreum,
800 1358 898 1391 effeci
908 1370 1069 1400 aureum,
1087 1358 1121 1390 in
1137 1364 1217 1391 ortu
1232 1369 1310 1390 inco
1321 1369 1400 1402 pax,
1413 1357 1448 1390 in
1463 1356 1533 1389 fine
1543 1356 1635 1390 salus
1647 1356 1782 1391 mundo
1797 1356 1950 1391 advenit.
1964 1373 1982 1389 »

476 1419 581 1462 Quod
600 1419 724 1464 utique
745 1417 788 1451 de
807 1417 945 1451 Christo
964 1416 1180 1462 prophetans
1202 1415 1302 1449 dixit.
1325 1415 1364 1448 ln
1386 1415 1493 1460 hujus
1513 1416 1637 1449 funere
1658 1415 1847 1450 clamatum
1872 1423 1924 1450 est
1942 1416 1987 1450 ab

475 1478 572 1512 omni
595 1476 727 1523 populo
753 1489 758 1508 z
788 1490 806 1506 α
826 1475 917 1508 Talis
938 1476 990 1507 vir
1009 1481 1068 1508 aut
1090 1486 1273 1520 nunquan]
1294 1474 1361 1507 erit
1380 1480 1442 1507 aut
1461 1486 1644 1520 nunquam
1666 1474 1850 1508 morietur.
1872 1490 1891 1507 »
1914 1474 1988 1508 Im—

476 1536 611 1584 peravit
629 1542 745 1569 autem
766 1534 866 1568 annis
885 1534 989 1567 LVII.
1009 1549 1027 1565 n

527 1595 703 1636 Tiberius,
722 1594 902 1641 privignus
919 1593 1084 1639 Augusti,
1101 1591 1271 1625 succedit.
1289 1590 1351 1625 Cui
1367 1603 1449 1625 cum
1465 1603 1592 1638 magna
1608 1591 1779 1625 modestia
1799 1592 1987 1638 imperium

478 1653 689 1703 gubernanti
718 1663 799 1685 cum
827 1650 1002 1696 praesides
1029 1656 1278 1698 suggererent,
1307 1656 1347 1682 ut
1372 1650 1505 1683 tributa
1533 1650 1794 1695 provinciarum
1821 1658 1987 1698 augeret,

477 1712 653 1757 rescripsit
684 1711 767 1744 boui
795 1710 942 1755 pastoris
969 1722 1041 1742 esse
1073 1708 1220 1742 tondere
1251 1720 1380 1754 pecus,
1415 1721 1486 1742 non
1514 1708 1716 1756 deglobare.
1750 1709 1990 1758 Interrogatus

477 1769 658 1818 quomodo
677 1776 711 1802 et
733 1781 797 1802 cur
819 1768 950 1801 villicos
970 1780 1049 1801 raro
1070 1773 1307 1813 permutaret,
1330 1766 1486 1800 reddidit
1507 1766 1774 1800 similitudinem
1797 1767 1987 1811 vulnerati,

478 1830 522 1864 de
546 1841 617 1875 quo
642 1840 782 1861 muscae
806 1839 876 1860 non
902 1834 984 1860 sunt
1003 1826 1208 1874 abigendae.
1233 1826 1294 1859 Hic
1314 1825 1446 1874 legatos
1466 1838 1530 1859 uec
1548 1826 1648 1860 facile
1672 1827 1901 1872 suscipiebat,
1927 1839 1991 1862 nec

479 1888 547 1922 cito
568 1887 785 1927 dimittebat,
810 1898 852 1919 ne
869 1886 986 1931 plures
1005 1886 1123 1919 venire
1142 1885 1355 1928 incitentur,
1381 1891 1415 1918 et
1434 1885 1634 1931 frequentia
1653 1885 1848 1933 legatorum
1869 1886 1991 1920 moles-

479 1946 562 1980 tiam
591 1943 846 1991 inquietudinis
866 1950 1026 1989 apportet
1046 1950 1081 1976 et
1102 1943 1249 1977 facilitas
1269 1943 1415 1977 levitatis
1438 1943 1498 1976 fiat
1517 1943 1665 1976 occasio.

529 2003 675 2037 Ovidius
689 2029 697 2045 ,
719 2014 826 2048 quem
846 2002 1025 2049 Augustus
1048 2007 1193 2047 propter
1211 2007 1281 2034 tres
1299 2001 1487 2034 amatorios
1507 2001 1613 2035 libros
1632 2002 1867 2049 relegaverat,
1888 2003 1992 2049 periit

479 2064 514 2096 in
540 2062 659 2103 exilio,
689 2067 723 2094 et
741 2061 842 2105 juxta
865 2059 1037 2106 oppidum
1066 2059 1211 2093 Thomis
1237 2059 1366 2107 insigni
1386 2059 1567 2104 sepultura
1594 2059 1804 2094 honoratur.
1826 2060 1991 2109 Virgilius

479 2133 579 2163 vero,
601 2132 694 2153 anno
714 2119 862 2167 Augusti
885 2128 965 2152 xxx<o
986 2118 1162 2152 Brundisii
1186 2124 1366 2161 mortuus,
1390 2118 1572 2164 Neapolim
1592 2119 1819 2153 transfertur.
1847 2120 1904 2154 cui
1923 2119 1991 2154 hoc

480 2178 752 2225 superscribitur
771 2177 993 2223 epitaphium
1011 2190 1017 2209 :

854 2268 964 2293 Mantua
980 2278 1021 2294 me
1036 2269 1148 2304 genuit.
1164 2267 1270 2294 Calabri
1285 2277 1419 2303 rapuere,
1437 2273 1511 2294 tenet
1525 2278 1597 2294 nunc

892 2315 1065 2351 Parthenope
1080 2325 1086 2341 :
1104 2316 1189 2342 cecini
1205 2325 1305 2351 pascua
1317 2337 1323 2347 ,
1340 2325 1406 2342 rura
1417 2336 1423 2348 ‚
1440 2315 1535 2342 duces.

532 2414 714 2456 Horatius,
741 2414 854 2447 xxxiv⁰
882 2412 1039 2459 ejusdem
1067 2426 1182 2457 anno,
1207 2415 1337 2448 Romae
1360 2414 1523 2448 moritur.
1554 2414 1674 2449 Cicero
1696 2415 1811 2461 primo
1833 2414 1990 2461 ejusdem

484 2484 594 2515 anno,
611 2472 759 2517 jubente
778 2471 952 2515 Antonio,
974 2471 1197 2505 interficitur.
