2118 3184
726 396 870 431 APPEN
876 396 1014 431 DICES.
1556 394 1623 429 791

110 503 226 531 dicendo
238 504 337 530 abbate
350 510 375 530 et
387 504 548 531 deducendo
561 505 588 530 in
599 504 690 531 sedem
705 513 792 532 suam.
807 503 972 539 palefridum
980 507 1027 529 aut
1042 501 1145 537 aliquid
1159 501 1232 527 aliud
1244 502 1362 537 exigere.
1377 501 1470 527 nullus
1484 501 1624 527 abbatum.

112 551 194 577 etiam
207 552 228 577 si
237 551 372 587 exigatur.
386 551 452 577 dare
466 556 636 586 praesumat,
651 551 715 586 quia
726 555 751 576 et
765 551 882 586 exigenti
897 555 923 575 ct
937 550 1012 576 danti
1028 554 1091 575 nota
1106 548 1268 575 simoniacae
1277 549 1420 583 pravitatis
1433 553 1461 574 et
1475 548 1627 584 periculum

111 599 243 624 imminet.
259 598 299 624 Ad
318 598 369 624 hoc
382 607 466 633 quum
484 597 759 623 Praemonstratensis
772 597 886 623 ecclesia
902 597 988 632 prima
1003 601 1089 622 mater
1104 600 1145 622 est
1159 596 1279 621 omnium
1295 595 1472 621 ecclesiarum
1487 596 1571 622 totius
1586 605 1627 622 or-

112 645 199 676 dinis,
216 651 243 672 et
258 651 363 681 patrem
377 654 461 680 super
475 654 504 671 se
517 645 600 670 alium
617 654 670 670 non
686 645 767 671 sinit.
783 644 816 670 ad
833 643 967 670 cantelam
981 649 1008 669 et
1023 643 1173 669 custodiam
1189 642 1293 668 ordinis
1309 647 1441 668 statutum
1454 648 1493 668 est
1511 652 1560 678 per
1572 648 1628 669 tres

114 693 216 728 primos
230 692 344 718 abbates
354 713 362 721 .
376 691 478 718 scilicet.
490 691 524 718 de
539 691 672 718 Lauduno
682 712 689 718 .
704 691 738 717 de
752 691 874 717 Floressia
887 695 915 717 et
933 690 966 716 de
982 690 1119 716 Cussiaco.
1135 699 1225 715 annua
1239 689 1339 715 ibidem
1354 689 1473 715 visitatio
1486 690 1548 721 siat,
1566 695 1593 716 et
1607 691 1628 716 si

114 739 181 775 quid
198 740 224 765 in
238 740 295 774 ipsa
309 738 390 764 donno
401 738 595 773 corrigendum
607 738 690 764 suerit
701 759 707 769 ,
721 738 826 773 absque
841 738 936 771 majori
953 737 1091 763 audientia
1107 746 1156 772 per
1167 745 1213 762 eos
1223 737 1391 771 corrigatur.
1410 736 1488 772 Quod
1501 738 1523 763 si
1544 738 1628 764 abbas

110 787 137 812 in
152 785 316 821 corrigendo
330 785 438 820 tepidus
452 790 479 811 et
493 784 593 811 fratres
610 785 719 820 saepius
734 785 828 811 moniti
842 783 1042 819 incorrigibiles
1057 783 1272 819 permanserint,
1287 783 1320 809 ad
1334 784 1462 819 generale
1477 784 1627 820 capitulum

111 833 250 860 referatur
257 838 285 859 et
297 834 369 859 sicut
382 833 479 859 melius
490 834 577 859 visum
591 833 673 859 suerit
683 832 797 859 consilio
809 831 945 868 generalis
957 831 1071 867 capituli
1083 831 1246 857 emendatur
1257 836 1284 857 et
1297 831 1432 857 sententia
1445 831 1470 857 in
1486 831 1535 858 hac
1548 837 1627 867 parte

111 880 223 916 capituli
237 881 295 906 sine
310 881 505 906 retractatione
520 880 610 916 aliqua
629 881 802 906 observetur.
820 879 934 915 Quoties
954 888 1019 905 vero
1032 878 1146 904 ecclesia
1164 878 1441 904 Praemonstratcnsis
1459 879 1516 904 sine
1529 878 1629 904 abbate

114 927 209 959 suerit,
222 927 255 954 ad
268 927 407 963 praefatos
421 933 476 954 tres
484 928 598 954 abbates
611 927 670 961 ejus
683 937 748 954 cura
763 927 903 962 respiciat,
922 931 949 952 et
963 935 977 952 a
992 926 1129 952 canonicis
1143 926 1226 961 ipsius
1240 925 1370 951 ecclesiae
1379 935 1439 951 cum
1454 934 1548 951 eorum
1563 935 1629 952 con-

113 974 174 1002 silio
195 984 312 1010 persona
326 976 352 1001 in
367 976 494 1001 abbatem
509 975 606 1001 idonea
619 975 738 1011 eligatur
757 975 790 1000 ad
809 974 951 1000 consilium
965 983 1045 999 suum
1056 994 1062 1004 ,
1084 978 1204 1008 quatuor
1221 973 1281 999 aliis
1298 973 1444 999 abbatibus
1458 973 1491 998 ad
1506 973 1627 999 eamdem

115 1022 256 1049 ecclesiam
270 1022 470 1058 pertinentibus
480 1023 583 1057 pariter
590 1022 739 1053 advocatis,
755 1031 824 1057 quos
837 1021 886 1056 ipsi
899 1021 1021 1047 canonici
1033 1020 1203 1055 providerint
1217 1020 1398 1046 advocandos.
1416 1020 1507 1046 Liceat
1517 1030 1629 1055 quoque

115 1069 264 1104 unicuique
279 1069 358 1095 matri
373 1069 503 1095 ccclesiae
517 1069 620 1095 ordinis
634 1069 717 1095 vestri
728 1078 788 1095 cum
803 1067 916 1094 consilio
929 1067 1036 1093 abbatis
1052 1067 1326 1092 l'raemonstratensis
1337 1066 1371 1092 de
1383 1066 1528 1092 abbatibus
1543 1067 1630 1093 cccle-

115 1117 217 1142 siarum
231 1125 303 1152 quae
317 1116 350 1142 ab
358 1125 390 1142 ea
400 1117 563 1152 processisse
576 1121 741 1150 noscuntur,
751 1115 802 1141 sibi
816 1124 1017 1150 quemcumque
1032 1114 1167 1145 voluerit,
1180 1114 1201 1140 si
1217 1119 1305 1139 tamen
1316 1114 1429 1139 idoneus
1442 1115 1587 1146 exstiterit,
1602 1116 1628 1141 in

115 1163 243 1190 abbatem
255 1173 407 1197 assumere;
421 1173 564 1199 personam
578 1168 669 1189 autem
682 1163 716 1190 de
729 1163 782 1189 alio
796 1163 893 1189 ordine
906 1162 981 1188 nulla
995 1162 1173 1188 ecclesiarum
1188 1166 1341 1188 vestrarum
1352 1161 1403 1186 sibi
1415 1161 1500 1197 eligat
1512 1162 1537 1187 in
1550 1162 1631 1189 abba>

115 1215 170 1237 tem
181 1231 188 1243 ,
202 1219 253 1237 nec
264 1212 351 1236 nostri
364 1210 468 1236 ordinis
481 1210 580 1246 aliquis
593 1211 620 1236 in
635 1210 762 1236 abbatem
775 1210 931 1236 monasterii
945 1209 1059 1235 alterius
1073 1208 1176 1234 ordinis
1186 1229 1192 1239 ‚
1209 1209 1258 1234 nisi
1274 1208 1308 1233 de
1323 1209 1487 1234 auctoritate
1500 1218 1628 1235 romanae

115 1257 246 1284 ecclesiae
258 1257 412 1284 ordinetur.
429 1257 501 1283 Nulli
514 1258 595 1283 etiam
609 1257 754 1283 canonicos
768 1257 810 1283 vel
823 1265 970 1282 conversos
985 1261 1091 1281 vertros
1103 1255 1162 1281 sine
1177 1255 1285 1281 licentia
1301 1255 1431 1280 abbatum
1445 1256 1568 1290 recipere
1582 1262 1629 1282 aut

115 1310 241 1340 receptos
254 1304 335 1330 liceat
347 1304 478 1330 retinere.
493 1304 520 1330 Si
535 1313 589 1339 qua
602 1313 669 1329 vero
682 1304 754 1329 inter
768 1303 874 1339 aliquas
885 1303 1013 1329 ecclesias
1027 1302 1111 1328 vestri
1124 1302 1227 1327 ordinis
1243 1302 1276 1328 de
1295 1302 1491 1337 temporalibus
1505 1305 1631 1339 quaestio

117 1352 278 1383 emerserit,
294 1360 349 1377 non
362 1355 439 1377 extra
452 1350 576 1376 ordinem
595 1350 776 1377 ecclesiastica
790 1350 832 1375 vel
847 1349 978 1375 secularis
996 1349 1135 1375 audientia
1147 1349 1321 1384 requiratur,
1341 1349 1387 1375 sed
1403 1350 1538 1376 mediante
1551 1351 1633 1378 Prae—

117 1399 309 1426 monstratensi
325 1399 424 1424 abbate
442 1403 469 1424 et
486 1398 601 1424 caeteris
618 1407 687 1433 quos
703 1397 858 1427 vocaverit,
879 1402 926 1423 aut
943 1397 1084 1423 caritative
1103 1397 1174 1422 inter
1194 1405 1239 1422 eas
1260 1402 1441 1432 componatur
1464 1403 1511 1424 ant
1531 1399 1632 1425 auditis

115 1451 266 1482 utrumque
283 1445 437 1472 rationibus
454 1445 547 1471 eadem
567 1445 753 1471 controversia
773 1450 866 1471 vestro
879 1444 985 1478 judicio
1005 1444 1182 1470 terminetur.
1203 1443 1334 1470 Similiter
1351 1445 1372 1470 si
1388 1444 1478 1480 aliqua
1493 1445 1519 1471 in
1534 1446 1631 1473 ordine

118 1499 209 1520 vestro
222 1494 294 1520 inter
305 1493 444 1529 praefatos
455 1498 483 1519 et
493 1493 632 1527 subjectos
643 1502 707 1519 suos
715 1493 846 1519 dissentio
861 1492 901 1519 vel
915 1492 1102 1518 controversia
1113 1500 1163 1526 pro
1173 1491 1298 1527 qualibet
1308 1492 1449 1518 occasione
1463 1498 1522 1518 orta
1537 1492 1630 1520 fuerit.

115 1549 289 1576 nequaquam
309 1540 490 1566 ecclesiastica
507 1540 598 1575 aliqua
612 1540 653 1566 vel
667 1539 798 1566 secularis
812 1539 952 1565 audientia
969 1539 1129 1574 requiratur
1139 1558 1146 1570 ‚
1165 1538 1212 1565 sed
1233 1539 1259 1564 in
1274 1539 1333 1574 ipso
1348 1539 1443 1565 ordine
1454 1561 1460 1572 ‚
1476 1541 1589 1567 consilio
1605 1547 1629 1568 et

112 1587 218 1622 judicio
227 1587 331 1614 ordinis
344 1588 517 1615 terminetur.
533 1588 602 1623 Quia
614 1596 679 1613 vero
690 1587 796 1623 singula
808 1596 879 1622 quae
889 1586 922 1612 ad
934 1586 1075 1623 religionis
1087 1585 1241 1621 profectum
1253 1591 1281 1612 et
1294 1587 1444 1613 animarum
1459 1588 1575 1614 salutem
1590 1598 1632 1615 or-

115 1635 245 1667 dinastis,
262 1636 400 1671 praesenti
415 1635 594 1661 abreviationi
609 1635 784 1670 nequiverint
798 1634 921 1665 adnecti,
938 1643 987 1660 nos
1001 1643 1062 1660 cum
1078 1634 1110 1659 iis
1122 1634 1170 1669 qui
1193 1633 1363 1668 praescripta
1378 1639 1442 1659 sunt
1456 1636 1633 1662 consuetudi-

115 1691 164 1709 nes
173 1687 277 1708 vestras
287 1691 356 1717 quas
367 1683 438 1707 inter
447 1691 496 1707 nos
504 1681 644 1717 religionis
653 1682 751 1708 intuita
761 1681 925 1717 regulariter
933 1681 1077 1713 statuistis,
1088 1685 1115 1707 et
1123 1680 1252 1715 deinceps
1260 1685 1373 1706 auctore
1383 1680 1499 1707 Domino
1508 1685 1634 1710 statuetis

118 1730 282 1756 auctoritate
294 1734 386 1755 nostra
398 1729 569 1760 roboramus,
579 1734 607 1755 et
617 1729 694 1755 vobis
702 1730 856 1764 vestrisque
864 1728 1069 1755 successoribus
1076 1733 1103 1753 et
1109 1728 1236 1754 omnibus
1245 1728 1292 1763 qui
1303 1728 1426 1754 ordinem
1440 1734 1560 1755 vestrum
1573 1740 1633 1766 pro-

115 1777 181 1803 fessi
189 1776 293 1803 ruerint
301 1777 443 1812 perpetuis
451 1777 623 1812 temporibus
634 1776 831 1802 inviolabiliter
838 1775 1023 1802 observandas
1031 1775 1215 1807 decernimus,
1225 1775 1258 1801 ad
1268 1776 1397 1810 majorem
1409 1785 1522 1812 quoque
1530 1777 1633 1803 ordinis

118 1825 204 1850 vestri
216 1824 396 1850 reverentiam
411 1828 439 1850 et
452 1823 588 1860 regularis
595 1823 756 1859 disciplinae
765 1823 966 1849 observantiam
981 1822 1059 1848 nobis
1071 1821 1119 1848 filii
1133 1822 1247 1848 abbates
1255 1822 1394 1856 subjectos
1407 1828 1514 1849 vestros
1527 1823 1634 1861 legandi

118 1876 146 1897 et
158 1870 283 1898 solvendi
301 1870 407 1906 plenam
423 1870 597 1896 concedimus
611 1869 779 1896 facultatem.
792 1870 831 1896 De
844 1875 953 1896 caetero
964 1890 971 1901 ‚
987 1878 1071 1905 quum
1085 1878 1100 1894 a
1114 1869 1230 1903 strepitu
1246 1873 1274 1894 et
1286 1868 1406 1894 tumultu
1417 1869 1580 1896 secularium
1591 1880 1635 1897 re·

118 1919 184 1945 moti
197 1927 291 1954 pacem
310 1923 337 1944 et
353 1918 464 1954 quidem
477 1917 590 1954 diligitis
601 1939 608 1948 -.
623 1918 750 1954 grangias
765 1923 871 1944 vestras
885 1918 955 1943 sicut
972 1921 999 1943 et
1013 1916 1086 1942 atri?
1099 1915 1275 1943 ecclesiarum
1289 1925 1303 1942 a
1318 1925 1466 1951 pravorum
1481 1918 1594 1944 incursu
1608 1925 1634 1945 et

118 1965 248 1992 violentia
260 1965 347 1992 libera
358 1965 416 1992 fore
429 1966 580 1998 sanximus,
595 1965 789 2001 prohibentes,
805 1970 837 1990 ut
849 1965 886 1991 ibi
897 1964 990 1990 nullus
1001 1963 1138 1989 hominem
1150 1972 1248 1999 capere
1259 1983 1266 1992 ,
1281 1963 1414 1998 spoliare,
1425 1964 1572 1991 verberare
1586 1975 1634 1992 seu

119 2013 278 2039 interficere
287 2033 295 2045 ‚
309 2017 357 2038 aut
368 2012 483 2044 furtum⁷
497 2018 543 2038 aut
554 2013 677 2048 rapinam
687 2013 858 2039 committere
871 2011 981 2037 audeat.
994 2010 1036 2037 Ob
1050 2010 1190 2037 evitandas
1201 2019 1267 2036 vero
1278 2010 1442 2036 secularium
1455 2010 1635 2046 frequentias.

117 2059 237 2086 liberum
251 2060 287 2086 sit
300 2060 379 2086 vobis
391 2059 466 2086 salvo
474 2060 539 2094 jure
549 2081 556 2092 ⁷
572 2060 797 2086 dioecesanorum
809 2060 1001 2095 episcoporum
1015 2058 1136 2084 oratoria
1149 2058 1176 2084 in
1190 2058 1311 2095 grangiis
1327 2058 1423 2084 vestris
1435 2063 1596 2086 construere
1611 2066 1637 2086 et

120 2107 148 2133 in
164 2107 245 2142 ipsis,
262 2106 339 2132 vobis
353 2111 379 2132 et
395 2106 512 2133 familiae
525 2111 633 2133 vestrae
646 2107 738 2133 divina
756 2107 840 2132 officia
855 2115 917 2132 cum
937 2115 1047 2132 necesse
1061 2104 1146 2131 suerit
1162 2104 1313 2131 celebrare.
1329 2104 1509 2131 Prohibemus
1524 2107 1637 2142 insuper

122 2164 157 2180 ne
171 2154 262 2190 aliqua
273 2163 391 2189 persona
405 2153 505 2180 fratres
518 2154 622 2180 ordinis
636 2155 720 2181 vestri
734 2154 834 2180 audeat
847 2153 880 2180 ad
893 2153 1026 2180 secularia
1037 2152 1141 2187 judicia
1157 2161 1308 2187 provocare
1320 2173 1327 2184 ‚
1343 2152 1390 2178 sed
1403 2152 1424 2178 si
1434 2153 1496 2188 quis
1505 2153 1637 2181 adversus

120 2211 168 2228 eos
175 2201 279 2237 aliquid
291 2201 341 2227 sibi
350 2200 499 2227 crediderit
505 2200 608 2235 dejure
619 2206 786 2237 competere,
797 2201 848 2227 sub
857 2200 1032 2227 ecclesiastici
1046 2199 1269 2233 examinejudicii
1278 2199 1434 2234 experiendi
1446 2199 1546 2226 habeat
1555 2200 1636 2228 sacul-

121 2254 215 2276 tatem.
230 2249 375 2280 Praeterea
389 2248 541 2283 praesentis
554 2248 647 2284 scripti
663 2249 825 2274 auctoritate
840 2248 979 2273 firmamus
991 2252 1022 2273 ut
1035 2247 1069 2273 de
1084 2246 1228 2273 novalibus
1241 2246 1340 2272 vestris
1353 2255 1400 2272 seu
1416 2246 1449 2272 de
1463 2248 1638 2275 nutrimentis

118 2296 275 2322 animalium
294 2301 448 2322 vestrorum
467 2295 543 2321 nulla
559 2295 740 2322 ecclesiastica
759 2295 924 2321 secularisve
940 2304 1056 2330 persona
1076 2294 1207 2320 decimam
1225 2303 1240 2319 a
1255 2293 1332 2319 vobis
1345 2294 1453 2329 exigere
1468 2301 1634 2329 praesumat.

123 2343 181 2371 Hoc
200 2344 280 2370 etiam
297 2351 328 2369 ex
345 2342 517 2368 ordinatione
534 2342 725 2369 Lateranensis
744 2342 848 2368 consilii
871 2341 997 2368 duximus
1017 2340 1235 2377 prohibendum,
1255 2349 1288 2366 ne
1307 2341 1428 2366 canonici
1441 2341 1498 2367 sive
1512 2351 1638 2369 conversi

122 2391 226 2419 ordinis
238 2391 332 2422 vestri‚
347 2398 407 2416 cum
422 2399 472 2425 pro
487 2389 580 2425 aliquo
592 2399 703 2416 excessu
720 2388 823 2416 suerint
835 2388 1008 2425 corrigendi,
1021 2393 1117 2414 contra
1132 2387 1287 2423 regularem
1302 2386 1417 2422 praefati
1429 2387 1469 2413 sui
1485 2393 1512 2414 et
1526 2390 1640 2424 capituli

121 2438 291 2475 disciplinam
306 2437 447 2473 appellare
462 2441 653 2472 praesumant,
668 2437 716 2463 sed
730 2436 870 2463 humiliter
881 2445 912 2462 ac
926 2435 1024 2462 devote
1036 2435 1202 2470 suscipiant,
1218 2434 1291 2470 quod
1306 2443 1356 2470 pro
1369 2434 1457 2460 salute
1468 2444 1517 2461 sua
1530 2437 1641 2472 regula-

123 2488 192 2514 riter
208 2485 292 2512 suerit
310 2485 350 2511 eis
362 2484 526 2519 injunctum.
542 2484 622 2519 Quod
639 2484 662 2510 si
674 2489 770 2510 contra
785 2483 976 2510 inhibitionem
989 2482 1059 2509 hanc
1072 2482 1216 2518 quisquam
1229 2481 1324 2508 venire
1338 2482 1484 2508 tentaverit
1503 2483 1639 2510 nihilomi-

124 2543 177 2562 nus
191 2532 332 2570 praefatus
345 2541 407 2558 cum
421 2532 571 2558 maturiore
582 2531 695 2558 consilio
709 2531 781 2567 quod
793 2531 827 2558 ad
839 2531 953 2558 officium
966 2539 1044 2557 suum
1056 2529 1192 2566 pertinet,
1201 2533 1364 2565 exequatur.
1378 2528 1555 2557 Decernimus
1565 2532 1639 2567 quod
