2118 3184
435 420 694 455 Cnssoxlcox*
726 420 938 454 RALDNJNI
969 419 1272 454 NlNOleNsls.
1549 419 1618 453 6055

103 527 181 560 coni
203 528 236 560 in
252 529 347 561 omni
372 529 446 561 loco
469 529 673 574 episcopum
698 540 767 560 non
783 526 943 560 deserant
958 554 965 560 .
990 533 1135 573 propter
1155 527 1394 560 testimonium
1410 526 1617 560 ecclesiasti-

104 598 206 620 cum:
225 587 407 632 presbyter
425 599 568 632 quoque
582 593 616 619 et
634 586 804 620 diaconus
823 598 961 631 semper
980 586 1180 619 testimonio
1201 585 1419 618 muniantur.

155 644 268 678 virius
288 645 405 679 Gallus
427 644 583 678 succedit
606 657 686 677 eum
711 644 898 677 Volusiano
923 644 1012 676 lilio.
1033 644 1093 689 qui
1115 643 1201 677 dum
1221 649 1343 676 contra
1361 643 1614 676 Aemilianum.

106 703 292 748 imperium
318 702 481 736 invadere
499 702 717 748 eupicntvnn
741 702 870 735 belluni
891 702 990 735 civile
1012 702 1225 739 moliuntur.
1249 701 1379 747 pariter
1396 701 1498 734 occisi
1519 707 1613 734 sunt.

107 761 291 806 Dionysius
318 774 406 807 papa
430 761 510 794 alibi
534 762 564 806 vj
580 788 587 794 .
617 761 698 794 alibi
723 762 752 794 ix
777 761 896 794 annis.
925 761 1052 808 legitur
1079 760 1203 793 rexisse
1226 760 1420 793 ecelesiam.
1448 760 1617 793 Inconve-

106 821 242 854 nienter
256 821 363 867 igitur
382 827 566 866 promotus
585 821 652 853 sul)
667 820 764 853 Gallo
781 820 992 865 imperatore
1008 818 1052 852 ad
1069 826 1227 864 tempora
1245 817 1379 852 Claudii
1398 818 1524 865 legitur
1543 830 1618 864 per—

104 879 238 926 tigisse.
260 890 341 911 cun]
360 879 557 912 inveniatur
575 878 776 912 Valerianus
797 891 836 911 xv
856 879 956 911 annis
975 878 1180 923 imperasse.
1203 877 1256 910 vel
1277 884 1370 911 certe
1387 889 1405 910 v
1421 876 1616 910 secundum

104 935 290 982 quosdam.
310 936 376 970 Sed
394 937 475 983 quia
497 950 567 970 non
586 937 780 984 corrigere..
797 936 857 970 scd
874 936 1087 982 praesentire
1103 942 1239 969 tantum
1259 935 1477 969 diversarum
1501 936 1619 969 incon-

104 995 295 1029 venientias
321 996 547 1029 historiarum
575 996 721 1029 idoneus
746 1008 843 1029 sum.
874 1002 905 1028 et
934 995 1025 1028 hanc
1053 995 1369 1028 inconvenientiam
1394 993 1615 1040 praecidere.

103 1053 234 1087 suadeo
253 1054 320 1087 hoe
340 1060 497 1088 tantum.
520 1055 621 1100 plane
641 1054 836 1101 intelligens
859 1053 956 1100 quod
977 1066 1046 1086 non
1067 1052 1243 1086 modicam
1264 1052 1506 1086 confusionem
1527 1053 1618 1086 circa

105 1112 312 1158 pontificum
329 1112 489 1146 ordinem
505 1119 536 1146 et
553 1113 807 1158 imperatorum
824 1112 916 1145 Decii
933 1118 1091 1157 tempora
1103 1117 1330 1158 generarunt.
1349 1110 1416 1144 Iste
1434 1111 1618 1156 Dionysius

105 1171 317 1217 presbyteris
337 1171 539 1216 parrochias
555 1170 654 1204 dedit
672 1177 706 1203 ct
721 1170 897 1203 dioeceses
911 1169 1105 1203 constituit.

153 1229 355 1263 Valerianus
374 1241 455 1262 cum
473 1228 543 1262 filio
563 1241 626 1262 suo
648 1228 792 1262 Galieno
811 1228 987 1272 imperans
1007 1227 1078 1260 sola
1093 1226 1248 1272 pernicie
1267 1226 1413 1273 insignis
1432 1226 1497 1260 fuit
1512 1253 1519 1269 7
1537 1227 1620 1272 quia

107 1288 212 1322 nimia
239 1287 446 1321 erudelitate
472 1287 626 1320 saeviens
653 1286 814 1320 ecclesias
836 1292 947 1319 vastat
968 1292 1003 1319 et
1024 1291 1162 1318 sanctos
1188 1285 1425 1330 persequitur.
1457 1284 1620 1318 Galienus

104 1346 197 1380 solus
216 1346 248 1378 ix
276 1345 397 1387 annis7
419 1357 501 1378 cum
528 1351 627 1390 patre
648 1356 730 1377 vero
748 1356 824 1382 sex„
847 1344 976 1391 legitur
996 1344 1198 1388 imperasse.
1223 1341 1321 1376 Unde
1344 1355 1414 1376 non
1437 1349 1535 1388 pater
1558 1342 1617 1376 sed

104 1404 196 1438 filius
209 1416 251 1437 xv
266 1404 366 1437 annis
381 1404 569 1449 imperasse
584 1402 782 1448 conjicitur.
802 1402 840 1435 In
857 1401 1069 1448 Carthagine
1083 1400 1279 1446 Cyprianus
1298 1401 1501 1446 episcopus„
1519 1401 1619 1446 cujus

104 1469 240 1497 exstant
263 1462 439 1508 praeclara
462 1461 631 1506 opuscula
653 1467 688 1494 et
708 1459 966 1494 exhortatoriae
985 1459 1151 1504 epistolae
1173 1457 1219 1492 ad
1242 1458 1443 1492 Cornelium
1467 1471 1593 1504 papan]
1608 1486 1615 1499 Ἴ

104 1521 139 1554 in
164 1532 302 1554 carcere
325 1526 403 1566 post
429 1519 575 1567 longum
603 1519 744 1552 exilium
771 1517 977 1551 decollatur.
1005 1517 1136 1551 Romae
1160 1516 1315 1550 Prothus
1339 1523 1373 1549 et
1401 1517 1619 1562 Hyacinthus

104 1579 258 1614 eunuchi
279 1585 357 1625 post
374 1579 517 1612 verbera
531 1578 598 1611 sub
619 1577 762 1611 Galieno
782 1576 1014 1610 decollantur.
1036 1576 1168 1609 Romae
1187 1575 1393 1609 Pancratius
1408 1582 1542 1621 martyr
1561 1575 1620 1609 de-

105 1644 310 1680 truncatur,
337 1636 434 1683 quod
454 1643 570 1670 tamen
594 1636 630 1669 in
653 1635 906 1683 martyrologio
929 1635 996 1668 sub
1016 1634 1232 1667 Diocletiano
1255 1634 1388 1667 factum
1411 1634 1552 1682 legitur.
1579 1634 1617 1667 In

106 1697 313 1731 Mauritania
328 1696 466 1730 civitate
482 1695 809 1728 'suburbitanarum
826 1694 1000 1739 Perpetua
1015 1699 1050 1726 et
1064 1692 1218 1726 Felicitas
1231 1719 1239 1735 a
1256 1704 1338 1725 cum
1352 1692 1514 1738 pluribus
1528 1693 1616 1736 aliis,

104 1755 223 1789 bestiis
242 1754 434 1788 traduntur
452 1754 518 1788 sub
537 1753 664 1787 Severo
683 1753 860 1799 principe7
882 1751 978 1786 unde
997 1751 1206 1798 ambiguum
1225 1757 1276 1784 est
1291 1763 1335 1784 an
1351 1751 1419 1784 hoc
1438 1757 1615 1796 tempore7

106 1827 149 1848 an
165 1814 231 1848 sub
246 1813 373 1847 Severo
389 1820 486 1859 patre
501 1812 651 1846 Cassiani
668 1824 786 1858 passae
804 1812 886 1845 sint.
905 1811 944 1844 In
960 1810 1077 1845 Galliis
1092 1810 1231 1843 civitate
1250 1809 1379 1843 Cimela
1398 1810 1418 1854 ij
1440 1809 1518 1843 idus
1537 1810 1618 1843 Maii

105 1884 226 1919 passus
249 1878 300 1906 est
319 1872 466 1905 Pontius
490 1878 623 1917 martyr
641 1870 672 1914 ¹,
692 1871 794 1916 cujus
818 1869 991 1903 industria
1010 1868 1082 1901 duo
1106 1868 1260 1913 Philippi
1285 1868 1514 1913 imperatores
1533 1880 1620 1901 con-

106 1931 193 1964 versi
213 1937 307 1964 sunt.
331 1930 484 1964 Licinius
503 1929 706 1963 Valerianus
727 1928 916 1970 Colobius.
939 1927 1054 1972 primo
1079 1926 1282 1973 religiosus7
1306 1925 1367 1959 sed
1389 1925 1618 1971 postmodum

105 1989 333 2035 depravatus.
357 1988 499 2022 tandem
516 2000 535 2021 a
556 2000 636 2035 rege
659 1987 845 2020 Persarum
868 1991 992 2031 captus
1005 1991 1040 2018 et
1055 1990 1258 2018 excaecatus
1272 1985 1307 2017 in
1327 1990 1398 2017 tam
1416 1984 1617 2029 turpissima

105 2047 272 2081 servitute
293 2046 479 2080 consenuit
492 2073 501 2087 7
522 2052 563 2079 ut
584 2046 658 2091 ipse
678 2045 816 2078 acclivis
837 2044 938 2077 humi
962 2055 1081 2090 regem
1104 2054 1210 2088 super
1232 2054 1366 2088 equum
1389 2054 1617 2075 ascensurum

107 2118 176 2139 non
197 2117 304 2138 manu
326 2104 387 2138 sed
401 2104 506 2138 dorso
523 2116 587 2138 suo
602 2104 787 2137 attolleret.
811 2103 976 2136 Galienus
995 2113 1116 2146 pacem
1136 2101 1288 2134 ecclesiis
1307 2100 1444 2146 trepida
1467 2101 1619 2134 satisfac—

106 2164 199 2198 tione
214 2163 385 2205 restitust,
406 2162 500 2196 claro
517 2162 577 2195 Dei
594 2161 730 2207 judicio
752 2167 786 2195 et
805 2160 913 2206 patris
933 2165 1114 2205 permotus
1135 2158 1307 2204 exemplo.
1327 2158 1456 2192 Romae
1476 2158 1532 2204 viij
1548 2158 1613 2192 kal.

105 2222 279 2263 Januarii„
298 2221 510 2266 Euphemia.
535 2220 602 2253 fitia
619 2220 772 2265 Philippi
789 2218 973 2265 praefecti.
996 2229 1094 2263 passa
1110 2223 1181 2260 est,
1203 2217 1343 2263 quaein
1364 2229 1455 2264 pago
1470 2217 1618 2250 Alexan-

104 2279 201 2314 driae
221 2279 451 2325 Euphemiam
474 2290 510 2311 se
533 2278 717 2311 nominans
740 2284 774 2311 et
797 2289 879 2310 cum
904 2275 1078 2309 ennuchis
1098 2275 1232 2308 Protho
1251 2281 1286 2308 et
1312 2275 1508 2320 Hyacintho
1528 2275 1619 2309 inter

106 2337 299 2372 monachos
316 2343 518 2371 conversata
531 2363 539 2379 ,
561 2336 608 2370 ob
627 2336 799 2369 fervorem
815 2334 993 2382 religionis
1011 2334 1046 2367 in
1065 2333 1229 2367 abbatem
1244 2333 1351 2367 electa
1366 2339 1428 2366 est.
1448 2332 1617 2381 Origenes

103 2397 363 2445 septuagesimo
381 2395 502 2430 aetatis
517 2407 599 2428 suae
617 2406 710 2428 anno
724 2393 913 2428 defunctus
929 2393 963 2426 in
982 2392 1076 2438 Tyro
1091 2391 1268 2438 sepelitur.

146 2527 154 2544 ¹
177 2527 304 2562 Martyris
320 2526 402 2560 hujus
423 2531 481 2552 aeta
497 2526 522 2552 in
542 2524 705 2561 quibusdam
720 2523 883 2559 interpolata
897 2527 971 2549 sunt.
