2137 3131
409 335 480 370 88-'4
1007 327 1295 365 APPENDICES.

408 444 597 471 certitudinem
612 441 765 476 appositum
783 444 825 465 est
842 438 929 465 eidem
946 437 1066 473 sigillum
1079 437 1191 472 capituli
1204 436 1355 473 generalis,
1371 445 1477 462 necnon
1489 441 1517 462 et
1529 435 1618 472 sigilla
1634 436 1818 472 Bonae-Spei,
1835 437 1923 463 sancti

410 491 520 517 Foillnni
536 495 563 516 et
575 490 608 515 de
622 487 788 523 Grimbergis
800 486 929 512 abbatum
939 506 946 517 ‚
962 485 1008 520 qui
1026 485 1115 520 ipsum
1129 484 1313 511 auctenticum
1327 483 1461 510 bullatum
1474 488 1502 510 et
1514 483 1601 510 oculis
1613 484 1809 519 inspexerun13
1825 488 1854 510 et
1866 493 1922 510 ma-

408 538 486 564 nibus
497 540 722 562 attrectaverunt.
735 534 834 560 Datum
848 532 1059 559 Praemonstrati
1070 553 1077 564 ‚
1093 541 1165 558 anno
1178 532 1283 568 gratiae
1296 531 1504 559 MCCXXXVHI
1516 551 1523 562 ,
1538 531 1565 557 in
1578 531 1700 567 capitulo
1711 530 1843 567 generali.

1404 596 1514 629 Original
1523 615 1529 623 ,
1541 603 1627 621 sceanx
1638 597 1749 621 detruits.

1053 788 1269 823 CLXXXVI.

406 866 671 901 L’ahhe'cl’lmle
686 867 853 913 confirmo
867 867 902 900 la
918 867 1087 901 domnion
1103 867 1144 901 de
1161 867 1195 901 la
1212 866 1307 901 dime
1324 866 1365 901 de
1382 866 1597 908 Hoorehelw,
1615 867 1703 911 faite
1721 863 1745 899 ἀ
1762 864 1920 910 l’abhaye

447 938 521 972 pm·
537 925 564 959 le
577 925 697 972 pre'tre
715 925 894 968 flIatltieu,
914 924 938 960 ἀ
955 925 1133 960 condition
1150 939 1215 972 que
1233 938 1323 960 ceum
1340 926 1382 960 de
1401 924 1539 960 Nz'nove
1560 925 1616 959 lm·
1629 924 1807 959 rendront
1821 923 1921 958 hom-

454 996 549 1030 magle
566 983 616 1017 du
632 983 766 1028 olzefcle
783 989 864 1018 cette
878 982 984 1018 dime.
1000 1004 1049 1010 --
1059 984 1246 1018 Boucuovr.

1123 1143 1196 1166 1259.

441 1214 482 1240 F..
498 1214 545 1240 Dei
564 1214 651 1249 gratia
670 1213 793 1240 ludensis
806 1214 890 1240 abbas
901 1235 907 1247 ,
924 1215 1060 1242 universis
1076 1221 1236 1251 praesentes
1253 1215 1360 1242 litteras
1377 1216 1559 1251 inspecturis,
1576 1215 1692 1242 salutem
1706 1221 1734 1242 et
1745 1217 1880 1243 sinceram
1893 1217 1920 1243 in

405 1261 518 1287 Domino
530 1261 680 1286 caritatem.
696 1259 761 1286 Cum
775 1260 864 1287 bonae
878 1262 1023 1289 memoriae
1037 1262 1196 1295 Maffiaeus,
1213 1263 1351 1299 quondam
1366 1263 1512 1298 presbyter
1526 1263 1559 1289 de
1570 1253 1748 1300 Ιηᾱεῆςήεπι,
1763 1263 1881 1291 eontulit
1892 1264 1920 1290 in

403 1308 598 1342 eleemosynam
607 1306 738 1333 decimam
746 1307 819 1333 illam
828 1329 835 1340 ‚
849 1317 931 1343 quam
946 1309 1057 1336 tenebat
1067 1319 1083 1336 a
1095 1310 1174 1336 nobis
1188 1311 1214 1336 in
1229 1309 1339 1336 feodum
1354 1311 1381 1336 iu
1393 1309 1522 1345 parochia
1533 1309 1567 1336 de
1576 1309 1740 1336 Horenbeka
1749 1331 1756 1343 ‚
1771 1313 1920 1338 conventui

405 1355 554 1381 Ninivensis
565 1354 694 1381 ecelesiae
703 1375 710 1387 ‚
725 1354 800 1381 salvo
811 1355 878 1389 jure
891 1361 987 1382 nostro
999 1377 1006 1389 ‚
1022 1366 1072 1383 nos
1086 1357 1185 1383 dictam
1199 1357 1373 1384 collationem
1383 1378 1390 1390 ‚
1406 1358 1508 1384 intuitu
1522 1357 1572 1384 Dei
1583 1363 1611 1384 et
1624 1358 1806 1394 quorumdam
1820 1360 1922 1386 amico-

404 1412 464 1429 rum
484 1407 639 1428 nostrorum
660 1402 773 1429 obtento
782 1423 789 1434 ‚
810 1408 916 1439 gratam
939 1409 967 1430 et
989 1409 1077 1431 ratam
1095 1404 1228 1432 habemus
1237 1426 1244 1437 ‚
1269 1411 1382 1440 recepto
1403 1405 1530 1441 homagio
1551 1405 1626 1441 quod
1649 1405 1729 1432 nobis
1747 1404 1811 1432 fecit
1831 1405 1919 1433 frater

405 1449 514 1481 Daniel,
530 1450 674 1475 canonicus
685 1449 837 1476 Ninivensis
850 1450 981 1477 ecclesiae
990 1472 997 1483 ‚
1012 1451 1046 1477 de
1060 1451 1154 1478 eadem
1169 1452 1274 1478 decima
1292 1452 1397 1478 habens
1411 1457 1576 1487 potestatem
1589 1461 1639 1487 per
1651 1451 1758 1479 litteras
1771 1452 1880 1479 abbatis
1893 1459 1921 1480 et

404 1502 552 1523 conventus
565 1497 598 1523 de
612 1497 705 1522 Ninive
714 1518 721 1529 ‚
735 1497 838 1523 dictum
849 1497 1006 1534 homagium
1019 1498 1146 1525 faciendi.
1161 1499 1228 1526 Cum
1241 1509 1308 1526 vero
1321 1499 1479 1535 praedictus
1492 1499 1588 1526 Daniel
1601 1499 1764 1533 decesserit,
1778 1500 1920 1536 praedicta

402 1544 513 1570 ecclesia
527 1543 604 1569 nobis
617 1543 695 1569 aliam
707 1553 850 1578 personam
862 1545 1017 1581 religiosam
1030 1545 1128 1572 domus
1138 1556 1204 1573 suae
1219 1546 1349 1573 exhibere
1363 1547 1517 1579 tenebitur,
1533 1556 1605 1582 quae
1618 1556 1633 1572 a
1646 1547 1725 1573 nobis
1738 1552 1765 1574 et
1778 1557 1920 1575 successo-

403 1592 479 1617 ribus
488 1591 587 1617 nostris
596 1590 763 1625 praedictum
773 1591 930 1628 homagium
941 1591 1021 1618 saciet
1031 1614 1037 1625 ,
1053 1598 1081 1619 et
1094 1594 1132 1619 sic
1140 1593 1269 1629 deinceps
1277 1594 1304 1619 in
1318 1593 1454 1620 futurum.
1467 1593 1591 1620 Fuerunt
1600 1598 1691 1620 autem
1703 1599 1863 1629 praesentes
1874 1596 1921 1622 ubi

404 1639 571 1674 praedictum
585 1638 685 1664 sactum
699 1638 749 1665 suit
762 1638 917 1675 homagium
927 1661 934 1673 ⁷
947 1639 1072 1667 homines
1085 1642 1173 1667 nostri
1186 1641 1324 1668 feodales:
1340 1641 1502 1668 Genetasius
1513 1662 1521 1672 ,
1536 1641 1706 1674 Wisselmns,
1720 1641 1837 1669 Mathias
1847 1663 1854 1674 ,
1868 1643 1918 1670 Pe-

403 1692 477 1718 trus,
493 1685 626 1718 Wiricus,
644 1685 794 1712 willelmus
804 1706 811 1719 ‚
831 1685 944 1719 fratrui‚
961 1692 989 1714 et
1007 1687 1173 1715 Genekinus.
1189 1688 1286 1715 Actum
1301 1698 1372 1715 anno
1390 1688 1499 1714 Domini
1512 1687 1693 1714 MCCXXXlx
1703 1709 1711 1720 ‚
1725 1688 1841 1716 sabbato
1855 1695 1918 1725 post

402 1733 558 1758 divisionem
574 1732 759 1767 apostolorum
769 1732 790 1758 ¹.

1367 1772 1498 1797 cartulaire
1508 1772 1537 1796 de
1548 1772 1656 1798 Malines.

1128 1844 1198 1855 ΙΙ

1055 1973 1273 2008 CLXXXVII
1281 2001 1288 2008 .

405 2044 565 2079 Sentenee
581 2048 749 2082 arbitrale
762 2049 812 2083 clu
832 2049 945 2096 (loyen
964 2051 1005 2084 de
1018 2050 1186 2086 Lomhelce
1195 2079 1205 2095 ,
1224 2055 1290 2098 qui
1305 2055 1454 2088 termine
1477 2054 1506 2088 le
1525 2054 1628 2089 de'hat
1645 2058 1799 2099 eoez'stant
1820 2063 1918 2092 entre

733 2108 890 2155 l'ahbaye
908 2115 941 2143 et
953 2110 982 2144 Ie
995 2109 1084 2144 θανά
1098 2111 1139 2144 de
1152 2110 1335 2145 Lombekae.
1356 2132 1404 2138 —
1419 2111 1583 2147 errumu.

1095 2269 1152 2292 Vers
1164 2269 1238 2293 1240.

443 2330 472 2356 In
486 2334 593 2359 nomine
607 2340 715 2362 sauctae
727 2341 754 2362 et
766 2336 922 2364 individuae
937 2338 1089 2366 Trinitatis.
1102 2340 1159 2376 Ego
1172 2340 1314 2367 W‘alterus
1323 2362 1330 2374 7
1347 2346 1528 2378 cognomento
1547 2342 1643 2369 Wellin
1656 2364 1664 2376 ‚
1679 2342 1730 2370 Dei
1739 2344 1829 2380 gratia
1840 2343 1923 2370 deca-

405 2386 455 2403 nus
466 2377 499 2404 de
513 2378 582 2413 Hal,
602 2382 728 2409 omnibus
740 2383 792 2410 hoc
803 2385 936 2420 scriptum
950 2385 1064 2413 lecturis
1077 2392 1171 2413 notum
1185 2387 1254 2414 facio
1264 2409 1271 2420 ‚
1291 2388 1365 2424 quod
1383 2388 1523 2424 querelam
1539 2390 1612 2416 inter
1629 2390 1755 2417 abbatem
1775 2390 1810 2417 de
1822 2391 1918 2418 Ninive

435 2451 441 2466 ¹
459 2453 509 2472 Fe'le
519 2454 613 2475 celebrer»
623 2463 650 2476 au
660 2458 714 2477 mois
723 2456 750 2477 de
760 2459 880 2486 septembre
889 2459 942 2480 dans
954 2461 1058 2489 quelques
1069 2461 1172 2483 dioceses.
