2137 3131
466 366 535 401 522
807 364 980 399 CORPtls
1006 361 1335 397 CHRONICORUM
1364 362 1628 396 FLANDRIAE.

468 474 610 507 dactum
626 473 743 515 fnisse7
762 471 895 505 addens
908 468 1005 515 quod
1024 469 1158 502 Emnw.
1178 469 1406 503 'fornacensis
1421 469 1589 515 pontifex7
1608 482 1627 503 a
1641 469 1852 504 Normannis
1866 471 1977 504 inter-

468 533 580 566 fectus
598 532 638 564 sit
654 557 661 563 .
679 542 770 563 anno
786 528 923 562 Domini
940 526 1130 569 DCCCLX,
1150 534 1230 560 ante
1251 527 1340 561 lianc
1356 527 1629 561 devastationem
1647 528 1699 573 xxj
1717 528 1830 561 annis.
1850 528 1889 561 In
1904 541 1976 575 quo

469 602 573 636 opere
592 588 685 622 idem
703 587 858 635 digestor
876 593 1076 631 temporum
1098 586 1275 631 praeclaro
1293 587 1383 632 stylo
1401 586 1529 633 digerit
1550 586 1638 620 bella
1656 598 1695 620 ac
1715 587 1842 632 praelia
1858 614 1865 629 ἦ
1888 599 1977 633 quae

469 646 660 682 Normanni
680 646 725 679 ob
744 644 975 678 insatiabilem
998 644 1091 677 sitini
1112 643 1284 677 fundendi
1310 644 1506 678 humanum
1526 645 1733 692 sanguinem
1752 644 1975 687 habuerunt,

468 705 632 739 adversus
652 705 854 745 Remenses7
881 703 1089 736 Parisienses
1103 729 1111 745 7
1136 702 1399 736 Aurelianenses
1417 709 1523 748 atque
1538 702 1813 748 Compendiosos
1833 703 1978 737 viriliter

468 762 680 797 decertando
702 763 722 794 ¹.

518 821 615 855 Unde
639 821 720 854 satis
749 821 921 854 mirantur
952 820 1209 853 Tornaeenses.
1238 820 1336 866 quod
1363 820 1467 853 nullis
1494 820 1705 865 scriptorum
1738 820 1978 853 monumentis

468 881 690 914 declarentur
708 892 806 913 casus
824 886 857 913 et
876 886 1037 912 eventus.
1060 891 1149 924 quos
1162 885 1247 912 tunc
1266 879 1502 924 protulerunt.
1526 877 1593 912 Sed
1615 879 1682 912 hac
1699 878 1743 912 de
1765 890 1868 912 causa
1890 884 1978 924 puto

468 941 601 974 factum
621 951 705 972 esse.
729 939 766 972 In
789 939 862 984 ipsa
880 951 943 972 sua
968 938 1194 971 translatione
1215 944 1320 983 atque
1345 937 1651 980 exterminatione7
1676 937 1738 983 qui
1763 937 1978 971 Noviomum

467 998 623 1032 translati
641 1004 741 1040 sunt,
762 1003 802 1030 ut
820 1003 898 1042 post
916 995 1159 1037 ostendemusi
1184 995 1283 1028 malis
1304 1002 1338 1028 et
1356 995 1486 1041 rapinis
1505 1001 1612 1040 atque
1635 995 1892 1028 calamitatibus
1911 1006 1979 1040 op-

470 1056 593 1102 pressii
619 1056 750 1101 quippe
769 1055 829 1101 qui
849 1055 964 1088 locum
987 1060 1022 1087 et
1038 1060 1179 1101 gentem
1198 1053 1410 1099 perdebant7
1431 1065 1577 1086 manum
1597 1052 1641 1086 ad
1661 1051 1889 1086 scribendum
1909 1053 1978 1085 mi-

469 1116 562 1148 nime
584 1114 818 1160 appulerunt‚
847 1120 907 1146 aut
931 1114 958 1146 si
978 1113 1022 1146 ab
1043 1113 1221 1159 aliquibus
1242 1113 1373 1158 scripto
1392 1111 1556 1145 mandata
1579 1118 1682 1154 sunt2
1711 1112 1801 1145 forte
1829 1111 1877 1144 illi
1909 1123 1980 1145 non

469 1172 650 1206 redierunt
674 1171 718 1220 acl
745 1172 906 1217 propria,
928 1170 988 1204 sed
1010 1171 1046 1204 in
1071 1171 1144 1216 ipsa
1167 1183 1228 1204 sua
1250 1170 1475 1204 translatione
1501 1170 1570 1203 vita
1591 1169 1835 1211 decesserunt,
1858 1169 1979 1216 sicque

469 1232 596 1277 scripta
614 1243 736 1264 eorum
756 1230 792 1262 in
812 1236 1011 1263 exterorum
1034 1228 1233 1262 dominium
1252 1228 1470 1262 devenerunt
1490 1234 1525 1261 et
1549 1240 1612 1274 per
1634 1228 1805 1262 incuriam
1824 1227 1981 1274 deperie-

470 1296 573 1331 runt7
603 1290 650 1322 ita
676 1294 715 1321 ut
743 1299 853 1333 usque
879 1287 914 1320 in
937 1286 1148 1320 hodiernum
1168 1286 1262 1320 diem
1283 1287 1427 1320 minime
1448 1287 1518 1319 visa
1541 1286 1750 1320 referantur.
1775 1285 1872 1319 Cives
1898 1297 1981 1319 vero

471 1347 814 1395 quamplurimarum
833 1346 993 1388 urbium„
1020 1358 1123 1379 causa
1148 1344 1318 1378 evadendi
1343 1344 1435 1378 hanc
1457 1344 1757 1390 persecutionem7
1781 1343 1826 1377 ad
1851 1344 1981 1378 vicinas

473 1407 627 1441 civitates
646 1418 726 1439 cum
745 1406 816 1438 suis
835 1405 1000 1438 omnibus
1013 1416 1048 1438 se
1067 1404 1295 1438 contulerunt
1309 1430 1317 1446 a
1340 1415 1427 1449 quas
1445 1403 1489 1436 ab
1507 1403 1563 1436 illa
1582 1402 1820 1436 devastatione
1835 1403 1981 1436 minime

472 1471 658 1510 occupatas
685 1475 756 1497 esse
779 1463 1052 1497 arbitrabantur.
1081 1462 1311 1496 Ecclesiarum
1336 1473 1479 1508 quoque
1503 1467 1655 1494 rectores
1676 1473 1712 1494 se
1734 1467 1769 1494 et
1786 1467 1905 1494 sancta
1925 1461 1985 1506 pi-

473 1536 584 1571 gnora
602 1534 692 1569 quae
710 1522 888 1555 habebant
900 1548 908 1560 ἢ
925 1528 959 1554 et
977 1533 1138 1567 quaeque
1154 1520 1306 1554 ecclesiis
1323 1521 1359 1553 in
1373 1526 1554 1565 posterum
1571 1520 1757 1564 profutura
1775 1519 1981 1564 sperabant,

474 1587 759 1628 asportaverunt,
780 1581 881 1614 sicuti
900 1586 983 1613 sunt
997 1580 1233 1627 chirographa
1251 1579 1507 1624 possessionum
1519 1605 1528 1621 7
1547 1577 1779 1611 bibliothecae
1797 1584 1832 1611 et
1849 1584 1984 1612 caetera

475 1647 680 1675 ornamenta
695 1629 931 1673 ecclesiarum.
950 1638 1114 1672 Sciebant
1127 1638 1221 1671 enim
1236 1638 1426 1671 Dominum
1441 1637 1657 1682 praecepisse
1675 1650 1680 1669 :
1699 1651 1716 1667 ει
1731 1635 1819 1670 Cum
1829 1648 1889 1670 vos
1901 1648 1985 1682 per-

474 1699 583 1733 secuti
598 1698 729 1732 fuerint
742 1698 778 1731 in
797 1710 866 1730 una
881 1697 1036 1735 civitate,
1057 1696 1168 1743 fugite
1184 1696 1221 1729 in
1236 1696 1358 1737 aliamg
1377 1711 1394 1726 ι)
1416 1694 1523 1741 idque
1538 1695 1654 1740 ipsum
1669 1706 1774 1740 opere
1790 1695 1984 1740 implevisse

476 1758 657 1800 tenebant,
682 1757 743 1803 qui
763 1756 873 1790 sciens
891 1768 990 1789 suam
1008 1761 1159 1789 mortem
1179 1755 1223 1788 ab
1248 1754 1385 1788 Herode
1399 1754 1615 1800 jamjamque
1637 1754 1813 1797 invenire,
1837 1753 1930 1801 fugit
1948 1754 1984 1787 in

477 1819 688 1864 Aegyptum.
711 1814 791 1855 Quo
808 1826 913 1860 opere
932 1820 1038 1860 atque
1056 1819 1243 1859 praecepto
1261 1812 1467 1846 commoniti
1478 1839 1486 1855 ³
1507 1812 1645 1858 praesul
1661 1811 1889 1845 Tornacensis
1903 1812 1985 1845 Hei-

475 1875 545 1909 dito
572 1887 653 1909 cum
675 1874 767 1908 clero
793 1880 828 1907 et
849 1873 949 1919 plebe
973 1873 1135 1921 unigersa
1158 1871 1203 1905 ad
1230 1872 1442 1906 Noviomum
1469 1871 1644 1904 civitatem
1671 1883 1706 1904 se
1732 1871 1981 1914 contulerunt⁷

473 1934 667 1968 sanctuaria
691 1932 853 1966 ecclesiae
872 1938 906 1964 et
925 1930 1153 1964 ecclesiastica
1177 1942 1340 1976 quaeque
1362 1941 1479 1962 secum
1507 1935 1724 1975 asportantes
1742 1929 1790 1962 ibi
1814 1940 1984 1975 reposue—

476 1998 570 2034 runt7
590 1991 723 2024 nullam
737 1991 838 2024 aliam
859 1990 985 2023 urbem
1004 1989 1180 2022 utiliorem
1193 2015 1201 2031 .,
1222 1988 1337 2021 nullos
1354 1988 1438 2021 alios
1457 1988 1548 2021 cives
1566 1987 1632 2021 sibi
1652 1987 1727 2021 fore
1742 1987 1985 2021 clementiores

475 2051 707 2093 aestimantes7
730 2050 861 2096 quippe
880 2049 941 2095 qui
960 2061 1032 2082 uno
1053 2047 1212 2094 praesule
1230 2047 1458 2080 imbuebatur
1477 2059 1547 2080 una
1561 2046 1759 2080 chrismatis
1772 2046 1885 2094 gratia
1899 2046 1986 2079 insi-

475 2109 662 2157 gniebatur
677 2120 717 2141 ex
732 2120 858 2156 magna
867 2108 941 2153 jam
956 2107 1124 2152 temporis
1133 2106 1354 2152 antiquitate.
1367 2105 1509 2138 Celebre
1524 2111 1640 2139 autem
1656 2105 1828 2138 habemus
1843 2116 1906 2150 per
1919 2117 1984 2138 xxx

477 2180 586 2201 annos
610 2167 677 2201 illic
695 2179 753 2200 eos
772 2167 949 2200 mansisse.
972 2165 1051 2206 Quo
1070 2171 1229 2210 tempore
1247 2164 1398 2210 qualiter
1418 2175 1454 2197 se
1472 2163 1661 2197 habuerint
1680 2175 1721 2196 ex
1737 2163 1903 2209 subjectis
1919 2161 1986 2197 do—

478 2238 611 2259 cemur.
630 2226 678 2259 De
693 2224 908 2271 quibusdam
922 2224 1014 2257 enim
1033 2223 1254 2257 notificatum
1272 2229 1336 2265 est.v
1353 2221 1450 2268 quod
1466 2222 1586 2267 paucis
1602 2221 1749 2255 evolutis
1763 2220 1889 2255 diebus
1904 2233 1986 2255 cum

478 2284 578 2329 probi
594 2283 751 2316 moribus
765 2289 880 2316 essent
897 2288 931 2316 et
944 2282 980 2315 in
994 2288 1068 2315 arte
1082 2279 1285 2328 negotiandi
1302 2292 1375 2314 non
1394 2292 1520 2326 parum
1534 2280 1705 2328 vigerent7
1722 2292 1794 2314 non
1808 2280 1985 2314 immerito

478 2341 625 2389 gratiam
644 2341 845 2387 principum
866 2347 977 2374 terrae
995 2339 1248 2386 acquisierunt.
1265 2339 1479 2385 Factumque
1494 2344 1546 2372 est
1558 2344 1599 2372 ut
1612 2350 1738 2372 uxores
1756 2337 1982 2380 inducerent7

520 2471 527 2488 ¹
549 2470 621 2496 Finis
633 2470 644 2505 ξ
657 2470 691 2496 50
706 2470 872 2496 Herimanni.
