2118 3184
573 421 798 455 CHRONICA
827 421 1149 456 TORNACENSIS.
1544 421 1612 456 2339

106 525 304 560 didicerunt
335 539 394 560 eos
414 527 625 561 Noviomum
648 529 713 561 ire.
740 529 908 574 quatinus
931 542 950 563 a
976 529 1121 563 domino
1149 529 1320 563 Rabbodo
1339 530 1523 575 episcopO.
1553 529 1615 574 qui

104 591 189 617 tunc
204 585 250 618 ibi
265 585 563 619 commorabatur.
582 586 736 619 abeundi
754 587 926 620 licentiam
944 594 1115 633 peterent,
1133 588 1294 633 protinus
1309 594 1453 621 evocato
1467 586 1613 620 domino

106 642 278 677 Everardo
305 643 514 676 castellano.
544 645 650 677 totius
682 646 833 692 regionis
863 646 951 679 illius
978 647 1159 692 principe.
1189 647 1397 692 cunctisque
1422 646 1614 691 majoribus

105 701 251 734 urbisin
268 713 378 734 unum
398 701 556 735 celeriter
566 704 787 750 congregatis
800 731 807 737 .
829 711 973 750 accepto
993 705 1144 752 generali
1161 705 1318 747 consilim
1343 704 1387 738 ad
1407 705 1611 750 episcopum

104 760 267 793 festinato
291 760 480 803 miserunt7
508 761 714 795 mandantes
737 763 765 795 ei
787 769 823 796 ut
846 763 976 796 nullam
1000 775 1096 809 spem
1121 763 1266 797 ulterius
1290 762 1510 811 ingrediendi
1531 762 1614 795 'l'or—

106 830 232 852 uacum
251 818 413 861 haberet,
435 819 462 852 si
477 819 525 852 eis
541 819 714 853 licentiam
739 820 851 854 daret.
871 821 1019 869 Legatos
1035 822 1171 867 itaque.¹
1192 834 1285 868 equo
1306 822 1531 855 veliementer
1550 820 1614 854 cal-

103 876 242 910 caribus
260 877 424 925 fatigato.
447 878 638 911 monachos
662 879 858 924 praevenit.
885 880 1050 925 episcopo
1070 891 1143 913 rem
1169 887 1301 927 gestam
1320 880 1458 913 retulit.
1485 878 1613 912 deinde

104 935 272 981 principis
295 941 327 968 et
352 936 481 969 civium
509 936 612 969 verba
638 937 832 981 subjunxit.
861 938 1025 971 Protinus
1051 938 1235 984 episcopus
1263 938 1424 984 lacrymis
1452 938 1614 983 perfusus

103 994 303 1040 respondit.
330 1009 347 1025 «
371 995 440 1028 hoc
462 995 642 1041 superfluo
661 997 751 1029 cives
774 996 974 1037 mandasseq
1001 997 1170 1043 quoniam
1190 997 1324 1030 etiamsi
1346 997 1409 1042 ipsi
1431 1002 1608 1043 rogarent.

103 1059 142 1086 ut
171 1053 362 1087 monachos
389 1054 484 1087 abire
511 1054 751 1098 permitteret.
782 1055 855 1100 ipse
882 1055 979 1088 nullo
1007 1054 1114 1088 modo
1137 1067 1243 1101 super
1266 1055 1334 1089 hoc
1359 1055 1406 1088 eis
1433 1066 1612 1088 assensum

102 1113 330 1158 praeberet.»
350 1112 526 1146 Continuo
545 1125 630 1161 ergo
651 1114 685 1146 in
703 1114 777 1155 via,
796 1126 866 1159 qua
883 1126 941 1147 eos
951 1120 1116 1147 venturos
1127 1114 1289 1159 sperabat
1301 1141 1309 1155 2
1327 1115 1399 1159 ipse
1409 1112 1612 1159 explorandi

103 1172 214 1220 gratia
233 1171 386 1219 legatum
412 1171 550 1219 dirigit.
573 1172 693 1218 eisque
711 1172 1034 1218 propinquantibus
1058 1173 1091 1205 in
1119 1184 1305 1205 occursum
1331 1184 1452 1205 eorum
1474 1172 1608 1219 pergit.

102 1230 296 1276 vidensquc
313 1242 372 1263 eos
390 1241 512 1263 omnes
532 1230 603 1263 fere
622 1243 685 1263 xxx
705 1229 840 1275 pedites
860 1230 1054 1272 venientes..
1074 1230 1243 1263 militibus
1261 1236 1296 1263 et
1316 1230 1448 1263 clericis
1467 1230 1555 1272 suis2
1575 1236 1610 1262 ut

102 1289 147 1323 de
165 1289 264 1335 equis
281 1287 534 1322 descenderent
554 1294 587 1321 et
607 1288 799 1321 monachos
819 1287 1007 1321 ascendere
1028 1288 1203 1321 facerent.
1235 1288 1425 1333 praecepit.
1448 1287 1612 1321 Monacbi

100 1359 183 1381 vero
202 1346 390 1380 ascendere
409 1347 567 1380 nolentes
582 1359 695 1393 usque
713 1346 758 1379 ad
773 1347 979 1392 episcopum
998 1347 1225 1392 perveniunt.
1248 1353 1281 1379 et
1301 1347 1335 1379 in
1356 1345 1472 1379 medio
1492 1353 1613 1392 portae

101 1405 344 1440 Noviomensis
363 1405 460 1438 urbis
479 1404 629 1450 pedibus
646 1405 721 1449 ejus
747 1405 911 1450 prostrati
931 1404 1085 1438 abeundi
1106 1404 1281 1438 licentiam
1302 1404 1512 1450 deposcunt.
1532 1404 1613 1437 Pro-

99 1465 195 1498 tinus
221 1464 407 1510 episcopus
433 1475 515 1496 cum
539 1463 649 1496 nimio
675 1462 759 1496 fletu
787 1475 805 1496 e
828 1469 949 1496 contra
976 1462 1127 1508 pedibus
1154 1474 1277 1496 eorum
1304 1463 1556 1508 prosternitur.
1580 1469 1610 1495 et

102 1523 170 1557 hoc
188 1534 224 1556 se
244 1521 340 1556 nullo
360 1520 467 1554 modo
486 1521 663 1555 facturum
679 1520 912 1566 jurejurando
930 1521 1131 1567 profitetur.
1148 1521 1269 1567 sicque
1284 1520 1328 1554 ad
1347 1520 1494 1554 domum
1514 1533 1612 1554 suam

101 1593 161 1616 eos
171 1580 324 1623 ducens7
344 1593 384 1614 ac
398 1592 464 1626 pro
478 1580 566 1613 tanti
578 1580 706 1613 laboris
726 1580 895 1613 levamine
909 1579 1028 1613 triduo
1044 1592 1161 1613 secum
1182 1580 1336 1613 retinens
1354 1580 1613 1626 liberaliterque

102 1640 274 1683 reficiens„
297 1639 341 1673 ad
362 1639 526 1673 ultimum
546 1651 604 1672 eos
623 1638 844 1672 obedientiae
862 1639 1003 1672 vinculo
1025 1639 1252 1681 constrictos‚
1279 1638 1479 1672 Tornacum
1499 1638 1613 1672 redire

100 1698 229 1746 coegit.
258 1697 365 1738 Quod
387 1697 448 1731 ubi
473 1697 608 1731 civibus
631 1697 805 1740 innotuit7
834 1697 926 1730 illico
949 1697 1048 1743 quasi
1073 1703 1153 1742 post
1170 1697 1332 1730 tenebras
1355 1697 1462 1730 solem
1490 1709 1612 1730 cerne-

100 1762 179 1790 rent
202 1755 409 1790 redeuntem
423 1781 431 1797 ,
455 1755 611 1789 exultant
628 1761 663 1788 et
680 1755 804 1800 procul
823 1755 867 1788 ab
886 1755 974 1788 urbe
997 1755 1045 1788 eis
1064 1767 1248 1788 occurrere
1272 1762 1493 1801 praeparant.
1519 1755 1612 1788 Con-

100 1815 180 1863 tigit
197 1821 315 1848 autem
336 1826 395 1848 eos
413 1813 527 1848 redire
554 1814 589 1847 in
617 1814 826 1847 exaltatione
844 1821 983 1848 sanctae
1004 1814 1134 1856 crucis7
1156 1813 1300 1860 quando
1324 1814 1417 1848 illam
1438 1814 1609 1848 celebrem

100 1873 360 1920 processionem
384 1884 446 1918 per
465 1872 654 1906 circuitum
674 1872 772 1905 urbis
793 1872 946 1918 populus
965 1872 1134 1915 faciebat7
1156 1884 1247 1918 quae
1268 1872 1312 1905 ab
1336 1873 1500 1918 episcopo
1518 1872 1612 1905 Rab-

101 1931 196 1966 bodo
215 1931 341 1966 eodem
364 1938 523 1977 tempore
543 1932 659 1964 fuerat
681 1931 860 1974 instituta7
888 1942 953 1976 pro
976 1931 1078 1978 ignea
1104 1929 1347 1976 pestilentia¹7
1374 1942 1464 1977 quae
1491 1930 1612 1963 divino

95 1990 232 2036 judicio
255 1990 360 2024 nimis
382 1990 483 2024 istam
509 1989 727 2036 provinciam
757 1995 995 2035 oppresserat³
1025 1988 1114 2022 adeo
1133 1995 1173 2022 ut
1199 1989 1433 2034 plurimorum
1453 1989 1610 2022 membra

99 2049 241 2095 publice
257 2048 419 2082 comburi
433 2047 637 2082 viderentur
649 2047 674 2080 2.
693 2046 801 2092 Cujus
815 2047 921 2093 pestis
935 2047 1153 2080 immanitate
1167 2053 1366 2093 permotus„
1387 2046 1611 2092 supradictus

101 2107 293 2142 Rabbodus
311 2108 497 2153 episcopus
520 2107 627 2140 totius
648 2106 848 2152 provinciae
862 2106 1035 2152 populum
1053 2105 1098 2139 ad
1118 2105 1152 2139 S.
1176 2105 1306 2139 Mariae
1323 2105 1502 2139 ecclesiam
1526 2116 1611 2138 con-

100 2166 238 2214 gregari
259 2165 341 2199 fecit
353 2192 361 2207 7
384 2165 550 2211 factoque
568 2165 704 2198 cunctis
727 2164 880 2212 generali
899 2176 1060 2197 sermone
1073 2190 1082 2206 7
1104 2163 1341 2210 omnibusque
1359 2163 1507 2196 nimium
1530 2175 1611 2208 per-

99 2224 250 2266 territisff
284 2223 362 2269 plus
386 2235 493 2269 quam
523 2223 616 2256 mille
638 2223 810 2268 juvenum
840 2235 958 2256 comas
981 2221 1158 2265 totondit7
1184 2228 1366 2268 vestesque
1393 2234 1457 2267 per
1480 2228 1608 2255 terram

100 2281 296 2316 defluentes
322 2288 356 2315 et
385 2281 521 2314 libidini
548 2282 666 2327 potius
691 2294 799 2328 quam
826 2282 1021 2315 necessitati
1049 2281 1237 2315 servientes
1266 2280 1446 2326 praecidit.
1479 2280 1611 2314 Deinde

101 2341 271 2376 universis
298 2353 368 2374 una
386 2346 479 2374 sexta
505 2340 589 2373 feria
618 2340 752 2387 integra
781 2353 892 2386 usque
916 2340 960 2374 ad
991 2346 1129 2373 noctem
1153 2340 1331 2385 jejunare7
1370 2340 1415 2373 ita
1439 2345 1478 2373 ut
1505 2340 1609 2373 etiam

102 2399 265 2433 infantuli
286 2399 464 2432 nutricum
482 2398 626 2445 papillas
644 2410 715 2432 non
731 2405 915 2446 sugerent‚
933 2398 1070 2433 indixit.
1088 2398 1270 2433 Praeterea
1285 2399 1319 2432 in
1335 2399 1494 2445 sequenti
1510 2410 1611 2432 sanc—

139 2528 146 2545 ¹
171 2527 286 2561 Herim.‚
300 2528 333 2554 ad
348 2528 429 2554 finem
442 2527 455 2563 <j
466 2526 512 2554 59.
917 2527 929 2545 2
950 2527 1020 2554 Ibid.
1037 2526 1090 2562 ὃὸ.
