2137 3131
410 366 480 401 952
1006 353 1294 390 APPENDICES.

1078 461 1238 495 CCLXII.

413 550 555 589 Gilhert,
576 544 850 584 eure'cffoultre,
871 541 998 586 ceo-teste
1015 552 1080 586 que
1103 539 1148 573 les
1166 539 1263 572 biens
1284 538 1372 584 qu¹il
1387 550 1411 571 a
1424 536 1556 571 donne's
1573 535 1596 569 ὰ
1615 536 1773 582 l'abhaye
1791 540 1851 568 οηι
1865 535 1916 569 e‘te‘

454 604 621 651 memphis
634 602 884 649 fhrmellement
903 600 944 633 cle
962 605 1052 633 toute
1066 597 1241 632 servitude
1257 596 1390 642 se'odale
1405 608 1480 643 par
1500 595 1670 637 Gautc'er,
1690 597 1759 628 sire
1773 594 1814 627 de
1836 593 1912 626 Pol-

454 665 519 697 [ην.
541 684 584 688 —
606 664 755 696 Arruns
770 671 926 693 nivssusrs.

1118 797 1191 821 1285.

443 864 578 892 Universis
591 864 735 898 praesentis
750 861 758 879 ¹
773 862 903 896 scriptum
918 860 1016 886 visuris
1026 880 1032 891 ‚
1048 859 1177 894 magister
1187 858 1378 885 Ghiselbertus
1389 878 1395 889 ‚
1411 857 1573 893 praesbyter
1585 860 1699 882 curatus
1711 856 1745 882 de
1759 855 1845 882 Outra
1855 876 1861 886 ‚
1874 864 1913 881 sa-

405 914 486 939 lutem
501 912 526 937 in
542 910 665 936 Domino.
681 908 814 935 Noveritis
824 928 830 939 ,
847 906 920 942 quod
935 916 997 932 cum
1010 915 1061 941 ego
1075 906 1198 941 quintam
1217 905 1329 941 garbam
1344 914 1430 930 meam
1446 909 1472 931 et
1487 913 1598 930 censum
1613 912 1734 929 annuum
1749 904 1834 938 ipsam
1848 911 1914 929 con-

404 960 572 986 comitantem
583 966 643 982 cum
659 955 829 991 pertinentiis
839 954 895 980 suis
903 953 1046 987 etjnribus
1055 973 1062 985 ‚
1076 962 1146 988 quae
1154 953 1279 978 tenebam
1291 952 1324 978 de
1338 952 1462 977 Waltero
1469 951 1503 977 de
1515 951 1631 984 Pollair,
1643 951 1754 976 domino
1762 950 1796 976 de
1810 949 1895 976 Outra
1905 970 1912 980 ,

405 1008 430 1032 in
444 1005 550 1032 feodum
561 1026 567 1035 ,
583 1004 691 1030 domino
705 1003 796 1029 abbati
811 1007 838 1028 et
852 1001 998 1027 conventui
1021 1000 1177 1026 monasterii
1191 1000 1343 1026 Ninivensis
1360 999 1481 1025 vendere
1500 998 1645 1025 voluissem
1657 1019 1664 1031 ‚
1684 1002 1711 1024 et
1728 997 1811 1023 banni
1829 1006 1914 1032 super

405 1055 486 1088 hujus
502 1052 571 1078 modi
585 1052 718 1077 bonorum
732 1049 886 1075 venditione
898 1054 978 1083 prout
990 1048 1062 1082 juris
1077 1053 1117 1074 est
1131 1048 1157 1074 iu
1175 1047 1288 1074 ecclesia
1303 1047 1337 1073 de
1351 1046 1438 1073 Outra
1451 1046 1611 1081 proclamati
1630 1044 1765 1076 fuissent,
1783 1053 1915 1080 persona-

404 1101 466 1127 liter
483 1099 580 1125 accessi
597 1098 629 1124 ad
647 1097 796 1123 Walterum
811 1096 844 1122 de
856 1095 966 1127 pellar,
986 1095 1125 1120 dominum
1141 1094 1174 1120 tle
1193 1094 1279 1120 Outra
1290 1115 1298 1127 ‚
1318 1099 1345 1120 et
1358 1103 1421 1120 eum
1439 1093 1572 1119 attentius
1586 1093 1698 1128 rogavi,
1715 1092 1844 1127 quatinus
1858 1092 1914 1127 pati

405 1148 486 1173 vellet
494 1146 577 1182 quod,
587 1150 674 1171 amota
684 1144 815 1170 servitute
826 1152 874 1169 seu
884 1142 1040 1168 conditione
1049 1141 1159 1175 feodali,
1169 1141 1307 1177 praedicta
1316 1141 1387 1167 bona
1397 1140 1430 1166 ad
1439 1140 1542 1166 dictum
1555 1139 1747 1165 monasterium
1757 1139 1809 1164 sub
1817 1138 1916 1164 haere-

406 1194 501 1220 ditaria
512 1192 680 1228 possessione
693 1190 918 1216 transferrentur.
935 1189 1012 1215 [nde
1023 1189 1112 1215 dictus
1122 1189 1180 1221 W„
1193 1189 1228 1215 ob
1243 1188 1364 1215 savorem
1378 1188 1535 1214 monasterii
1549 1197 1591 1213 me
1605 1186 1767 1221 exaudiens,
1783 1185 1915 1222 perjudi-

406 1242 474 1267 cium
488 1240 624 1266 bominum
636 1247 748 1265 suorum
760 1237 906 1263 feodalium
918 1236 1100 1272 personaliter
1111 1237 1299 1267 existentium,
1316 1236 1392 1272 prius
1401 1245 1485 1271 super
1493 1235 1653 1270 hooabipso
1664 1235 1717 1260 rite
1729 1234 1912 1265 monitorum,

407 1288 476 1314 dicta
490 1288 558 1313 bona
573 1286 687 1312 seodalia
708 1285 741 1311 de
760 1294 840 1311 manu
859 1294 917 1311 mea
933 1285 1040 1320 recepit
1055 1294 1116 1310 eum
1137 1284 1296 1320 werpitione
1314 1283 1490 1315 exfestucali,
1512 1288 1539 1309 et
1556 1292 1587 1308 ea
1604 1283 1630 1308 in
1651 1291 1731 1308 mauu
1752 1281 1867 1308 Gerardi
1881 1282 1915 1309 de

408 1335 516 1368 Bonlar,
531 1334 622 1360 ballivi
637 1333 678 1359 sui
688 1354 694 1365 ‚
714 1333 746 1358 ad
759 1332 991 1358 inhaeredandum
1004 1332 1106 1358 dictum
1122 1332 1316 1358 monasterium
1337 1332 1363 1357 in
1380 1330 1480 1357 eisdem
1495 1330 1574 1356 bonis
1591 1329 1758 1364 reportavit,
1774 1330 1822 1364 qui
1835 1329 1916 1355 balli-

410 1392 458 1409 vus
472 1382 504 1408 de
519 1381 643 1408 mandato
654 1381 695 1407 sui
710 1380 810 1406 domini
823 1389 872 1415 per
882 1379 1017 1414 judicium
1029 1380 1204 1406 scabinorum
1222 1379 1256 1405 de
1268 1379 1355 1406 Outra
1369 1378 1470 1405 dictum
1490 1377 1686 1404 monasterium
1702 1377 1728 1402 in
1744 1376 1823 1403 dictis
1835 1377 1914 1403 bonis

408 1430 524 1465 legitime
537 1428 736 1461 inhaeredavi13
757 1433 783 1453 et
797 1428 822 1453 in
836 1436 890 1453 una
910 1427 991 1453 etiam
1006 1427 1083 1462 pecia
1096 1432 1186 1453 terrae
1195 1427 1313 1461 jacentis
1327 1435 1411 1461 super
1425 1425 1558 1451 vivarium
1576 1424 1610 1450 de
1624 1423 1712 1450 Outra
1725 1445 1732 1455 ⁷
1754 1424 1806 1450 sub
1821 1433 1913 1450 annuo

408 1486 490 1502 censu
508 1485 553 1502 sex
567 1476 691 1502 denarios
708 1475 874 1501 flandrenses
894 1474 1034 1510 praedicto
1052 1474 1098 1500 W.
1115 1479 1143 1500 et
1164 1474 1369 1500 successoribus
1386 1473 1442 1499 suis
1458 1472 1575 1498 dominis
1595 1471 1630 1497 de
1647 1471 1751 1502 Omra,
1773 1471 1800 1497 in
1816 1480 1915 1507 perpe-

410 1530 486 1550 tuum
501 1524 533 1549 ad
547 1523 635 1549 natale
650 1523 753 1548 Domini
766 1532 781 1548 a
795 1522 867 1548 dicto
885 1522 1050 1548 monasterio
1068 1521 1223 1548 solvendos.
1244 1521 1277 1547 Et
1297 1521 1364 1547 haec
1385 1520 1500 1546 suerunt
1514 1519 1583 1545 bene
1601 1524 1629 1545 et
1647 1518 1769 1554 legitime
1783 1518 1914 1545 adhibitis

409 1570 623 1596 solemnitatibus
644 1578 712 1604 quae
731 1569 879 1595 secundum
895 1569 982 1604 legem
1002 1574 1029 1594 et
1047 1578 1125 1594 usum
1144 1569 1249 1604 patriae
1266 1569 1292 1594 in
1311 1566 1497 1594 consimilibus
1512 1566 1572 1592 fieri
1592 1566 1762 1592 debuerunt.
1786 1565 1914 1592 Homines

409 1617 509 1643 feodati
525 1616 557 1642 de
574 1616 658 1642 Outra
677 1616 786 1642 suerunt
799 1616 859 1642 isti:
875 1615 1016 1642 W'alterus
1028 1615 1061 1641 de
1077 1615 1236 1641 Belsbroach
1247 1636 1254 1648 ‚
1271 1614 1405 1641 Henricus
1418 1613 1538 1645 Hallinc,
1553 1613 1692 1639 Bonnetus
1706 1613 1740 1639 de
1754 1612 1890 1649 Hnsplaer
1903 1635 1911 1646 ‚

411 1664 517 1690 Colinus
529 1663 562 1689 de
574 1663 723 1689 Bouclwute
733 1684 739 1688 .
755 1668 782 1688 et
798 1663 894 1688 Petrus
906 1663 1036 1688 Tetanus.
1052 1662 1120 1688 Item
1135 1662 1238 1688 scabini
1252 1663 1300 1698 qui
1319 1661 1507 1687 interfuerunt
1523 1665 1588 1686 sunt
1601 1660 1646 1686 isti
1659 1670 1666 1686 :
1682 1660 1798 1696 W'edigo
1814 1660 1848 1687 de
1864 1660 1916 1687 Le-

410 1710 492 1737 beka.
510 1710 641 1735 Henricus
654 1709 742 1735 dictus
755 1709 846 1734 Limen
859 1709 937 1741 Man,
953 1714 979 1735 et
991 1709 1120 1745 Aegidius
1133 1709 1167 1735 de
1184 1708 1335 1735 Oestenele.
1349 1708 1380 1734 In
1396 1716 1514 1743 quorum
1528 1707 1711 1733 testimonium
1725 1707 1916 1742 praesentibus

409 1758 504 1783 litteris
518 1756 634 1791 sigillum
649 1761 770 1781 nostrum
785 1755 910 1781 duximus
924 1755 1127 1791 apponendum.
1144 1756 1244 1781 Datum
1256 1764 1327 1781 anno
1336 1754 1442 1781 Domini
1452 1753 1656 1786 MCCLXXXV‚
1666 1763 1758 1780 mense
1771 1753 1913 1781 Januario.

1229 1821 1338 1854 Original
1349 1839 1355 1851 ‚
1368 1828 1453 1845 sceaux
1465 1827 1495 1844 en
1507 1819 1555 1844 cire
1564 1819 1640 1844 hrune
1651 1819 1833 1853 endommages.

1120 1893 1184 1904 ΙΙ

1066 2052 1244 2087 CCLXIII.

413 2133 457 2166 Le
474 2136 540 2166 sire
557 2132 733 2172 d'Oultre,
759 2131 924 2175 confirma
944 2132 979 2165 la
996 2131 1164 2166 donation
1180 2131 1232 2166 du
1251 2131 1339 2166 cure'
1352 2131 1496 2166 Gz'lbert.
1514 2151 1562 2157 ——
1582 2132 1734 2165 Ari-Amas
1752 2142 1910 2164 mvmzszs.

1122 2281 1194 2305 1285.

450 2351 586 2378 Universis
601 2358 756 2387 praesentes
773 2353 876 2379 litteras
896 2354 1059 2388 inspecturis
1073 2353 1212 2380 Walterus
1225 2354 1260 2380 de
1272 2353 1378 2380 Pollaer
1388 2374 1395 2386 ‚
1411 2354 1537 2380 dominus
1549 2353 1584 2380 de
1604 2353 1686 2380 Ontre
1697 2375 1705 2388 ‚
1721 2354 1847 2380 salutem.
1864 2354 1917 2380 No-

413 2398 501 2423 veritis
515 2398 587 2433 quod
607 2407 666 2424 cum
685 2400 811 2435 magister
831 2399 1033 2429 Ghiselbertus,
1058 2401 1203 2436 presbyter
1221 2406 1333 2427 curatus
1351 2400 1385 2427 de
1400 2400 1500 2429 Outra,
1517 2409 1592 2427 suam
1615 2401 1737 2435 quintam
1759 2400 1870 2436 garbam
1887 2405 1914 2426 et

443 2470 447 2485 ¹
462 2470 506 2491 Sic.
521 2473 627 2499 peut-&tre
636 2476 761 2499 praesentis
772 2472 868 2494 clun-tae<
