<?xml version="1.0" encoding="UTF-8"?>
<!DOCTYPE html PUBLIC "-//W3C//DTD XHTML 1.0 Transitional//EN"
    "http://www.w3.org/TR/xhtml1/DTD/xhtml1-transitional.dtd">
<html xmlns="http://www.w3.org/1999/xhtml" xml:lang="en" lang="en">
 <head>
  <title>
</title>
<meta http-equiv="Content-Type" content="text/html;charset=utf-8" />
  <meta name='ocr-system' content='tesseract 3.04.00' />
  <meta name='ocr-capabilities' content='ocr_page ocr_carea ocr_par ocr_line ocrx_word'/>
</head>
<body>
  <div class='ocr_page' id='page_1' title='image "./corpuschronicoru02smetuoft_0609.png"; bbox 0 0 2118 3184; ppageno 0'>
   <div class='ocr_carea' id='block_1_1' title="bbox 589 420 1632 458">
    <p class='ocr_par' dir='ltr' id='par_1_1' title="bbox 589 420 1632 458">
     <span class='ocr_line' id='line_1_1' title="bbox 589 420 1632 458; baseline 0 -1"><span class='ocrx_word' id='word_1_1' title='bbox 589 422 817 458; x_wconf 78' lang='lat' dir='ltr'>CHRONICA</span> <span class='ocrx_word' id='word_1_2' title='bbox 846 420 1168 457; x_wconf 81' lang='lat' dir='ltr'>TORNACENSIS.</span> <span class='ocrx_word' id='word_1_3' title='bbox 1564 422 1632 457; x_wconf 82' lang='lat'>577</span> 
     </span>
    </p>
   </div>
   <div class='ocr_carea' id='block_1_2' title="bbox 121 528 1638 2441">
    <p class='ocr_par' dir='ltr' id='par_1_2' title="bbox 121 528 1634 1207">
     <span class='ocr_line' id='line_1_2' title="bbox 170 528 1634 576; baseline -0.001 -11"><span class='ocrx_word' id='word_1_4' title='bbox 170 530 281 575; x_wconf 86' lang='lat' dir='ltr'>Hujus</span> <span class='ocrx_word' id='word_1_5' title='bbox 294 531 414 565; x_wconf 85' lang='lat' dir='ltr'>frater.</span> <span class='ocrx_word' id='word_1_6' title='bbox 432 531 574 564; x_wconf 86' lang='lat' dir='ltr'>nomine</span> <span class='ocrx_word' id='word_1_7' title='bbox 589 529 821 571; x_wconf 43' lang='lat' dir='ltr'>Guillermusff</span> <span class='ocrx_word' id='word_1_8' title='bbox 837 536 912 563; x_wconf 84' lang='lat' dir='ltr'>erat</span> <span class='ocrx_word' id='word_1_9' title='bbox 927 528 1112 574; x_wconf 82' lang='lat' dir='ltr'>coadjutor</span> <span class='ocrx_word' id='word_1_10' title='bbox 1131 535 1323 576; x_wconf 90' lang='lat' dir='ltr'>perpetuus</span> <span class='ocrx_word' id='word_1_11' title='bbox 1338 529 1564 573; x_wconf 75' lang='lat' dir='ltr'>Morinensis,</span> <span class='ocrx_word' id='word_1_12' title='bbox 1581 530 1634 563; x_wconf 88' lang='lat' dir='ltr'>vi-</span> 
     </span>
     <span class='ocr_line' id='line_1_3' title="bbox 121 587 1634 636; baseline -0.001 -13"><span class='ocrx_word' id='word_1_13' title='bbox 121 596 223 623; x_wconf 78' lang='lat' dir='ltr'>vente</span> <span class='ocrx_word' id='word_1_14' title='bbox 241 590 407 636; x_wconf 84' lang='lat' dir='ltr'>episcopo</span> <span class='ocrx_word' id='word_1_15' title='bbox 423 590 655 623; x_wconf 80' lang='lat' dir='ltr'>Morinorum.</span> <span class='ocrx_word' id='word_1_16' title='bbox 675 588 824 622; x_wconf 88' lang='lat' dir='ltr'>Henrico</span> <span class='ocrx_word' id='word_1_17' title='bbox 841 587 885 621; x_wconf 80' lang='lat' dir='ltr'>de</span> <span class='ocrx_word' id='word_1_18' title='bbox 904 588 1143 636; x_wconf 64' lang='lat' dir='ltr'>Lotharingia,</span> <span class='ocrx_word' id='word_1_19' title='bbox 1160 587 1221 622; x_wconf 88' lang='lat' dir='ltr'>sed</span> <span class='ocrx_word' id='word_1_20' title='bbox 1241 600 1322 622; x_wconf 92' lang='lat' dir='ltr'>cum</span> <span class='ocrx_word' id='word_1_21' title='bbox 1342 595 1524 623; x_wconf 89' lang='lat' dir='ltr'>accusatus</span> <span class='ocrx_word' id='word_1_22' title='bbox 1545 595 1634 622; x_wconf 83' lang='lat' dir='ltr'>esset</span> 
     </span>
     <span class='ocr_line' id='line_1_4' title="bbox 121 645 1634 694; baseline -0.001 -13"><span class='ocrx_word' id='word_1_23' title='bbox 121 659 203 681; x_wconf 88' lang='lat' dir='ltr'>cum</span> <span class='ocrx_word' id='word_1_24' title='bbox 218 648 293 681; x_wconf 87' lang='lat' dir='ltr'>aliis</span> <span class='ocrx_word' id='word_1_25' title='bbox 302 647 457 682; x_wconf 73' lang='lat' dir='ltr'>Gandavi</span> <span class='ocrx_word' id='word_1_26' title='bbox 469 674 477 689; x_wconf 61' lang='lat'><em>‚</em></span> <span class='ocrx_word' id='word_1_27' title='bbox 495 646 633 693; x_wconf 84' lang='lat' dir='ltr'>capitali</span> <span class='ocrx_word' id='word_1_28' title='bbox 649 646 820 679; x_wconf 84' lang='lat' dir='ltr'>sententia</span> <span class='ocrx_word' id='word_1_29' title='bbox 837 645 1056 691; x_wconf 77' lang='lat' dir='ltr'>puniendus,</span> <span class='ocrx_word' id='word_1_30' title='bbox 1074 647 1256 680; x_wconf 82' lang='lat' dir='ltr'>occasione</span> <span class='ocrx_word' id='word_1_31' title='bbox 1270 647 1450 694; x_wconf 78' lang='lat' dir='ltr'>regiminis</span> <span class='ocrx_word' id='word_1_32' title='bbox 1463 646 1530 680; x_wconf 91' lang='lat' dir='ltr'>sub</span> <span class='ocrx_word' id='word_1_33' title='bbox 1543 646 1634 680; x_wconf 86' lang='lat' dir='ltr'>duce</span> 
     </span>
     <span class='ocr_line' id='line_1_5' title="bbox 122 703 1632 752; baseline -0.001 -13"><span class='ocrx_word' id='word_1_34' title='bbox 122 705 265 747; x_wconf 61' lang='lat' dir='ltr'>karolo,</span> <span class='ocrx_word' id='word_1_35' title='bbox 289 706 407 739; x_wconf 85' lang='lat' dir='ltr'>relicta</span> <span class='ocrx_word' id='word_1_36' title='bbox 423 704 582 738; x_wconf 83' lang='lat' dir='ltr'>Flandria</span> <span class='ocrx_word' id='word_1_37' title='bbox 596 731 603 738; x_wconf 88' lang='lat'><strong>.</strong></span> <span class='ocrx_word' id='word_1_38' title='bbox 622 703 763 737; x_wconf 82' lang='lat' dir='ltr'>devenit</span> <span class='ocrx_word' id='word_1_39' title='bbox 777 703 821 737; x_wconf 90' lang='lat' dir='ltr'>ad</span> <span class='ocrx_word' id='word_1_40' title='bbox 839 703 1058 737; x_wconf 67' lang='lat' dir='ltr'>Ludovicum</span> <span class='ocrx_word' id='word_1_41' title='bbox 1078 717 1196 752; x_wconf 76' lang='lat' dir='ltr'>regem</span> <span class='ocrx_word' id='word_1_42' title='bbox 1219 705 1451 747; x_wconf 58' lang='lat' dir='ltr'>Francorum„</span> <span class='ocrx_word' id='word_1_43' title='bbox 1471 705 1532 751; x_wconf 88' lang='lat' dir='ltr'>qui</span> <span class='ocrx_word' id='word_1_44' title='bbox 1551 717 1632 739; x_wconf 88' lang='lat' dir='ltr'>eum</span> 
     </span>
     <span class='ocr_line' id='line_1_6' title="bbox 121 762 1634 810; baseline 0 -13"><span class='ocrx_word' id='word_1_45' title='bbox 121 764 157 797; x_wconf 92' lang='lat' dir='ltr'>in</span> <span class='ocrx_word' id='word_1_46' title='bbox 174 764 414 810; x_wconf 85' lang='lat' dir='ltr'>episcopatum</span> <span class='ocrx_word' id='word_1_47' title='bbox 431 763 676 796; x_wconf 84' lang='lat' dir='ltr'>Ebroicensem</span> <span class='ocrx_word' id='word_1_48' title='bbox 697 762 877 808; x_wconf 72' lang='lat' dir='ltr'>praeftcit.</span> <span class='ocrx_word' id='word_1_49' title='bbox 900 762 966 795; x_wconf 80' lang='lat' dir='ltr'>lste</span> <span class='ocrx_word' id='word_1_50' title='bbox 981 763 1137 796; x_wconf 87' lang='lat' dir='ltr'>Ferricus</span> <span class='ocrx_word' id='word_1_51' title='bbox 1155 762 1199 796; x_wconf 88' lang='lat' dir='ltr'>ad</span> <span class='ocrx_word' id='word_1_52' title='bbox 1215 763 1338 796; x_wconf 88' lang='lat' dir='ltr'>altiora</span> <span class='ocrx_word' id='word_1_53' title='bbox 1355 763 1503 796; x_wconf 85' lang='lat' dir='ltr'>tendens</span> <span class='ocrx_word' id='word_1_54' title='bbox 1522 763 1634 797; x_wconf 84' lang='lat' dir='ltr'>factus</span> 
     </span>
     <span class='ocr_line' id='line_1_7' title="bbox 122 820 1630 869; baseline -0.001 -13"><span class='ocrx_word' id='word_1_55' title='bbox 122 829 173 856; x_wconf 88' lang='lat' dir='ltr'>est</span> <span class='ocrx_word' id='word_1_56' title='bbox 193 822 379 857; x_wconf 86' lang='lat' dir='ltr'>cardinalis</span> <span class='ocrx_word' id='word_1_57' title='bbox 399 822 489 855; x_wconf 90' lang='lat' dir='ltr'>tituli</span> <span class='ocrx_word' id='word_1_58' title='bbox 512 821 547 855; x_wconf 88' lang='lat' dir='ltr'>S.</span> <span class='ocrx_word' id='word_1_59' title='bbox 564 821 703 860; x_wconf 30' lang='lat' dir='ltr'>t&#39;iialisq</span> <span class='ocrx_word' id='word_1_60' title='bbox 724 828 762 854; x_wconf 93' lang='lat' dir='ltr'>ut</span> <span class='ocrx_word' id='word_1_61' title='bbox 783 833 908 854; x_wconf 86' lang='lat' dir='ltr'>manus</span> <span class='ocrx_word' id='word_1_62' title='bbox 925 820 1086 854; x_wconf 68' lang='lat' dir='ltr'>evaderet</span> <span class='ocrx_word' id='word_1_63' title='bbox 1105 821 1374 869; x_wconf 75' lang='lat' dir='ltr'>malignantium</span> <span class='ocrx_word' id='word_1_64' title='bbox 1395 822 1429 854; x_wconf 95' lang='lat' dir='ltr'>in</span> <span class='ocrx_word' id='word_1_65' title='bbox 1451 821 1630 865; x_wconf 58' lang='lat' dir='ltr'>Flandria7</span> 
     </span>
     <span class='ocr_line' id='line_1_8' title="bbox 122 879 1634 928; baseline -0.001 -13"><span class='ocrx_word' id='word_1_66' title='bbox 122 881 310 927; x_wconf 82' lang='lat' dir='ltr'>praecipue</span> <span class='ocrx_word' id='word_1_67' title='bbox 327 881 560 928; x_wconf 75' lang='lat' dir='ltr'>Brugensium</span> <span class='ocrx_word' id='word_1_68' title='bbox 575 907 583 923; x_wconf 65' lang='lat'><em>‚</em></span> <span class='ocrx_word' id='word_1_69' title='bbox 609 893 627 913; x_wconf 90' lang='lat' dir='ltr'>a</span> <span class='ocrx_word' id='word_1_70' title='bbox 650 880 780 926; x_wconf 85' lang='lat' dir='ltr'>quibus</span> <span class='ocrx_word' id='word_1_71' title='bbox 803 880 838 913; x_wconf 87' lang='lat' dir='ltr'>in</span> <span class='ocrx_word' id='word_1_72' title='bbox 862 879 1016 925; x_wconf 82' lang='lat' dir='ltr'>quadam</span> <span class='ocrx_word' id='word_1_73' title='bbox 1044 881 1281 913; x_wconf 80' lang='lat' dir='ltr'>commotione</span> <span class='ocrx_word' id='word_1_74' title='bbox 1301 880 1459 926; x_wconf 69' lang='lat' dir='ltr'>captivus</span> <span class='ocrx_word' id='word_1_75' title='bbox 1478 887 1634 913; x_wconf 83' lang='lat' dir='ltr'>retentus</span> 
     </span>
     <span class='ocr_line' id='line_1_9' title="bbox 122 938 1630 986; baseline -0.001 -13"><span class='ocrx_word' id='word_1_76' title='bbox 122 951 314 985; x_wconf 85' lang='lat' dir='ltr'>parumper</span> <span class='ocrx_word' id='word_1_77' title='bbox 333 939 475 973; x_wconf 85' lang='lat' dir='ltr'>exstitit.</span> <span class='ocrx_word' id='word_1_78' title='bbox 501 940 652 973; x_wconf 83' lang='lat' dir='ltr'>Guerras</span> <span class='ocrx_word' id='word_1_79' title='bbox 671 938 829 986; x_wconf 73' lang='lat' dir='ltr'>fugiens.</span> <span class='ocrx_word' id='word_1_80' title='bbox 854 939 982 972; x_wconf 75' lang='lat' dir='ltr'>Rornae</span> <span class='ocrx_word' id='word_1_81' title='bbox 1007 950 1042 971; x_wconf 90' lang='lat' dir='ltr'>se</span> <span class='ocrx_word' id='word_1_82' title='bbox 1063 939 1214 984; x_wconf 59' lang='lat' dir='ltr'>recepit„</span> <span class='ocrx_word' id='word_1_83' title='bbox 1239 938 1429 986; x_wconf 73' lang='lat' dir='ltr'>galei-oque</span> <span class='ocrx_word' id='word_1_84' title='bbox 1447 945 1610 984; x_wconf 84' lang='lat' dir='ltr'>suscepto</span> <span class='ocrx_word' id='word_1_85' title='bbox 1623 965 1630 971; x_wconf 91' lang='lat'>.</span> 
     </span>
     <span class='ocr_line' id='line_1_10' title="bbox 123 995 1633 1043; baseline -0.001 -12"><span class='ocrx_word' id='word_1_86' title='bbox 123 1004 162 1031; x_wconf 86' lang='lat' dir='ltr'>ut</span> <span class='ocrx_word' id='word_1_87' title='bbox 180 998 304 1031; x_wconf 89' lang='lat' dir='ltr'>fertur.</span> <span class='ocrx_word' id='word_1_88' title='bbox 326 998 542 1031; x_wconf 80' lang='lat' dir='ltr'>extoxicatus</span> <span class='ocrx_word' id='word_1_89' title='bbox 561 1003 624 1030; x_wconf 87' lang='lat' dir='ltr'>est.</span> <span class='ocrx_word' id='word_1_90' title='bbox 647 996 754 1041; x_wconf 88' lang='lat' dir='ltr'>Cujus</span> <span class='ocrx_word' id='word_1_91' title='bbox 770 1003 882 1029; x_wconf 88' lang='lat' dir='ltr'>morte</span> <span class='ocrx_word' id='word_1_92' title='bbox 902 996 1059 1043; x_wconf 60' lang='lat' dir='ltr'>cognita„</span> <span class='ocrx_word' id='word_1_93' title='bbox 1081 995 1275 1029; x_wconf 81' lang='lat' dir='ltr'>cardinales</span> <span class='ocrx_word' id='word_1_94' title='bbox 1297 996 1633 1030; x_wconf 79' lang='lat' dir='ltr'>commendaverunt</span> 
     </span>
     <span class='ocr_line' id='line_1_11' title="bbox 123 1054 1632 1104; baseline 0 -15"><span class='ocrx_word' id='word_1_95' title='bbox 123 1056 329 1104; x_wconf 80' lang='lat' dir='ltr'>magistrum</span> <span class='ocrx_word' id='word_1_96' title='bbox 353 1056 550 1089; x_wconf 88' lang='lat' dir='ltr'>Johannem</span> <span class='ocrx_word' id='word_1_97' title='bbox 574 1055 791 1096; x_wconf 65' lang='lat' dir='ltr'>Momtesart,</span> <span class='ocrx_word' id='word_1_98' title='bbox 816 1054 989 1088; x_wconf 81' lang='lat' dir='ltr'>decanum</span> <span class='ocrx_word' id='word_1_99' title='bbox 1020 1055 1183 1088; x_wconf 85' lang='lat' dir='ltr'>ccclesiae</span> <span class='ocrx_word' id='word_1_100' title='bbox 1207 1054 1434 1089; x_wconf 82' lang='lat' dir='ltr'>Morinensis.</span> <span class='ocrx_word' id='word_1_101' title='bbox 1464 1056 1524 1102; x_wconf 88' lang='lat' dir='ltr'>qui</span> <span class='ocrx_word' id='word_1_102' title='bbox 1551 1067 1632 1089; x_wconf 89' lang='lat' dir='ltr'>cum</span> 
     </span>
     <span class='ocr_line' id='line_1_12' title="bbox 122 1112 1632 1161; baseline -0.001 -13"><span class='ocrx_word' id='word_1_103' title='bbox 122 1115 279 1161; x_wconf 79' lang='lat' dir='ltr'>praefato</span> <span class='ocrx_word' id='word_1_104' title='bbox 299 1115 434 1147; x_wconf 87' lang='lat' dir='ltr'>Ferrico</span> <span class='ocrx_word' id='word_1_105' title='bbox 459 1113 661 1147; x_wconf 81' lang='lat' dir='ltr'>ascenderat</span> <span class='ocrx_word' id='word_1_106' title='bbox 675 1140 683 1156; x_wconf 54' lang='lat'><em>7</em></span> <span class='ocrx_word' id='word_1_107' title='bbox 709 1113 764 1147; x_wconf 88' lang='lat' dir='ltr'>cui</span> <span class='ocrx_word' id='word_1_108' title='bbox 785 1113 876 1146; x_wconf 88' lang='lat' dir='ltr'>illico</span> <span class='ocrx_word' id='word_1_109' title='bbox 896 1124 1056 1146; x_wconf 81' lang='lat' dir='ltr'>summus</span> <span class='ocrx_word' id='word_1_110' title='bbox 1077 1112 1234 1158; x_wconf 78' lang='lat' dir='ltr'>pontifex</span> <span class='ocrx_word' id='word_1_111' title='bbox 1253 1112 1370 1146; x_wconf 79' lang='lat' dir='ltr'>Sixtus</span> <span class='ocrx_word' id='word_1_112' title='bbox 1391 1114 1632 1159; x_wconf 83' lang='lat' dir='ltr'>episcopatum</span> 
     </span>
     <span class='ocr_line' id='line_1_13' title="bbox 122 1172 563 1207; baseline -0.005 0"><span class='ocrx_word' id='word_1_113' title='bbox 122 1172 267 1207; x_wconf 82' lang='lat' dir='ltr'>tradidit</span> <span class='ocrx_word' id='word_1_114' title='bbox 281 1179 315 1206; x_wconf 88' lang='grc'>61</span> <span class='ocrx_word' id='word_1_115' title='bbox 330 1173 563 1207; x_wconf 65' lang='lat' dir='ltr'>confirmavit.</span> 
     </span>
    </p>

    <p class='ocr_par' dir='ltr' id='par_1_3' title="bbox 121 1228 1637 1964">
     <span class='ocr_line' id='line_1_14' title="bbox 169 1228 1635 1279; baseline -0.001 -14"><span class='ocrx_word' id='word_1_116' title='bbox 169 1231 412 1279; x_wconf 73' lang='lat' dir='ltr'>sexagesimus</span> <span class='ocrx_word' id='word_1_117' title='bbox 426 1237 570 1264; x_wconf 65' lang='lat' dir='ltr'>octavus</span> <span class='ocrx_word' id='word_1_118' title='bbox 584 1230 813 1264; x_wconf 87' lang='lat' dir='ltr'>Tornacensis</span> <span class='ocrx_word' id='word_1_119' title='bbox 827 1230 1013 1275; x_wconf 83' lang='lat' dir='ltr'>episcopus</span> <span class='ocrx_word' id='word_1_120' title='bbox 1027 1229 1163 1262; x_wconf 86' lang='lat' dir='ltr'>Ferrico</span> <span class='ocrx_word' id='word_1_121' title='bbox 1177 1228 1368 1262; x_wconf 87' lang='lat' dir='ltr'>succedens</span> <span class='ocrx_word' id='word_1_122' title='bbox 1383 1236 1457 1263; x_wconf 87' lang='lat' dir='ltr'>erat</span> <span class='ocrx_word' id='word_1_123' title='bbox 1469 1229 1635 1263; x_wconf 89' lang='lat' dir='ltr'>dominus</span> 
     </span>
     <span class='ocr_line' id='line_1_15' title="bbox 122 1287 1631 1334; baseline -0.001 -11"><span class='ocrx_word' id='word_1_124' title='bbox 122 1289 300 1323; x_wconf 83' lang='lat' dir='ltr'>Johannes</span> <span class='ocrx_word' id='word_1_125' title='bbox 318 1288 530 1329; x_wconf 58' lang='lat' dir='ltr'>fflomlesart,</span> <span class='ocrx_word' id='word_1_126' title='bbox 551 1300 614 1334; x_wconf 90' lang='lat' dir='ltr'>per</span> <span class='ocrx_word' id='word_1_127' title='bbox 632 1300 759 1333; x_wconf 87' lang='lat' dir='ltr'>papam</span> <span class='ocrx_word' id='word_1_128' title='bbox 780 1288 916 1320; x_wconf 75' lang='lat' dir='ltr'>Sixtum</span> <span class='ocrx_word' id='word_1_129' title='bbox 936 1293 1105 1332; x_wconf 85' lang='lat' dir='ltr'>quartum</span> <span class='ocrx_word' id='word_1_130' title='bbox 1128 1293 1313 1332; x_wconf 86' lang='lat' dir='ltr'>promotus</span> <span class='ocrx_word' id='word_1_131' title='bbox 1332 1293 1367 1320; x_wconf 85' lang='lat' dir='ltr'>et</span> <span class='ocrx_word' id='word_1_132' title='bbox 1385 1287 1631 1321; x_wconf 81' lang='lat' dir='ltr'>confirmatus.</span> 
     </span>
     <span class='ocr_line' id='line_1_16' title="bbox 122 1344 1634 1392; baseline -0.001 -11"><span class='ocrx_word' id='word_1_133' title='bbox 122 1348 156 1381; x_wconf 92' lang='lat' dir='ltr'>in</span> <span class='ocrx_word' id='word_1_134' title='bbox 181 1347 270 1380; x_wconf 90' lang='lat' dir='ltr'>urbe</span> <span class='ocrx_word' id='word_1_135' title='bbox 294 1346 405 1380; x_wconf 85' lang='lat' dir='ltr'>Roma</span> <span class='ocrx_word' id='word_1_136' title='bbox 431 1347 580 1380; x_wconf 72' lang='lat' dir='ltr'>existens</span> <span class='ocrx_word' id='word_1_137' title='bbox 606 1358 700 1380; x_wconf 88' lang='lat' dir='ltr'>anno</span> <span class='ocrx_word' id='word_1_138' title='bbox 723 1345 1041 1379; x_wconf 74' lang='lat' dir='ltr'>MCCCCLXXXII.</span> <span class='ocrx_word' id='word_1_139' title='bbox 1068 1345 1110 1378; x_wconf 87' lang='lat' dir='ltr'>Et</span> <span class='ocrx_word' id='word_1_140' title='bbox 1135 1357 1217 1378; x_wconf 90' lang='lat' dir='ltr'>cum</span> <span class='ocrx_word' id='word_1_141' title='bbox 1242 1344 1287 1378; x_wconf 90' lang='lat' dir='ltr'>ad</span> <span class='ocrx_word' id='word_1_142' title='bbox 1311 1345 1471 1379; x_wconf 77' lang='lat' dir='ltr'>notitiam</span> <span class='ocrx_word' id='word_1_143' title='bbox 1492 1347 1634 1392; x_wconf 85' lang='lat' dir='ltr'>capituli</span> 
     </span>
     <span class='ocr_line' id='line_1_17' title="bbox 122 1403 1635 1451; baseline 0 -13"><span class='ocrx_word' id='word_1_144' title='bbox 122 1404 352 1439; x_wconf 87' lang='lat' dir='ltr'>Toruacensis</span> <span class='ocrx_word' id='word_1_145' title='bbox 376 1416 465 1437; x_wconf 63' lang='lat' dir='ltr'>nova</span> <span class='ocrx_word' id='word_1_146' title='bbox 491 1403 535 1437; x_wconf 91' lang='lat' dir='ltr'>de</span> <span class='ocrx_word' id='word_1_147' title='bbox 558 1410 671 1438; x_wconf 90' lang='lat' dir='ltr'>morte</span> <span class='ocrx_word' id='word_1_148' title='bbox 694 1403 819 1437; x_wconf 86' lang='lat' dir='ltr'>Ferrici</span> <span class='ocrx_word' id='word_1_149' title='bbox 839 1403 1079 1448; x_wconf 56' lang='lat' dir='ltr'>pervenirent,</span> <span class='ocrx_word' id='word_1_150' title='bbox 1110 1403 1305 1448; x_wconf 86' lang='lat' dir='ltr'>capitulum</span> <span class='ocrx_word' id='word_1_151' title='bbox 1328 1403 1446 1436; x_wconf 72' lang='lat' dir='ltr'>volens</span> <span class='ocrx_word' id='word_1_152' title='bbox 1473 1404 1635 1451; x_wconf 77' lang='lat' dir='ltr'>ignorare</span> 
     </span>
     <span class='ocr_line' id='line_1_18' title="bbox 122 1461 1636 1510; baseline -0.001 -13"><span class='ocrx_word' id='word_1_153' title='bbox 122 1463 382 1509; x_wconf 88' lang='lat' dir='ltr'>promotionem</span> <span class='ocrx_word' id='word_1_154' title='bbox 409 1461 494 1496; x_wconf 87' lang='lat' dir='ltr'>dicti</span> <span class='ocrx_word' id='word_1_155' title='bbox 521 1462 713 1505; x_wconf 57' lang='lat' dir='ltr'>Johannis³</span> <span class='ocrx_word' id='word_1_156' title='bbox 742 1462 910 1495; x_wconf 86' lang='lat' dir='ltr'>instinctu</span> <span class='ocrx_word' id='word_1_157' title='bbox 936 1461 1028 1509; x_wconf 79' lang='lat' dir='ltr'>regis</span> <span class='ocrx_word' id='word_1_158' title='bbox 1047 1462 1261 1495; x_wconf 83' lang='lat' dir='ltr'>Francorum</span> <span class='ocrx_word' id='word_1_159' title='bbox 1285 1461 1425 1505; x_wconf 63' lang='lat' dir='ltr'>Karoli,</span> <span class='ocrx_word' id='word_1_160' title='bbox 1455 1469 1490 1495; x_wconf 87' lang='grc'>61</span> <span class='ocrx_word' id='word_1_161' title='bbox 1517 1463 1636 1510; x_wconf 74' lang='lat' dir='ltr'>vigore</span> 
     </span>
     <span class='ocr_line' id='line_1_19' title="bbox 122 1519 1637 1569; baseline -0.001 -14"><span class='ocrx_word' id='word_1_162' title='bbox 122 1521 358 1569; x_wconf 84' lang='lat' dir='ltr'>pragmaticae</span> <span class='ocrx_word' id='word_1_163' title='bbox 376 1521 565 1555; x_wconf 85' lang='lat' dir='ltr'>sanctionis</span> <span class='ocrx_word' id='word_1_164' title='bbox 586 1521 691 1569; x_wconf 79' lang='lat' dir='ltr'>elegit</span> <span class='ocrx_word' id='word_1_165' title='bbox 708 1520 895 1554; x_wconf 90' lang='lat' dir='ltr'>dominum</span> <span class='ocrx_word' id='word_1_166' title='bbox 919 1519 1137 1553; x_wconf 78' lang='lat' dir='ltr'>Ludovicum</span> <span class='ocrx_word' id='word_1_167' title='bbox 1158 1519 1240 1561; x_wconf 74' lang='lat' dir='ltr'>Pot,</span> <span class='ocrx_word' id='word_1_168' title='bbox 1264 1520 1479 1554; x_wconf 89' lang='lat' dir='ltr'>monachum</span> <span class='ocrx_word' id='word_1_169' title='bbox 1503 1520 1637 1554; x_wconf 86' lang='lat' dir='ltr'>ordinis</span> 
     </span>
     <span class='ocr_line' id='line_1_20' title="bbox 122 1578 1636 1626; baseline 0 -13"><span class='ocrx_word' id='word_1_170' title='bbox 122 1579 157 1614; x_wconf 89' lang='lat' dir='ltr'>S.</span> <span class='ocrx_word' id='word_1_171' title='bbox 181 1579 381 1623; x_wconf 69' lang='lat' dir='ltr'>Benedicti,</span> <span class='ocrx_word' id='word_1_172' title='bbox 407 1580 468 1626; x_wconf 86' lang='lat' dir='ltr'>qui</span> <span class='ocrx_word' id='word_1_173' title='bbox 487 1580 624 1626; x_wconf 87' lang='lat' dir='ltr'>assequi</span> <span class='ocrx_word' id='word_1_174' title='bbox 652 1592 724 1613; x_wconf 91' lang='lat' dir='ltr'>non</span> <span class='ocrx_word' id='word_1_175' title='bbox 754 1579 862 1613; x_wconf 79' lang='lat' dir='ltr'>valuit</span> <span class='ocrx_word' id='word_1_176' title='bbox 887 1579 1121 1625; x_wconf 88' lang='lat' dir='ltr'>episcopalem</span> <span class='ocrx_word' id='word_1_177' title='bbox 1147 1578 1449 1623; x_wconf 72' lang='lat' dir='ltr'>benedictionem,</span> <span class='ocrx_word' id='word_1_178' title='bbox 1475 1579 1636 1613; x_wconf 86' lang='lat' dir='ltr'>obstante</span> 
     </span>
     <span class='ocr_line' id='line_1_21' title="bbox 121 1636 1635 1684; baseline -0.001 -12"><span class='ocrx_word' id='word_1_179' title='bbox 121 1639 277 1672; x_wconf 84' lang='lat' dir='ltr'>Romana</span> <span class='ocrx_word' id='word_1_180' title='bbox 300 1638 408 1672; x_wconf 87' lang='lat' dir='ltr'>curia.</span> <span class='ocrx_word' id='word_1_181' title='bbox 440 1638 518 1684; x_wconf 91' lang='lat' dir='ltr'>Ipse</span> <span class='ocrx_word' id='word_1_182' title='bbox 539 1650 622 1672; x_wconf 78' lang='lat' dir='ltr'>vero</span> <span class='ocrx_word' id='word_1_183' title='bbox 645 1637 812 1671; x_wconf 90' lang='lat' dir='ltr'>dominus</span> <span class='ocrx_word' id='word_1_184' title='bbox 837 1636 1016 1670; x_wconf 83' lang='lat' dir='ltr'>Johannes</span> <span class='ocrx_word' id='word_1_185' title='bbox 1043 1648 1230 1682; x_wconf 88' lang='lat' dir='ltr'>nunquam</span> <span class='ocrx_word' id='word_1_186' title='bbox 1255 1636 1441 1670; x_wconf 77' lang='lat' dir='ltr'>introitum</span> <span class='ocrx_word' id='word_1_187' title='bbox 1468 1649 1572 1671; x_wconf 88' lang='lat' dir='ltr'>suum</span> <span class='ocrx_word' id='word_1_188' title='bbox 1600 1638 1635 1671; x_wconf 91' lang='lat' dir='ltr'>in</span> 
     </span>
     <span class='ocr_line' id='line_1_22' title="bbox 123 1694 1636 1743; baseline -0.001 -12"><span class='ocrx_word' id='word_1_189' title='bbox 123 1697 326 1731; x_wconf 76' lang='lat' dir='ltr'>Turnacum</span> <span class='ocrx_word' id='word_1_190' title='bbox 358 1697 440 1730; x_wconf 89' lang='lat' dir='ltr'>fecit</span> <span class='ocrx_word' id='word_1_191' title='bbox 452 1724 461 1740; x_wconf 65' lang='lat'>,</span> <span class='ocrx_word' id='word_1_192' title='bbox 493 1696 554 1730; x_wconf 87' lang='lat' dir='ltr'>sed</span> <span class='ocrx_word' id='word_1_193' title='bbox 580 1709 719 1743; x_wconf 90' lang='lat' dir='ltr'>semper</span> <span class='ocrx_word' id='word_1_194' title='bbox 752 1696 787 1729; x_wconf 94' lang='grc'>111</span> <span class='ocrx_word' id='word_1_195' title='bbox 817 1695 906 1729; x_wconf 86' lang='lat' dir='ltr'>urbe</span> <span class='ocrx_word' id='word_1_196' title='bbox 941 1707 1087 1729; x_wconf 89' lang='lat' dir='ltr'>manens</span> <span class='ocrx_word' id='word_1_197' title='bbox 1118 1694 1356 1728; x_wconf 85' lang='lat' dir='ltr'>obedientiam</span> <span class='ocrx_word' id='word_1_198' title='bbox 1388 1695 1636 1729; x_wconf 86' lang='lat' dir='ltr'>tantummodo</span> 
     </span>
     <span class='ocr_line' id='line_1_23' title="bbox 122 1753 1633 1802; baseline -0.003 -12"><span class='ocrx_word' id='word_1_199' title='bbox 122 1755 250 1790; x_wconf 89' lang='lat' dir='ltr'>habuit</span> <span class='ocrx_word' id='word_1_200' title='bbox 275 1756 313 1789; x_wconf 93' lang='grc'>111</span> <span class='ocrx_word' id='word_1_201' title='bbox 335 1755 515 1799; x_wconf 55' lang='lat' dir='ltr'>Flandria7</span> <span class='ocrx_word' id='word_1_202' title='bbox 546 1762 581 1789; x_wconf 86' lang='lat' dir='ltr'>et</span> <span class='ocrx_word' id='word_1_203' title='bbox 606 1768 677 1789; x_wconf 92' lang='lat' dir='ltr'>non</span> <span class='ocrx_word' id='word_1_204' title='bbox 698 1755 764 1789; x_wconf 90' lang='lat' dir='ltr'>sub</span> <span class='ocrx_word' id='word_1_205' title='bbox 789 1766 910 1802; x_wconf 75' lang='lat' dir='ltr'>regno.</span> <span class='ocrx_word' id='word_1_206' title='bbox 942 1755 1044 1787; x_wconf 86' lang='lat' dir='ltr'>Anno</span> <span class='ocrx_word' id='word_1_207' title='bbox 1066 1760 1184 1787; x_wconf 90' lang='lat' dir='ltr'>autem</span> <span class='ocrx_word' id='word_1_208' title='bbox 1206 1753 1345 1787; x_wconf 90' lang='lat' dir='ltr'>Domini</span> <span class='ocrx_word' id='word_1_209' title='bbox 1370 1753 1590 1787; x_wconf 75' lang='lat' dir='ltr'>MCCCCXCI</span> <span class='ocrx_word' id='word_1_210' title='bbox 1607 1753 1633 1795; x_wconf 69' lang='lat'>¹,</span> 
     </span>
     <span class='ocr_line' id='line_1_24' title="bbox 122 1811 1636 1861; baseline -0.002 -14"><span class='ocrx_word' id='word_1_211' title='bbox 122 1814 204 1860; x_wconf 82' lang='lat' dir='ltr'>xviij</span> <span class='ocrx_word' id='word_1_212' title='bbox 239 1813 296 1848; x_wconf 92' lang='lat' dir='ltr'>die</span> <span class='ocrx_word' id='word_1_213' title='bbox 330 1814 478 1861; x_wconf 81' lang='lat' dir='ltr'>Augusti</span> <span class='ocrx_word' id='word_1_214' title='bbox 509 1814 674 1861; x_wconf 72' lang='lat' dir='ltr'>migravit</span> <span class='ocrx_word' id='word_1_215' title='bbox 703 1826 722 1847; x_wconf 85' lang='lat' dir='ltr'>a</span> <span class='ocrx_word' id='word_1_216' title='bbox 752 1812 870 1846; x_wconf 90' lang='lat' dir='ltr'>seculo</span> <span class='ocrx_word' id='word_1_217' title='bbox 884 1839 892 1855; x_wconf 47' lang='grc'>.,</span> <span class='ocrx_word' id='word_1_218' title='bbox 925 1812 1155 1858; x_wconf 85' lang='lat' dir='ltr'>sepultusque</span> <span class='ocrx_word' id='word_1_219' title='bbox 1187 1817 1239 1845; x_wconf 86' lang='lat' dir='ltr'>est</span> <span class='ocrx_word' id='word_1_220' title='bbox 1271 1811 1307 1844; x_wconf 89' lang='lat' dir='ltr'>in</span> <span class='ocrx_word' id='word_1_221' title='bbox 1341 1812 1483 1845; x_wconf 82' lang='lat' dir='ltr'>ecclesia</span> <span class='ocrx_word' id='word_1_222' title='bbox 1514 1812 1636 1845; x_wconf 87' lang='lat' dir='ltr'>beatae</span> 
     </span>
     <span class='ocr_line' id='line_1_25' title="bbox 122 1869 1634 1918; baseline -0.002 -12"><span class='ocrx_word' id='word_1_223' title='bbox 122 1872 253 1906; x_wconf 80' lang='lat' dir='ltr'>Mariae</span> <span class='ocrx_word' id='word_1_224' title='bbox 274 1871 318 1906; x_wconf 93' lang='lat' dir='ltr'>de</span> <span class='ocrx_word' id='word_1_225' title='bbox 338 1872 489 1918; x_wconf 56' lang='lat' dir='ltr'>populo,</span> <span class='ocrx_word' id='word_1_226' title='bbox 509 1872 609 1918; x_wconf 78' lang='lat' dir='ltr'>juxta</span> <span class='ocrx_word' id='word_1_227' title='bbox 630 1871 936 1918; x_wconf 87' lang='lat' dir='ltr'>praedecessorem</span> <span class='ocrx_word' id='word_1_228' title='bbox 959 1882 1064 1904; x_wconf 90' lang='lat' dir='ltr'>suum</span> <span class='ocrx_word' id='word_1_229' title='bbox 1083 1870 1281 1913; x_wconf 75' lang='lat' dir='ltr'>Ferricum7</span> <span class='ocrx_word' id='word_1_230' title='bbox 1305 1869 1517 1903; x_wconf 86' lang='lat' dir='ltr'>cardinalem</span> <span class='ocrx_word' id='word_1_231' title='bbox 1542 1870 1634 1903; x_wconf 87' lang='lat' dir='ltr'>tituli</span> 
     </span>
     <span class='ocr_line' id='line_1_26' title="bbox 123 1929 312 1964; baseline -0.005 0"><span class='ocrx_word' id='word_1_232' title='bbox 123 1929 158 1964; x_wconf 76' lang='lat' dir='ltr'>S,</span> <span class='ocrx_word' id='word_1_233' title='bbox 181 1930 312 1964; x_wconf 90' lang='lat' dir='ltr'>Vitalis.</span> 
     </span>
    </p>

    <p class='ocr_par' dir='ltr' id='par_1_4' title="bbox 123 1986 1638 2441">
     <span class='ocr_line' id='line_1_27' title="bbox 172 1986 1633 2036; baseline -0.001 -14"><span class='ocrx_word' id='word_1_234' title='bbox 172 1987 414 2036; x_wconf 79' lang='lat' dir='ltr'>Sexagesimus</span> <span class='ocrx_word' id='word_1_235' title='bbox 433 2001 548 2023; x_wconf 89' lang='lat' dir='ltr'>nonus</span> <span class='ocrx_word' id='word_1_236' title='bbox 568 1989 754 2035; x_wconf 87' lang='lat' dir='ltr'>episcopus</span> <span class='ocrx_word' id='word_1_237' title='bbox 771 1988 1019 2031; x_wconf 75' lang='lat' dir='ltr'>Tornaeensis7</span> <span class='ocrx_word' id='word_1_238' title='bbox 1041 1986 1232 2021; x_wconf 86' lang='lat' dir='ltr'>succedens</span> <span class='ocrx_word' id='word_1_239' title='bbox 1250 1987 1402 2021; x_wconf 88' lang='lat' dir='ltr'>Johanni</span> <span class='ocrx_word' id='word_1_240' title='bbox 1421 1986 1633 2029; x_wconf 60' lang='lat' dir='ltr'>Monissart,</span> 
     </span>
     <span class='ocr_line' id='line_1_28' title="bbox 123 2045 1635 2091; baseline -0.001 -11"><span class='ocrx_word' id='word_1_241' title='bbox 123 2047 236 2081; x_wconf 86' lang='lat' dir='ltr'>factus</span> <span class='ocrx_word' id='word_1_242' title='bbox 245 2052 297 2080; x_wconf 86' lang='lat' dir='ltr'>est</span> <span class='ocrx_word' id='word_1_243' title='bbox 305 2045 471 2081; x_wconf 91' lang='lat' dir='ltr'>dominus</span> <span class='ocrx_word' id='word_1_244' title='bbox 484 2047 738 2089; x_wconf 59' lang='lat' dir='ltr'>Anthoniotus,</span> <span class='ocrx_word' id='word_1_245' title='bbox 753 2045 939 2080; x_wconf 87' lang='lat' dir='ltr'>cardinalis</span> <span class='ocrx_word' id='word_1_246' title='bbox 952 2046 1045 2079; x_wconf 85' lang='lat' dir='ltr'>tituli</span> <span class='ocrx_word' id='word_1_247' title='bbox 1057 2051 1196 2079; x_wconf 88' lang='lat' dir='ltr'>sanctae</span> <span class='ocrx_word' id='word_1_248' title='bbox 1208 2045 1419 2088; x_wconf 69' lang='lat' dir='ltr'>Anastasiae,</span> <span class='ocrx_word' id='word_1_249' title='bbox 1432 2057 1494 2090; x_wconf 90' lang='lat' dir='ltr'>per</span> <span class='ocrx_word' id='word_1_250' title='bbox 1507 2057 1635 2091; x_wconf 82' lang='lat' dir='ltr'>papam</span> 
     </span>
     <span class='ocr_line' id='line_1_29' title="bbox 124 2102 1636 2150; baseline -0.002 -12"><span class='ocrx_word' id='word_1_251' title='bbox 124 2105 372 2138; x_wconf 89' lang='lat' dir='ltr'>Innocentium</span> <span class='ocrx_word' id='word_1_252' title='bbox 389 2111 552 2138; x_wconf 79' lang='lat' dir='ltr'>octavum</span> <span class='ocrx_word' id='word_1_253' title='bbox 572 2110 757 2150; x_wconf 85' lang='lat' dir='ltr'>promotus</span> <span class='ocrx_word' id='word_1_254' title='bbox 780 2104 815 2136; x_wconf 91' lang='lat' dir='ltr'>in</span> <span class='ocrx_word' id='word_1_255' title='bbox 835 2104 946 2147; x_wconf 57' lang='lat' dir='ltr'>urbe7</span> <span class='ocrx_word' id='word_1_256' title='bbox 969 2116 1062 2137; x_wconf 90' lang='lat' dir='ltr'>anno</span> <span class='ocrx_word' id='word_1_257' title='bbox 1085 2103 1226 2136; x_wconf 91' lang='lat' dir='ltr'>Domini</span> <span class='ocrx_word' id='word_1_258' title='bbox 1250 2102 1469 2136; x_wconf 79' lang='lat' dir='ltr'>MCCCCXCI</span> <span class='ocrx_word' id='word_1_259' title='bbox 1484 2102 1508 2135; x_wconf 68' lang='lat'>².</span> <span class='ocrx_word' id='word_1_260' title='bbox 1527 2103 1569 2136; x_wconf 86' lang='lat' dir='ltr'>Et</span> <span class='ocrx_word' id='word_1_261' title='bbox 1592 2102 1636 2136; x_wconf 93' lang='lat' dir='ltr'>de</span> 
     </span>
     <span class='ocr_line' id='line_1_30' title="bbox 123 2159 1635 2206; baseline -0.002 -10"><span class='ocrx_word' id='word_1_262' title='bbox 123 2162 219 2196; x_wconf 91' lang='lat' dir='ltr'>dicto</span> <span class='ocrx_word' id='word_1_263' title='bbox 239 2161 386 2196; x_wconf 88' lang='lat' dir='ltr'>domino</span> <span class='ocrx_word' id='word_1_264' title='bbox 400 2162 568 2196; x_wconf 87' lang='lat' dir='ltr'>cardinali</span> <span class='ocrx_word' id='word_1_265' title='bbox 581 2168 720 2196; x_wconf 87' lang='lat' dir='ltr'>sanctae</span> <span class='ocrx_word' id='word_1_266' title='bbox 740 2162 959 2205; x_wconf 42' lang='lat' dir='ltr'>Anastasia&amp;</span> <span class='ocrx_word' id='word_1_267' title='bbox 977 2167 1156 2195; x_wconf 85' lang='lat' dir='ltr'>assecutus</span> <span class='ocrx_word' id='word_1_268' title='bbox 1175 2167 1226 2194; x_wconf 84' lang='lat' dir='ltr'>est</span> <span class='ocrx_word' id='word_1_269' title='bbox 1243 2159 1378 2194; x_wconf 88' lang='lat' dir='ltr'>dictum</span> <span class='ocrx_word' id='word_1_270' title='bbox 1394 2160 1635 2206; x_wconf 86' lang='lat' dir='ltr'>episcopatum</span> 
     </span>
     <span class='ocr_line' id='line_1_31' title="bbox 125 2217 1635 2264; baseline -0.001 -10"><span class='ocrx_word' id='word_1_271' title='bbox 125 2221 383 2254; x_wconf 82' lang='lat' dir='ltr'>Tornacensem</span> <span class='ocrx_word' id='word_1_272' title='bbox 405 2219 571 2254; x_wconf 85' lang='lat' dir='ltr'>dominus</span> <span class='ocrx_word' id='word_1_273' title='bbox 592 2220 717 2253; x_wconf 89' lang='lat' dir='ltr'>Petrus</span> <span class='ocrx_word' id='word_1_274' title='bbox 743 2218 787 2253; x_wconf 86' lang='lat' dir='ltr'>de</span> <span class='ocrx_word' id='word_1_275' title='bbox 817 2218 943 2264; x_wconf 72' lang='lat' dir='ltr'>Qnike,</span> <span class='ocrx_word' id='word_1_276' title='bbox 974 2218 1189 2261; x_wconf 75' lang='lat' dir='ltr'>Gandensis7</span> <span class='ocrx_word' id='word_1_277' title='bbox 1220 2218 1328 2251; x_wconf 88' lang='lat' dir='ltr'>abbas</span> <span class='ocrx_word' id='word_1_278' title='bbox 1359 2217 1394 2251; x_wconf 91' lang='lat' dir='ltr'>S.</span> <span class='ocrx_word' id='word_1_279' title='bbox 1427 2217 1576 2252; x_wconf 79' lang='lat' dir='ltr'>Amandi</span> <span class='ocrx_word' id='word_1_280' title='bbox 1600 2219 1635 2252; x_wconf 93' lang='lat' dir='ltr'>in</span> 
     </span>
     <span class='ocr_line' id='line_1_32' title="bbox 125 2275 1636 2322; baseline -0.001 -10"><span class='ocrx_word' id='word_1_281' title='bbox 125 2278 271 2322; x_wconf 78' lang='lat' dir='ltr'>Pabula,</span> <span class='ocrx_word' id='word_1_282' title='bbox 293 2285 328 2312; x_wconf 90' lang='lat' dir='ltr'>et</span> <span class='ocrx_word' id='word_1_283' title='bbox 344 2279 536 2312; x_wconf 75' lang='lat' dir='ltr'>successive</span> <span class='ocrx_word' id='word_1_284' title='bbox 554 2285 589 2312; x_wconf 88' lang='lat' dir='ltr'>et</span> <span class='ocrx_word' id='word_1_285' title='bbox 605 2278 783 2312; x_wconf 84' lang='lat' dir='ltr'>alternatis</span> <span class='ocrx_word' id='word_1_286' title='bbox 803 2278 937 2311; x_wconf 74' lang='lat' dir='ltr'>vicibus</span> <span class='ocrx_word' id='word_1_287' title='bbox 955 2277 1159 2311; x_wconf 85' lang='lat' dir='ltr'>habuerunt</span> <span class='ocrx_word' id='word_1_288' title='bbox 1177 2275 1432 2310; x_wconf 86' lang='lat' dir='ltr'>recredentiam</span> <span class='ocrx_word' id='word_1_289' title='bbox 1453 2276 1636 2311; x_wconf 87' lang='lat' dir='ltr'>fructuum</span> 
     </span>
     <span class='ocr_line' id='line_1_33' title="bbox 124 2333 1637 2383; baseline -0.003 -12"><span class='ocrx_word' id='word_1_290' title='bbox 124 2338 159 2371; x_wconf 92' lang='lat' dir='ltr'>in</span> <span class='ocrx_word' id='word_1_291' title='bbox 174 2337 334 2383; x_wconf 85' lang='lat' dir='ltr'>partibus</span> <span class='ocrx_word' id='word_1_292' title='bbox 354 2337 515 2370; x_wconf 88' lang='lat' dir='ltr'>Frauciae</span> <span class='ocrx_word' id='word_1_293' title='bbox 532 2337 604 2382; x_wconf 84' lang='lat' dir='ltr'>ipse</span> <span class='ocrx_word' id='word_1_294' title='bbox 624 2343 658 2370; x_wconf 89' lang='grc'>61</span> <span class='ocrx_word' id='word_1_295' title='bbox 672 2335 871 2369; x_wconf 71' lang='lat' dir='ltr'>Ludovicus</span> <span class='ocrx_word' id='word_1_296' title='bbox 885 2335 964 2369; x_wconf 78' lang='lat' dir='ltr'>Pot.</span> <span class='ocrx_word' id='word_1_297' title='bbox 987 2335 1119 2368; x_wconf 90' lang='lat' dir='ltr'>Tamen</span> <span class='ocrx_word' id='word_1_298' title='bbox 1137 2335 1211 2380; x_wconf 85' lang='lat' dir='ltr'>ipse</span> <span class='ocrx_word' id='word_1_299' title='bbox 1227 2333 1270 2367; x_wconf 89' lang='lat' dir='ltr'>de</span> <span class='ocrx_word' id='word_1_300' title='bbox 1289 2333 1398 2380; x_wconf 68' lang='lat' dir='ltr'>Qm&#39;lce</span> <span class='ocrx_word' id='word_1_301' title='bbox 1413 2341 1637 2368; x_wconf 86' lang='lat' dir='ltr'>consecratus</span> 
     </span>
     <span class='ocr_line' id='line_1_34' title="bbox 125 2391 1638 2441; baseline -0.003 -12"><span class='ocrx_word' id='word_1_302' title='bbox 125 2401 177 2429; x_wconf 87' lang='lat' dir='ltr'>est</span> <span class='ocrx_word' id='word_1_303' title='bbox 194 2395 230 2429; x_wconf 92' lang='lat' dir='ltr'>in</span> <span class='ocrx_word' id='word_1_304' title='bbox 245 2395 449 2441; x_wconf 90' lang='lat' dir='ltr'>episcopum</span> <span class='ocrx_word' id='word_1_305' title='bbox 467 2395 723 2428; x_wconf 85' lang='lat' dir='ltr'>Tornacensem</span> <span class='ocrx_word' id='word_1_306' title='bbox 743 2394 809 2427; x_wconf 90' lang='lat' dir='ltr'>sub</span> <span class='ocrx_word' id='word_1_307' title='bbox 827 2393 930 2427; x_wconf 83' lang='lat' dir='ltr'>titulo</span> <span class='ocrx_word' id='word_1_308' title='bbox 949 2393 1112 2427; x_wconf 87' lang='lat' dir='ltr'>ecclesiae</span> <span class='ocrx_word' id='word_1_309' title='bbox 1132 2392 1381 2436; x_wconf 78' lang='lat' dir='ltr'>Tornacensis,</span> <span class='ocrx_word' id='word_1_310' title='bbox 1401 2398 1436 2425; x_wconf 87' lang='lat' dir='ltr'>et</span> <span class='ocrx_word' id='word_1_311' title='bbox 1453 2391 1515 2426; x_wconf 91' lang='lat' dir='ltr'>diu</span> <span class='ocrx_word' id='word_1_312' title='bbox 1535 2405 1638 2439; x_wconf 84' lang='lat' dir='ltr'>prae-</span> 
     </span>
    </p>
   </div>
   <div class='ocr_carea' id='block_1_3' title="bbox 167 2521 1541 2607">
    <p class='ocr_par' dir='ltr' id='par_1_5' title="bbox 167 2521 1541 2607">
     <span class='ocr_line' id='line_1_35' title="bbox 167 2521 1365 2555; baseline -0.003 -4"><span class='ocrx_word' id='word_1_313' title='bbox 167 2525 174 2542; x_wconf 88' lang='lat'><strong>¹</strong></span> <span class='ocrx_word' id='word_1_314' title='bbox 199 2524 271 2551; x_wconf 79' lang='lat' dir='ltr'>Gall.</span> <span class='ocrx_word' id='word_1_315' title='bbox 289 2524 386 2551; x_wconf 78' lang='lat' dir='ltr'>Christ.</span> <span class='ocrx_word' id='word_1_316' title='bbox 403 2523 656 2551; x_wconf 69' lang='lat' dir='ltr'>31CCCCLXXX1V.</span> <span class='ocrx_word' id='word_1_317' title='bbox 946 2522 958 2540; x_wconf 87' lang='lat'>&#39;-&#39;</span> <span class='ocrx_word' id='word_1_318' title='bbox 978 2522 1094 2555; x_wconf 73' lang='lat' dir='ltr'>1bidem‚</span> <span class='ocrx_word' id='word_1_319' title='bbox 1112 2521 1365 2548; x_wconf 77' lang='lat' dir='ltr'>MCCCCLXXXIV.</span> 
     </span>
     <span class='ocr_line' id='line_1_36' title="bbox 225 2568 1541 2607; baseline -0.002 -1"><span class='ocrx_word' id='word_1_320' title='bbox 225 2573 310 2607; x_wconf 88' lang='grc' dir='ltr'><strong>Το11.</strong></span> <span class='ocrx_word' id='word_1_321' title='bbox 342 2572 386 2606; x_wconf 89' lang='grc' dir='ltr'>ΙΙ.</span> <span class='ocrx_word' id='word_1_322' title='bbox 1495 2568 1541 2603; x_wconf 85' lang='grc'>73</span> 
     </span>
    </p>
   </div>
  </div>
 </body>
</html>
