2118 3184
605 422 829 458 CHRONICA
859 421 1181 457 TORNACENSIS.
1580 424 1648 459 491

131 529 199 563 dus
216 556 223 563 .
255 530 419 575 Aynardo
452 530 663 565 Gualbertus
680 557 687 564 .
723 530 913 564 Gualbcrto
939 531 1190 573 Transmarus7
1223 531 1434 565 Transmaro
1460 531 1643 566 Rodulfus.

182 588 434 635 Episcoporum
446 590 564 635 itaque
576 589 795 635 temporibus
804 590 955 635 quiante
966 590 1109 623 beatum
1120 590 1269 638 Eligium
1280 590 1438 634 fuerunt7
1452 591 1648 625 Tornacen·

131 647 176 679 sis
195 647 339 681 ecclesia
358 658 527 694 magnum
547 647 828 680 emolumentum
848 648 997 693 sumpsit
1017 647 1300 693 amplificationis
1318 660 1418 690 suaet
1440 655 1479 682 ut
1498 661 1648 695 sequens

134 705 287 738 narratio
316 704 521 739 declarabit.
548 705 753 739 Lotharius.
782 718 839 738 rex
865 706 1095 748 Francorum..
1121 706 1211 739 filius
1234 706 1427 752 supradicti
1457 706 1643 741 Ludovici.

131 769 286 808 quatuor
297 762 386 796 filios
400 762 567 796 haeredes
586 763 684 811 regni
701 763 858 809 reliquit.
878 763 1108 797 Harebertum
1120 791 1127 796 .
1146 764 1370 798 Guntranum
1381 791 1389 807 -.
1407 764 1644 813 sigeber-iuml

130 819 361 866 Cilpericum3
388 821 449 867 qui
474 833 623 869 regnum
643 821 734 854 inter
758 833 793 854 se
812 820 1025 861 dividentes,
1054 821 1265 856 Harebertus
1284 821 1402 856 sedem
1424 823 1489 857 sibi
1514 823 1647 857 consti-

131 878 200 912 tuit
218 878 386 913 Parisius.
409 880 614 914 Guntrauus
630 880 840 920 Aurelianis,
859 879 1062 928 Sigcbertus
1077 881 1193 914 Remis
1204 907 1212 923 „
1231 881 1422 927 Cilpericus
1436 882 1643 916 Suessionis.

130 936 322 983 Cilpericus
339 937 437 972 duxit
459 951 603 972 uxorem
624 939 767 972 nominc
788 938 1008 972 Audoveram
1022 967 1030 981 7
1050 939 1183 973 habens
1201 940 1435 974 concubinam
1450 940 1647 989 Fredegun-

131 994 231 1030 dem-
257 1008 349 1042 quae
373 996 612 1045 Fredegundis
638 997 858 1031 Audoveram
883 998 1041 1045 reginam
1065 998 1123 1031 tali
1150 997 1274 1032 fraude
1298 999 1448 1045 decepit.
1475 999 1589 1034 Suasit
1614 1001 1644 1033 ei

132 1060 173 1087 ut
192 1053 298 1087 filiam
318 1067 426 1101 quam
446 1068 487 1088 ex
506 1054 676 1101 Cilperico
695 1055 848 1089 habebat
861 1083 869 1098 ·,
893 1056 965 1101 ipsa
989 1055 1034 1089 de
1057 1068 1155 1090 sacro
1174 1057 1292 1097 fonte„
1317 1070 1385 1091 non
1406 1058 1488 1101 alia„
1511 1059 1647 1104 suscipe

131 1119 202 1154 ret,
223 1112 321 1159 quod
344 1113 399 1146 illa
425 1113 570 1147 seducta
589 1114 683 1147 fecit.
710 1114 951 1154 Quamobrem
973 1126 993 1147 a
1018 1114 1144 1147 marito
1162 1127 1226 1148 suo
1248 1122 1405 1161 separata
1428 1122 1499 1159 est7
1527 1117 1647 1163 sicque

133 1170 373 1219 Fredegundis
391 1172 588 1205 concubina
608 1172 642 1205 in
662 1172 869 1219 conjugium
896 1172 1044 1205 transiit.
1068 1172 1261 1218 Episcopus
1279 1174 1340 1219 qui
1359 1185 1510 1219 puerum
1530 1175 1647 1221 bapti-

132 1230 219 1263 savit
245 1230 348 1264 exilio
372 1229 574 1264 damnatur.
600 1231 720 1264 Franci
738 1232 799 1276 qui
819 1231 885 1264 sub
903 1230 1037 1264 ditione
1055 1230 1215 1276 Cilperici
1239 1238 1339 1265 erant
1359 1231 1404 1265 ad
1423 1232 1646 1281 Sigebertum

132 1294 327 1322 transeunt.
350 1288 542 1336 Cilpericus
565 1301 648 1323 vero
669 1290 809 1336 fugiens
833 1289 977 1322 fratrem
1005 1301 1109 1323 suum
1126 1316 1134 1331 Ἴ
1163 1290 1339 1323 civitatem
1360 1291 1560 1326 Tornacum
1583 1304 1648 1338 pe-

130 1347 203 1389 tiit‚
220 1348 358 1393 quaein
372 1347 543 1381 divisione
558 1360 619 1381 sua
634 1348 895 1381 continebatur.
913 1347 1028 1388 Quem
1043 1348 1135 1381 cives
1152 1347 1310 1393 ejusdem
1326 1349 1424 1383 urbis
1438 1357 1648 1396 receperunt

130 1412 165 1438 et
178 1412 374 1452 coeperunt
382 1418 542 1454 pugnare
560 1412 683 1439 contra
700 1405 898 1451 praefatum
913 1404 1156 1453 Sigebertum7
1178 1407 1239 1452 qui
1259 1414 1473 1455 congregato
1492 1409 1647 1442 exercitu

130 1462 269 1497 obsedit
287 1464 321 1497 in
338 1465 426 1498 urbe
441 1465 601 1499 Tornaco
618 1464 763 1498 fratrem
780 1476 898 1498 suum.
911 1464 1151 1512 Fredegundis
1166 1477 1267 1509 vero,
1287 1465 1447 1512 Cilperici
1461 1479 1562 1500 uxor.
1587 1479 1648 1501 ve-

131 1533 211 1555 rens
226 1534 269 1555 ne
282 1523 436 1568 populus
446 1523 676 1557 Tornacensis
686 1529 866 1569 pertaesus
880 1522 1075 1557 obsidionis
1090 1535 1126 1556 se
1140 1529 1175 1556 et
1191 1524 1357 1558 maritum
1374 1537 1478 1558 suum
1492 1525 1647 1559 traderet

131 1580 294 1623 inimicis,
310 1582 516 1616 convocavit
529 1581 619 1615 duos
629 1582 789 1627 juvenes,
806 1581 932 1615 ferocis
947 1581 1068 1624 animi,
1085 1581 1252 1627 pollicens
1261 1582 1310 1615 eis
1320 1583 1477 1628 proemia
1488 1590 1523 1617 et
1531 1584 1648 1618 hono-

130 1651 197 1683 res,¹
215 1641 242 1674 si
258 1651 376 1686 regem
396 1639 619 1688 Sigebertum
635 1640 884 1674 interficerent.
907 1639 976 1680 Qui
992 1639 1144 1673 consiliis
1157 1640 1232 1685 ejus
1250 1641 1511 1686 acquiescentes
1527 1654 1645 1690 regem

132 1699 315 1742 adierunt,
338 1705 373 1732 et
390 1699 490 1745 quasi
509 1698 642 1745 aliquid
659 1699 690 1732 ei
709 1699 877 1733 secretius
894 1699 1045 1732 locuturi
1063 1710 1221 1732 seorsum
1241 1707 1475 1734 evocaverunt
1488 1728 1496 1744 τ
1518 1700 1647 1735 deinde

133 1758 349 1807 pugionibus
364 1757 629 1791 interfecerunt.
648 1757 840 1804 Cilpericus
853 1769 936 1791 vero
950 1770 969 1790 a
989 1757 1149 1791 Tornaeo
1163 1769 1322 1805 egressus
1340 1759 1531 1793 exercitum
1547 1759 1592 1793 ad
1611 1771 1647 1793 se

135 1818 295 1859 reduxit,
323 1816 468 1850 fratrem
490 1827 572 1849 vero
590 1828 695 1849 suum
714 1816 750 1849 in
776 1816 853 1850 vico
876 1816 936 1862 qui
962 1815 1094 1849 dicitur
1116 1815 1320 1859 Lmnhm'as,
1342 1816 1442 1861 juxta
1461 1818 1621 1851 Duacum
1635 1845 1644 1861 Ἰ

133 1876 302 1923 sepelivit.
325 1874 466 1909 Civibus
481 1874 762 1908 Tornacensibus
777 1875 907 1922 gratias
922 1873 1094 1917 reddidit,
1113 1873 1278 1908 ecclesiae
1295 1874 1334 1908 B.
1351 1874 1505 1923 Virginis
1519 1875 1647 1909 Mariae

133 1935 244 1969 multa
263 1934 434 1968 beneficia
458 1933 627 1976 contulit,
648 1940 684 1967 et
702 1934 750 1968 sic
772 1946 854 1967 cum
874 1934 1010 1967 honore
1028 1932 1072 1967 ad
1093 1933 1236 1979 propria
1256 1932 1372 1967 rediit.
1402 1934 1536 1968 Deinde
1560 1947 1648 1969 con-

134 1994 294 2027 firmatus
311 1993 347 2026 in
373 2004 501 2041 regno,
523 2004 651 2038 corpus
674 1992 791 2026 fratris
817 1992 870 2025 sui
893 1991 1087 2025 suessionis
1109 1991 1308 2035 transtulit7
1334 1998 1370 2025 et
1387 1992 1488 2038 juxta
1510 1999 1645 2039 patrem

132 2064 235 2086 suum
254 2051 412 2097 sepelivit
424 2078 432 2094 7
452 2052 488 2085 in
508 2051 651 2085 ecclesia
671 2063 777 2097 quam
797 2051 870 2097 ipse
888 2057 988 2096 pater
1007 2050 1043 2083 in
1064 2049 1200 2084 honore
1221 2051 1330 2084 sancti
1345 2050 1504 2085 Medardi
1522 2051 1647 2086 aedifi-

133 2117 282 2145 caverat.
300 2110 378 2156 Ipse
390 2121 473 2143 vero
488 2116 567 2155 post
580 2108 724 2156 aliquod
744 2116 901 2155 tempus2
918 2115 995 2142 astu
1011 2109 1128 2142 uxoris
1142 2121 1225 2142 suae
1241 2108 1497 2157 Fredegundis,
1515 2122 1535 2143 a
1554 2110 1646 2144 Lan-

133 2170 265 2212 derico,
282 2169 414 2215 majore
428 2169 570 2212 domus7
587 2181 669 2203 cum
683 2181 756 2215 quo
770 2168 893 2202 eadem
908 2167 1147 2215 Fredegundis
1161 2167 1439 2212 adulterabatur,
1456 2168 1643 2211 occiditur.v

134 2237 170 2263 et
188 2231 221 2263 in
241 2228 380 2263 basilica
400 2229 439 2262 B.
456 2228 630 2262 vincentii
649 2228 802 2261 Parisius
819 2227 999 2273 sepelitur.
1022 2227 1120 2260 Dona
1137 2238 1219 2260 vero
1238 2238 1329 2272 quae
1346 2227 1510 2260 eeclesiae
1525 2227 1646 2261 beatae

135 2289 265 2323 Mariae
283 2287 433 2321 contulit
451 2299 516 2333 pro
534 2286 645 2320 salute
665 2287 802 2320 animae
821 2286 938 2320 fratris
955 2286 1027 2327 sui„
1048 2285 1110 2332 qui
1128 2285 1317 2331 improvise
1339 2285 1573 2331 interemptus
1591 2297 1647 2319 oc-

134 2348 306 2382 cubuerat
318 2373 326 2387 ,
347 2346 401 2379 vel
416 2346 521 2380 etiam
540 2345 681 2379 illorum
700 2346 762 2391 qui
781 2344 826 2378 de
845 2345 945 2378 hoste
963 2350 998 2378 et
1016 2344 1123 2378 fratre
1144 2343 1249 2377 simul
1267 2355 1349 2377 eum
1369 2343 1644 2387 vindicaverant,

131 2407 212 2453 jura
232 2418 294 2440 sua
319 2406 448 2455 regalia
470 2405 635 2447 fuerunt7
661 2417 752 2451 quae
774 2405 808 2438 in
835 2403 956 2438 eadem
976 2404 1115 2438 civitate
1138 2402 1359 2449 possidebat7
1381 2415 1544 2449 quaeque
1557 2403 1648 2436 inter

134 2466 341 2512 episcopum
360 2472 394 2498 et
408 2464 542 2498 clerum
556 2463 745 2498 distributa
759 2463 866 2498 fuisse
884 2462 1140 2508 comperimus„
1156 2473 1250 2495 anno
1266 2461 1406 2495 Domini
1425 2461 1645 2504 DLXXVIII,

137 2536 199 2570 per
216 2525 314 2571 quod
333 2530 479 2570 apparet
500 2523 598 2569 quod
617 2530 698 2557 ante
720 2529 880 2557 sanctum
901 2522 1051 2570 Eligium
1070 2521 1158 2555 haec
1175 2532 1230 2555 res
1247 2527 1323 2554 acta
1341 2527 1404 2554 est.
1431 2520 1509 2566 Ipse
1532 2520 1625 2554 enim
1637 2547 1645 2562 τ
