2137 3131
421 410 490 444 846
1025 400 1312 436 APPENDICES.

1079 521 1270 556 CXXXIII.

566 614 760 660 qulmnent
770 622 867 658 pom·
886 610 919 642 la
938 608 1087 655 chapelle
1107 609 1158 642 clu
1182 607 1330 642 cheiteau
1348 609 1388 642 de
1407 607 1555 642 Nmove.
1578 628 1626 633 —
1643 607 1780 641 Niuovz.

1061 769 1077 790 Α
1092 767 1197 792 Ninove.
1214 767 1285 791 1225.

459 845 631 880 Radulphus,
650 843 697 868 Dei
712 841 798 877 gratia
809 840 960 866 Ninivensis
970 839 1100 865 ecclesiae
1110 838 1200 864 dictus
1212 837 1297 863 abbas
1306 856 1314 870 ‚
1330 842 1358 863 et
1375 837 1516 864 Gerardus
1529 837 1563 864 de
1574 837 1743 874 Grimbergis
1755 842 1783 864 et
1795 837 1829 863 de
1841 837 1935 864 Ninive

419 894 555 921 dominus.
571 890 697 918 omnibus
711 889 761 914 hoc
774 888 905 923 scriptum
920 887 1032 913 lecturis
1046 887 1072 912 in
1084 890 1260 921 perpetuum.
1274 885 1374 911 Notum
1387 885 1421 910 sit
1433 885 1625 920 praesentibus
1639 890 1665 912 et
1678 884 1795 917 suturis⁷
1811 885 1886 921 quod
1899 885 1934 911 de

422 946 513 967 nostro
526 945 552 965 et
567 939 649 964 totius
659 940 809 963 conventus
825 935 944 961 unanimi
956 943 1108 963 consensu.
1121 933 1156 959 de
1169 933 1337 968 prudentum
1349 932 1469 958 virorum
1481 932 1608 964 consilio,
1623 938 1738 969 propter
1750 933 1893 959 fovendam
1906 938 1934 959 et

418 986 588 1013 nutriendam
598 986 669 1011 inter
683 993 731 1010 nos
744 989 771 1010 et
783 988 908 1019 posteros
918 987 1027 1008 nostros
1041 981 1152 1007 unitatis
1164 981 1349 1013 concordiam,
1363 990 1447 1016 super
1460 981 1654 1016 procuratione
1665 980 1786 1016 capellae
1796 981 1869 1016 apud
1880 990 1937 1007 cas-

420 1041 489 1060 trum
509 1034 602 1060 Ninive
621 1031 776 1066 hujusmodi
794 1030 906 1057 fecimus
925 1029 1159 1065 compositionem.
1176 1029 1233 1064 Ego
1250 1029 1334 1064 igitur
1347 1028 1485 1054 Gerardus
1499 1028 1534 1054 ob
1549 1033 1687 1054 aeternam
1702 1037 1772 1063 quae
1786 1029 1812 1054 in
1827 1027 1935 1054 Christo

417 1088 455 1108 est
469 1081 582 1108 salutem
592 1101 599 1108 ,
614 1081 641 1106 111
659 1079 808 1105 remedium
823 1078 928 1103 animae
942 1086 1017 1103 meae
1030 1081 1056 1102 et
1070 1077 1164 1102 uxoris
1178 1085 1252 1102 meae
1266 1076 1377 1111 Agnetis
1389 1080 1416 1101 81
1431 1074 1524 1101 fratris
1536 1076 1587 1101 mei
1600 1075 1729 1101 Willelmi
1743 1075 1777 1101 de
1789 1075 1886 1107 Ascha,
1903 1084 1934 1102 ex

418 1129 535 1165 propriis
552 1127 685 1153 reditibus
700 1125 799 1152 ibidem
817 1124 947 1150 constitui
960 1123 1132 1158 capellanum
1143 1143 1150 1154 ‚
1169 1123 1311 1159 assignans
1322 1123 1346 1148 ei
1365 1123 1392 1148 in
1408 1127 1570 1157 perpetuam
1585 1122 1784 1157 eleemosynam
1799 1121 1934 1158 quidquid

413 1177 484 1210 juris
500 1175 581 1202 habui
595 1175 621 1200 in
636 1174 739 1200 decima
753 1172 826 1208 apud
842 1172 936 1198 Ou-tre.
949 1171 1015 1197 Cum
1030 1171 1114 1207 igitur
1127 1170 1217 1197 dictus
1229 1170 1387 1206 capellanus
1404 1170 1478 1206 apud
1491 1170 1586 1196 Ninive
1600 1170 1684 1196 suerit
1697 1170 1782 1197 abbas
1792 1191 1798 1201 ,
1817 1170 1937 1206 capella-

418 1234 480 1250 num
495 1224 601 1249 mittere
614 1231 668 1247 non
680 1221 820 1247 tenebitur
833 1241 839 1252 ‚
856 1220 906 1245 nisi
919 1218 989 1245 sorte
1002 1218 1129 1244 dominus
1140 1218 1183 1245 vel
1193 1218 1302 1244 domina
1315 1218 1415 1244 ibidem
1426 1223 1595 1253 praesentes,
1606 1219 1628 1244 si
1643 1227 1713 1253 opus
1726 1217 1874 1244 habuerint
1884 1239 1891 1250 ,
1907 1219 1935 1244 111

418 1271 523 1306 vesperi
534 1270 577 1296 vel
590 1274 652 1295 ante
663 1277 819 1304 campanam
833 1267 937 1303 primae
949 1266 1066 1302 aliquem
1079 1266 1278 1299 mandaverint,
1292 1271 1319 1292 et
1328 1271 1394 1292 tunc
1406 1267 1432 1292 in
1447 1266 1562 1292 arbitrio
1573 1267 1626 1292 erit
1640 1265 1742 1292 domini
1754 1266 1797 1292 vel
1809 1266 1935 1292 dominae

418 1319 477 1353 quis
489 1327 581 1343 corum
594 1322 656 1342 ante
670 1316 712 1342 vel
726 1320 787 1350 post
799 1315 898 1341 debeat
909 1319 1021 1340 cantare
1034 1324 1040 1340 :
1054 1323 1114 1340 cum
1126 1319 1217 1340 autem
1229 1314 1263 1340 de
1274 1314 1395 1340 claustro
1406 1314 1499 1340 nullus
1510 1314 1542 1339 ad
1555 1319 1673 1340 castrum
1687 1314 1793 1340 venerit
1805 1319 1916 1341 cantare
1927 1335 1934 1347 ‚

418 1365 602 1392 celebrabitur
621 1363 653 1389 ad
669 1363 754 1388 altare
771 1367 880 1388 sanctae
894 1361 984 1387 crucis
1000 1361 1092 1393 missa7
1115 1366 1198 1396 prout
1212 1361 1317 1387 solebat
1333 1361 1367 1387 ad
1382 1360 1511 1396 capellam
1528 1361 1651 1392 cantari,
1668 1361 1793 1387 videlicet
1809 1361 1936 1388 omnibus

419 1412 556 1438 dominicis
569 1415 596 1436 et
605 1409 706 1436 festivis
715 1409 812 1435 diebus
824 1409 851 1434 in
861 1408 959 1444 vigiliis
970 1412 996 1434 et
1007 1408 1090 1434 sextis
1102 1407 1176 1433 seriis
1189 1408 1215 1433 in
1225 1408 1370 1434 medietate
1381 1408 1617 1443 quadragesimae,
1632 1412 1658 1433 et
1670 1407 1803 1433 adventus
1817 1408 1934 1435 Domini.

421 1461 447 1485 Si
463 1464 552 1485 autem
567 1457 723 1493 capellanus
740 1457 766 1482 111
781 1456 897 1492 negotiis
912 1455 1014 1481 domini
1030 1455 1071 1481 vel
1090 1455 1124 1481 de
1138 1455 1247 1481 licentia
1262 1455 1320 1489 ejus
1336 1455 1446 1491 speciali
1460 1454 1524 1481 alibi
1539 1455 1581 1480 vel
1596 1455 1720 1481 infirmus
1735 1454 1817 1481 suerit
1829 1477 1835 1487 ‚
1851 1456 1935 1482 abbas

420 1506 547 1542 capellam
560 1526 566 1537 ,
582 1506 652 1531 518111
666 1504 797 1530 hacteuus
811 1503 893 1529 moris
907 1508 948 1529 est
958 1524 964 1535 ⁷
977 1503 1138 1538 procurabit
1149 1508 1176 1529 et
1191 1503 1343 1529 oblationes
1357 1503 1467 1529 habebit
1479 1513 1484 1536 3
1501 1502 1658 1538 capellanus
1670 1512 1735 1528 vero
1745 1502 1846 1529 domini
1860 1500 1937 1529 obla—

420 1556 506 1580 tiones
526 1563 575 1588 per
589 1558 674 1579 totum
692 1561 813 1577 annuum
828 1560 898 1586 quac
914 1550 948 1576 ad
968 1560 1078 1576 manum
1092 1550 1152 1584 ejus
1169 1551 1312 1582 venerint,
1329 1550 1441 1576 habebit
1452 1571 1457 1579 .
1474 1550 1594 1585 exceptis
1608 1549 1825 1576 solemnitatibus
1839 1550 1936 1577 natalis

423 1601 541 1627 nomini.
562 1600 757 1635 purificationis
774 1599 869 1625 beatae
887 1598 1007 1635 Virginis
1019 1619 1026 1630 ,
1046 1597 1165 1624 Paschae
1178 1603 1205 1624 et
1219 1598 1393 1624 Pentecostes
1407 1603 1434 1623 et
1448 1597 1568 1624 fidelium
1587 1598 1752 1630 animarum,
1771 1603 1799 1624 et
1817 1599 1937 1634 exceptis

420 1648 601 1674 oblationibus
620 1657 686 1683 quas
700 1646 857 1682 parochiani
875 1647 921 1681 qui
936 1650 1013 1672 extra
1027 1651 1147 1672 castrum
1159 1651 1301 1671 manerent
1311 1666 1317 1677 ,
1334 1645 1564 1680 quandocumque
1581 1644 1750 1677 obtulerint,
1767 1655 1835 1680 quas
1847 1645 1939 1681 capel-

420 1697 496 1721 lanus
511 1695 601 1721 abbati
623 1695 760 1720 restituet.
779 1693 819 1720 De
829 1693 894 1728 jure
911 1698 1001 1719 autem
1023 1692 1186 1728 parochialis
1203 1692 1333 1719 ecclesiae
1350 1701 1434 1728 super
1450 1701 1506 1728 quo
1525 1697 1681 1723 manentes,
1703 1695 1843 1719 venientes
1862 1693 1936 1728 apud

420 1748 536 1768 [astrum
548 1763 554 1773 ,
570 1741 698 1767 ecclesiae
717 1745 780 1766 sunt
797 1741 906 1766 obnoxii
920 1741 976 1766 sive
991 1739 1025 1766 de
1040 1740 1154 1766 infirmis
1169 1739 1211 1766 vel
1230 1740 1432 1766 visitationibus
1442 1761 1448 1772 ,
1470 1745 1495 1766 81
1510 1739 1667 1774 hujusmodi
1681 1740 1748 1766 nihil
1759 1741 1794 1767 sit
1804 1762 1811 1773 ⁷
1828 1741 1936 1776 penitus

419 1790 572 1825 usurpabit.
589 1788 748 1824 Capellanus
760 1797 825 1814 vero
838 1788 958 1820 abbatis,
974 1788 1082 1823 quoties
1096 1797 1158 1813 eum
1174 1788 1210 1813 ibi
1224 1793 1334 1813 cantare
1351 1787 1512 1823 eontigerit,
1529 1787 1681 1814 oblationes
1693 1797 1764 1823 quae
1780 1787 1813 1813 ad
1828 1797 1936 1814 manum

420 1847 493 1862 suam
505 1836 644 1867 venerint,
661 1836 786 1867 habebit,
802 1840 829 1861 81
841 1836 861 1861 51
873 1844 984 1861 necesse
1001 1834 1140 1861 estlumen
1154 1835 1187 1861 ad
1199 1835 1306 1861 missam
1320 1844 1396 1861 suam
1409 1835 1568 1870 procurabit
1582 1836 1653 1861 sicut
1667 1835 1824 1871 capellanus
1834 1835 1938 1862 domini

419 1884 451 1909 ad
467 1893 552 1909 suam.
571 1883 801 1918 Quotiescumque
821 1887 910 1908 autem
929 1881 1060 1915 capellam
1076 1882 1188 1917 proprio
1206 1882 1347 1917 capellano
1367 1891 1462 1908 carere
1478 1883 1642 1918 contigerit.
1668 1888 1817 1918 proventus
1836 1883 1882 1918 qui
1896 1884 1938 1909 in-

420 1931 496 1956 terim
510 1931 683 1965 provenerint
695 1950 701 1959 ,
717 1929 749 1954 ad
766 1938 830 1954 usus
847 1928 1013 1964 capellaniae
1027 1928 1211 1955 meliorandae
1221 1929 1421 1962 devolventur3
1437 1939 1491 1954 non
1506 1929 1579 1955 ultra
1592 1930 1674 1955 unius
1685 1931 1748 1956 anni
1759 1930 1877 1965 spatium
1892 1939 1938 1956 va—

419 1987 480 2003 care
489 1977 600 2003 debebit
609 1998 615 2006 ,
627 1976 674 2002 scd
683 1976 715 2002 ad
725 1976 936 2002 admonitionem
945 1976 1051 2002 abbatis
1060 1977 1080 2002 si
1090 1976 1216 2002 dominus
1227 1976 1399 2012 capellanum
1409 1977 1552 2003 instituere
1561 1977 1721 2013 neglexerit,
1735 1987 1785 2013 per
1794 1987 1936 2004 censuram

420 2024 635 2051 eeclesiasticam,
650 2024 671 2048 si
683 2032 792 2049 necesse
800 2028 852 2051 est.
865 2023 1056 2058 compelletur.
1068 2023 1106 2049 De
1120 2024 1275 2058 praemissis
1289 2029 1378 2050 autem
1389 2023 1546 2059 capellanus
1557 2024 1647 2050 abb'ati
1657 2029 1684 2050 et
1695 2023 1824 2051 ecclesiae
1835 2026 1940 2052 cautio-

422 2080 480 2096 nem
495 2070 660 2106 praestabit,
676 2074 703 2095 81
718 2069 875 2096 fidelitatem
890 2079 940 2105 per
955 2070 1169 2104 omniajurahit.
1185 2071 1222 2097 Ne
1238 2080 1303 2097 vero
1317 2070 1402 2096 abhas
1415 2075 1442 2097 et
1459 2070 1571 2097 ecclesia
1585 2071 1688 2106 aliquid
1700 2071 1827 2098 videatur
1842 2073 1884 2098 sui
1895 2073 1940 2107 ju-

422 2119 456 2143 ris
472 2118 526 2153 pati
539 2117 730 2143 detrimentum
741 2137 748 2148 ‚
768 2116 838 2142 infra
852 2117 1010 2152 parrochias
1028 2127 1090 2143 suas
1107 2127 1158 2153 pro
1174 2118 1427 2153 recompensatione
1446 2118 1549 2153 ubique
1563 2119 1590 2144 in
1602 2118 1721 2144 dominio
1735 2128 1795 2145 meo
1808 2119 1842 2146 de
1854 2121 1940 2155 pratis

422 2175 431 2189 x
439 2166 461 2191 el
475 2164 618 2199 paludibus
625 2173 695 2199 quae
703 2163 833 2189 dicuntur
840 2165 910 2198 bruc,
922 2164 1008 2191 libere
1018 2170 1044 2191 et
1053 2166 1110 2191 sine
1121 2164 1212 2200 aliqua
1221 2165 1437 2191 contradictione
1447 2165 1565 2191 decimas
1577 2165 1602 2190 in
1617 2170 1778 2200 perpetuum
1790 2166 1937 2193 obtinebit.

424 2214 455 2238 l‘t
469 2217 557 2237 autem
572 2211 637 2237 haec
650 2216 708 2236 rata
720 2216 745 2236 et
758 2211 917 2238 inconcussa
931 2213 956 2238 in
972 2222 1069 2238 aevum
1084 2218 1263 2248 permaneant
1275 2234 1282 2245 7
1300 2213 1433 2248 scriptum
1450 2212 1704 2248 cyrographisatum
1718 2213 1820 2248 placuit
1836 2215 1938 2240 mutuis

421 2260 513 2295 sigillis
530 2259 688 2285 auctorisari
702 2264 729 2284 et
746 2259 854 2285 testium
868 2259 1061 2286 subnotatione
1076 2260 1214 2286 roborari.
1235 2260 1347 2296 Signum
1367 2260 1479 2296 Sygeri.
1497 2260 1613 2295 prioris3
1630 2260 1749 2295 Aegidii‚
1765 2261 1936 2296 subprioris3

423 2308 450 2331 S.
467 2306 570 2342 Aegiali
582 2327 587 2333 .
603 2306 769 2340 praepositi.
785 2311 811 2331 et
827 2306 951 2332 Andreae
965 2312 992 2332 et
1005 2308 1090 2333 totius
1104 2313 1274 2341 conventus3
1289 2308 1317 2333 S.
1334 2307 1462 2333 Willelmi
1475 2328 1481 2338 .
1496 2307 1597 2333 domini
1612 2307 1645 2332 de
1659 2307 1766 2341 Ascha3
1783 2307 1811 2333 S.
1827 2307 1940 2334 Gosuini

423 2354 454 2378 tle
476 2353 575 2378 llideve
591 2358 618 2378 et
637 2352 750 2378 Gerardi
764 2352 798 2378 de
818 2352 998 2386 Ramesdonc,
1020 2354 1134 2380 militum
1149 2365 1155 2388 3
1171 2354 1200 2380 S.
1220 2354 1358 2380 Michaelis
1378 2354 1460 2380 Balivi
1483 2359 1510 2380 et
1525 2354 1644 2380 Thomae
1659 2354 1692 2380 de
1707 2353 1821 2380 Hasselt.
1842 2355 1938 2382 Actum

425 2400 495 2435 apud
512 2401 620 2432 Muive,
636 2409 707 2426 311110
722 2400 830 2426 Domini
846 2400 1018 2429 MCCXXHL
1036 2403 1062 2427 in
1076 2402 1219 2428 nativitate
1231 2402 1303 2428 beati
1318 2402 1450 2428 Johanuis
1465 2402 1611 2438 Baptistae.

1365 2458 1487 2490 Original.
1501 2466 1569 2482 sceau
1582 2467 1610 2482 cn
1624 2459 1671 2482 cire
1682 2459 1758 2483 brune
1773 2459 1939 2491 endommage.

1155 2539 1227 2550 l
