2118 3184
460 457 719 493 CHRONJCON
752 458 963 493 BALDUINI
992 457 1294 493 NINOYIENSIS.
1562 460 1629 493 679

125 572 158 599 et
178 566 249 611 ipse
266 565 366 612 Hugo
380 566 540 613 fugiens,
562 565 681 599 multis
702 577 847 598 suorum
869 566 1002 600 amissis
1017 593 1025 607 ,
1052 567 1106 600 vix
1131 567 1250 600 evasit.
1277 566 1392 607 Quem
1414 566 1559 600 Karolus
1580 567 1634 599 in-

123 624 300 670 sequitur.
324 623 518 656 Suessionis
542 634 653 668 usque
672 623 789 656 onmia
809 623 977 657 vastando
999 624 1209 669 peraccedit.
1232 625 1348 658 Remis
1367 625 1419 658 bis
1437 636 1631 673 aggressus.

124 693 206 715 cum
227 682 334 716 multa
359 680 486 727 pracda
508 680 831 726 archiepiscopum.
852 694 958 727 quem
975 681 1088 715 eidem
1106 682 1184 716 urbi
1200 695 1259 716 rex
1279 683 1380 731 Hugo
1400 683 1632 729 praefecerat.

123 747 157 774 et
176 739 349 787 quosdam
371 739 545 784 principes
564 739 657 784 capit
678 745 711 772 et
728 738 899 773 Lauduno
919 740 1061 787 relegat.

174 799 342 833 Martinus
356 810 463 844 papa,
484 797 594 843 quiet
610 797 766 831 Marinus
779 825 786 839 .
809 797 984 844 praesidet
1000 798 1099 831 annis
1119 799 1176 844 vij.
1197 799 1315 833 Fames
1334 800 1483 834 maxima
1499 812 1637 846 praeva-

125 858 201 892 luit.
224 857 264 891 ln
287 856 457 890 Hasbania
476 867 653 889 annonam
673 855 717 889 de
738 856 835 890 coelo
859 856 986 902 pluisse
1006 856 1227 890 contendunt
1241 884 1249 900 ,Ι
1273 858 1330 891 cui
1352 859 1456 891 etiam
1480 857 1635 903 pisciculi

124 915 223 950 mixti
249 915 464 948 ferebantur.
491 913 636 948 karolus
658 913 729 947 dux
759 915 921 948 moritur.
948 914 1031 948 Ouo
1054 915 1146 948 filius
1168 916 1242 960 ejus
1267 915 1424 949 succedit
1449 916 1483 949 in
1505 915 1636 949 ducatu

122 973 416 1008 Lothariensium.
438 972 553 1006 Remis
566 971 703 1017 synodo
718 979 944 1020 congregata.
959 972 1140 1015 Arnulfus.
1154 985 1262 1019 nepos
1276 973 1390 1007 Karoli
1405 973 1517 1008 ducis.
1530 986 1635 1020 quem

123 1033 197 1078 ipse
219 1031 426 1077 episcopum
448 1031 563 1064 Remis
583 1030 832 1073 substituerat.
854 1031 1013 1065 omnium
1034 1031 1169 1077 judicio
1186 1031 1412 1066 exordinatus
1432 1031 1632 1066 damnatur.

123 1089 186 1124 Cui
205 1089 414 1131 Gerbertus‚
431 1089 492 1135 qui
508 1095 542 1121 et
554 1088 749 1131 Johannes‚
767 1089 992 1123 substituitur
1004 1117 1012 1132 7
1028 1090 1207 1123 annitente
1221 1090 1370 1124 maxime
1386 1089 1559 1136 discipulo
1573 1102 1636 1124 suo

124 1148 299 1190 Roberto.
321 1148 391 1181 filio
411 1147 568 1195 Hugonis
589 1147 610 1180 F
614 1159 800 1181 raucorum
822 1148 924 1195 regis.
951 1147 1018 1181 Sed
1042 1148 1254 1194 quibusdam
1276 1161 1415 1183 causam
1437 1149 1637 1183 ventilanti-

122 1207 190 1240 bus
211 1219 282 1240 non
307 1206 460 1252 potuisse
482 1204 667 1253 degradari
693 1206 880 1240 Arnulfum
903 1206 1037 1253 absque
1060 1207 1268 1241 auctoritate
1289 1208 1417 1241 summi
1439 1208 1633 1253 pontificis.

124 1265 315 1300 Gerbertus
333 1264 514 1311 depositus
536 1276 572 1297 se
590 1264 740 1298 contulit
761 1264 806 1298 ad
825 1264 991 1298 Ottonem
1013 1265 1258 1311 imperatorem
1272 1292 1281 1308 .
1301 1266 1362 1312 qui
1386 1272 1420 1299 et
1439 1266 1511 1311 ipse
1531 1266 1637 1300 disci-

124 1323 228 1369 pulus
241 1323 316 1369 ejus
330 1323 461 1363 fuerat.
477 1321 539 1367 qui
555 1334 637 1355 eum
651 1322 857 1368 episcopum
873 1322 1172 1356 Ravennatensem
1183 1349 1192 1366 ,
1208 1322 1336 1357 deinde
1350 1335 1477 1369 papam
1492 1325 1621 1358 creavit

124 1380 232 1426 Cujus
251 1387 304 1415 est
321 1380 409 1414 illud
428 1379 664 1413 monosticum
687 1393 693 1412 :

265 1499 376 1526 Scandit
387 1499 421 1524 ab
432 1499 465 1525 lt.
481 1499 593 1534 (Remis)
607 1498 757 1525 Gerbertus
771 1498 804 1524 ad
820 1498 852 1525 R.
868 1498 1044 1532 (Ravennam)
1053 1520 1059 1531 .
1076 1504 1135 1534 post
1146 1508 1217 1534 papa
1229 1500 1324 1535 vigens
1334 1499 1367 1525 R.
1380 1499 1512 1533 (Romae.)

176 1618 292 1653 Odilio
304 1618 376 1652 1V⁰⁵
390 1619 498 1652 abbas
507 1618 743 1652 Cluniacensis
758 1618 908 1652 efficitur
921 1619 1096 1662 coenobii7
1107 1618 1206 1665 quod
1219 1631 1282 1665 per
1295 1631 1404 1653 annos
1420 1620 1464 1665 lvj
1479 1621 1569 1654 miro
1587 1633 1638 1654 re-

127 1677 266 1726 ligionis
279 1677 415 1711 fervore
429 1677 518 1710 rexit
534 1684 569 1711 et
583 1677 752 1723 provexit.
766 1676 836 1717 Qui
851 1676 1109 1711 misericordiae
1127 1676 1338 1725 redargutus
1356 1677 1556 1723 respondit:
1574 1677 1636 1712 «Si

127 1735 350 1772 damnandus
364 1748 457 1778 sum.
474 1736 565 1770 malo
582 1735 742 1770 damnari
760 1748 825 1782 pro
837 1735 1076 1770 misericordia
1089 1748 1195 1782 quam
1211 1748 1276 1782 pro
1286 1736 1434 1782 justitia.
1444 1752 1462 1768 n
1476 1735 1560 1770 Otto
1574 1737 1635 1770 im-

126 1802 268 1842 perator
277 1795 425 1829 Romam
435 1795 627 1840 profectus7
640 1795 856 1840 imperialem
866 1795 992 1841 accipit
1006 1794 1301 1828 benedictionem.
1315 1794 1518 1837 Gerbertus,
1532 1795 1593 1841 qui
1603 1801 1636 1828 et

130 1854 304 1901 Sylvester
316 1853 369 1887 vel
378 1853 489 1888 xV⁰⁵J
493 1853 662 1897 ohannes,
675 1854 851 1887 Romanae
866 1854 1028 1887 ecclesiae
1039 1852 1211 1899 praesidet
1219 1866 1240 1886 x
1251 1853 1441 1896 mensibus,
1450 1853 1512 1900 qui
1521 1859 1555 1886 et
1564 1853 1636 1898 ipse

126 1914 218 1947 inter
231 1912 374 1946 scientia
387 1912 584 1946 litterarum
598 1912 708 1946 claros
725 1912 880 1946 emicuit.
899 1911 1053 1953 Quidam
1063 1939 1072 1954 7
1088 1912 1155 1945 isto
1168 1911 1430 1958 praetermisso,
1447 1911 1635 1959 Agapitum

127 1978 285 2018 ponunt,
307 1972 391 2017 quia
404 1971 432 2004 is
449 1971 564 2017 primo
583 1971 778 2005 monachus
790 1998 798 2014 .
821 1970 949 2005 deinde
962 1977 1119 2016 apostata
1131 1997 1140 2013 ‚
1159 1971 1437 2018 nigromanticus
1453 1969 1598 2004 demum
1617 1982 1636 2002 a

127 2029 268 2064 diabolo
287 2029 332 2063 ad
351 2035 499 2063 mortem
517 2041 702 2075 percussus
716 2057 725 2072 7
741 2042 812 2063 non
826 2041 890 2075 per
905 2030 1034 2062 ostium
1051 2029 1196 2062 intrasse
1209 2028 1351 2062 dicitur.
1372 2029 1421 2062 De
1433 2041 1506 2075 quo
1519 2035 1635 2062 tamen

129 2088 274 2122 memini
285 2100 341 2121 me
351 2087 472 2135 legisse
481 2086 578 2134 quod
589 2087 681 2121 idem
691 2088 729 2121 in
738 2088 913 2133 responsis
925 2087 1059 2133 accepit
1066 2099 1086 2120 a
1095 2085 1266 2120 daemone
1275 2098 1311 2120 se
1325 2098 1396 2121 non
1408 2087 1632 2120 moriturum.

127 2147 335 2193 priusquam
350 2145 387 2179 in
404 2145 622 2180 Jherusalem
637 2146 778 2180 missam
793 2145 995 2179 celebraret.
1017 2144 1087 2186 Qui
1105 2144 1242 2178 decimo
1261 2151 1410 2190 papatus
1422 2145 1476 2178 sui
1494 2156 1612 2178 mense
1624 2172 1633 2178 .

128 2205 269 2238 missam
283 2204 428 2251 ignarus
441 2204 572 2238 Romae
586 2204 764 2238 celebrans
779 2203 824 2237 ad
842 2204 1021 2238 ecclesiam
1036 2203 1178 2237 nomine
1195 2202 1412 2236 Jherusalem
1423 2229 1431 2245 ‚
1448 2215 1538 2249 quae
1552 2203 1634 2236 olim

129 2262 265 2308 asylum
285 2261 379 2296 dicta
397 2268 448 2296 est
460 2289 469 2304 ,
489 2262 572 2308 quia
592 2274 668 2296 eam
690 2262 860 2296 Romulus
879 2274 1021 2296 reorum
1041 2261 1123 2295 fecit
1139 2261 1316 2309 refugium
1331 2288 1340 2304 ,
1360 2261 1584 2295 membratim
1600 2273 1635 2294 se

130 2320 280 2366 discerpi
294 2320 377 2354 fecit
390 2331 470 2353 vere
485 2320 680 2365 poenitens,
690 2319 882 2354 diabolicae
893 2319 1098 2365 prophetiae
1111 2318 1192 2353 dolo
1206 2318 1485 2366 cognito¹.Unde
1494 2331 1550 2352 me
1564 2331 1635 2353 non

133 2379 279 2413 minime
294 2384 411 2412 movet
423 2377 522 2424 quod
536 2377 681 2424 quidam
695 2379 793 2412 hunc
803 2379 915 2412 tribus
928 2378 1027 2412 annis
1041 2384 1192 2424 ponunt.
1205 2377 1430 2424 Quapropter
1443 2384 1477 2411 te
1488 2405 1497 2420 ,
1513 2378 1633 2412 lector.

130 2437 276 2472 obsecro
294 2442 468 2483 quatenus
487 2435 545 2470 hic
563 2436 616 2470 vel
630 2436 711 2470 alibi
725 2463 733 2479 ,
750 2437 862 2482 siqua
880 2435 1094 2470 dissonantia
1111 2441 1146 2469 te
1164 2434 1314 2470 offendit
1336 2434 1380 2470 de
1411 2435 1614 2470 nominibus
1625 2463 1633 2479 7

172 2567 179 2584 ¹
204 2565 241 2592 De
255 2565 296 2592 his
311 2565 409 2591 sabulis
421 2585 428 2598 7
446 2564 501 2590 vid.
517 2564 686 2591 Breviarium
700 2569 766 2600 qest.
783 2574 848 2591 rom.
861 2569 937 2600 pont.
952 2564 998 2591 Fr.
1016 2565 1095 2601 Pagi,
1111 2564 1135 2590 ll
1149 2585 1156 2597 ‚
1172 2563 1237 2592 281.
