2118 3184
462 452 725 488 CHRONICON
756 452 970 488 BALDUINI
999 452 1302 489 NINOVIENSIS.
1570 454 1638 488 711

118 567 309 596 coronatus
323 567 357 594 et
373 573 432 595 rex
451 561 667 607 appellatusq
689 567 770 595 ante
789 567 940 607 patrem,
959 561 1050 608 proh
1065 561 1179 605 dolor³
1198 568 1361 595 mortuus
1379 567 1443 595 est.
1463 560 1533 603 Qui
1547 562 1642 595 velut

117 619 205 654 alter
221 619 334 654 Titus.
354 619 462 653 totius
476 619 622 661 insulae,
635 619 745 652 immo
755 620 864 653 totius
880 626 965 654 tunc
980 620 1047 654 fuit
1062 620 1158 654 orbis
1172 632 1286 663 amor,
1303 620 1510 664 amicabilis,
1527 621 1640 655 forma

117 678 413 724 speciosissimus,
433 678 562 723 pietate
578 678 807 724 praecipuus.
830 690 908 724 spes
928 679 1171 712 insulanorum
1185 706 1193 712 .
1207 679 1364 725 justitiae
1379 679 1494 714 cultor
1509 686 1545 713 et
1562 692 1641 714 om-

117 736 223 770 nibus
240 736 427 783 gratiosus.
450 734 531 776 Quo
551 742 707 769 mortuo.
731 735 997 771 Pannoniorum
1017 737 1090 784 regi
1109 736 1190 770 data
1209 744 1261 771 est
1280 750 1369 771 uxor
1387 738 1475 783 ejus.

167 793 323 840 Corpora
338 794 446 828 trium
465 807 651 842 magorum
668 807 688 828 a
703 794 872 829 Rainaldo
882 822 891 838 ,
908 794 1106 830 Coloniensi
1123 795 1234 829 electo
1245 822 1253 833 ,
1271 796 1316 830 de
1330 796 1473 831 ecclesia
1487 796 1641 843 quadam

117 853 248 888 civitati
264 851 516 886 Mediolanensi
536 854 721 901 contigua.
747 853 928 887 Coloniam
948 854 1113 888 translata
1132 862 1226 888 sunt.
1249 854 1440 896 Quomodo
1460 862 1579 890 autem
1598 856 1642 891 dc

117 911 278 957 partibus
297 911 369 944 suis
389 911 555 945 translata
569 913 640 946 sint
653 911 995 959 Constantinopolim
1014 920 1048 947 et
1066 912 1149 947 inde
1168 913 1426 957 Mediolanum,
1448 915 1483 948 in
1498 916 1644 950 ecelesia

115 969 227 1004 saneti
248 969 341 1003 Petri
357 970 573 1005 Coloniensis
588 971 759 1006 traditum
777 972 968 1006 invenitur.

167 1029 270 1062 Anno
299 1028 440 1062 Domini
467 1028 639 1063 MCLXVI
658 1057 666 1073 7
691 1037 886 1064 conventus
911 1036 1030 1064 noster
1053 1042 1072 1064 a
1099 1031 1206 1064 veteri
1228 1032 1381 1066 claustro
1402 1031 1585 1067 descendit
1607 1035 1641 1068 in

116 1086 292 1133 templum
309 1094 490 1121 novum-et
504 1088 539 1121 in
555 1100 688 1122 novum
702 1088 909 1125 claustrum.
921 1095 956 1122 et
969 1089 1061 1122 sicut
1073 1101 1094 1122 a
1107 1090 1214 1123 veteri
1230 1091 1413 1125 materiato
1427 1093 1642 1126 transierunt

117 1144 163 1180 ad
183 1157 315 1180 novum
327 1172 337 1188 a
359 1147 405 1180 ita
424 1153 459 1180 et
473 1153 590 1180 vetera
607 1147 653 1180 ab
671 1159 732 1181 ore
749 1160 814 1181 suo
833 1147 1056 1193 projicientes
1070 1154 1104 1181 et
1122 1148 1159 1181 in
1179 1149 1333 1183 novitate
1350 1150 1495 1195 spiritus
1513 1152 1642 1185 ambu-

118 1204 247 1246 lantes,
265 1205 364 1251 quasi
377 1217 467 1238 nova
480 1205 641 1239 fecerunt
660 1206 779 1239 omnia
793 1232 801 1248 ·,
821 1206 906 1252 quia
920 1206 994 1239 sine
1013 1218 1197 1240 murmure
1209 1233 1217 1249 7
1235 1206 1318 1241 odio
1336 1208 1389 1241 vel
1403 1208 1639 1251 detractione„

118 1263 269 1297 invicem
278 1263 415 1297 honore
429 1270 464 1296 et
478 1264 615 1297 honore
628 1265 906 1310 praevenientes,
918 1264 1122 1310 hospitales7
1134 1265 1306 1299 charitate
1319 1266 1505 1310 ferventes7
1520 1275 1643 1302 euntes

118 1320 164 1355 de
180 1321 310 1355 virtute
328 1321 365 1354 in
383 1322 551 1355 virtutem
565 1348 574 1363 ,
595 1322 857 1356 renovabantur
870 1321 1031 1368 quotidie
1044 1323 1171 1368 spiritu
1191 1324 1318 1357 mentis
1335 1336 1419 1358 suae
1432 1352 1440 1367 ‚
1458 1326 1557 1371 quod
1570 1327 1642 1374 glo-

117 1380 211 1414 riosa
228 1379 322 1413 fama
339 1387 480 1414 sanetae
498 1381 676 1427 opinionis
691 1381 794 1429 longe
813 1381 953 1427 lateque
969 1393 1126 1427 respersa
1144 1389 1230 1417 tunc
1244 1384 1414 1429 temporis
1432 1391 1619 1419 attestante
1631 1413 1639 1427 ·.

118 1438 246 1472 clarius
261 1438 418 1472 innotuit
435 1438 536 1472 claris
556 1439 746 1473 miraculis.
770 1440 819 1473 De
838 1440 970 1485 quibus
989 1440 1157 1474 omnibus
1175 1434 1266 1487 cinae
1279 1441 1523 1476 Ninivensium
1542 1456 1642 1478 com-

119 1495 266 1530 mendat
282 1496 429 1530 historia
444 1523 452 1539 2
479 1497 538 1531 hjc
560 1498 683 1531 saltem
702 1497 775 1532 duo
798 1510 986 1544 ponemus.
1014 1498 1103 1532 Cum
1125 1499 1285 1545 ejusdem
1304 1501 1386 1534 novi
1407 1502 1530 1547 templi
1553 1515 1642 1536 nova

117 1560 297 1589 structura
317 1554 363 1589 ad
381 1555 579 1601 perfectum
598 1557 822 1600 excrevisset,
843 1563 879 1590 et
898 1563 978 1603 post
998 1556 1174 1591 diutinam
1196 1559 1347 1592 cementi
1365 1561 1642 1608 conglutinatio-

117 1626 200 1647 nem
219 1614 376 1662 ligneum
392 1621 713 1649 sustentamentum
729 1615 874 1649 fornicis
889 1616 940 1650 vel
959 1616 1124 1662 obliquae
1147 1617 1335 1651 testudinis
1347 1645 1355 1661 7
1381 1619 1640 1665 presbyterium

119 1672 352 1707 discernentis
374 1686 394 1708 a
417 1673 549 1717 choro„
575 1673 723 1720 quidam
749 1674 901 1708 fratrum
924 1686 988 1721 per
1010 1675 1121 1709 frusta
1144 1674 1188 1709 de
1212 1676 1338 1710 subtus
1361 1677 1533 1713 auferret*
1562 1691 1642 1712 mox

118 1743 202 1765 cum
217 1737 293 1765 toto
311 1731 529 1779 lignamento
548 1731 707 1778 lapidum
727 1732 868 1779 pondus
886 1733 1021 1767 corruit
1035 1734 1262 1775 universum3
1283 1746 1365 1768 cum
1384 1736 1516 1781 quibus
1534 1736 1643 1771 frater

117 1789 236 1823 subito
255 1789 439 1836 prolapsus
459 1790 496 1823 iu
514 1791 735 1836 pavimento,
760 1803 842 1825 cum
860 1790 1021 1837 undique
1039 1791 1228 1825 vallaretur
1242 1792 1337 1826 mille
1355 1793 1466 1827 immo
1485 1796 1642 1829 centenis

120 1847 277 1881 millibus
296 1847 457 1881 trabibus
474 1848 529 1882 vel
549 1848 746 1895 lapidibus⁷
767 1861 787 1883 a
806 1849 964 1895 periculo
982 1856 1102 1883 tamen
1123 1850 1247 1883 mortis
1265 1851 1435 1885 remansit
1452 1852 1640 1887 immunis.

120 1906 232 1940 immo
249 1905 316 1940 sibi
331 1917 397 1940 nec
416 1906 724 1955 membrifragium
744 1907 888 1954 reliquit
905 1908 1166 1954 praecipitium.
1184 1908 1257 1942 Nec
1274 1909 1388 1943 multo
1403 1916 1483 1956 post
1496 1910 1640 1957 quidam

121 1964 264 2008 nobilis,
279 1964 446 2010 superbia
460 1964 619 1999 tumidus
633 1972 668 1999 et
680 1965 833 2000 invidiae
841 1966 916 2000 zelo
929 1978 1135 2009 succensus,
1152 1965 1198 2000 ad
1212 1973 1350 2000 curtem
1366 1974 1524 2002 nostram
1534 1969 1643 2004 Boe-5-

120 2023 197 2057 Iaer
208 2034 404 2069 pransurus
417 2023 578 2067 accessit,
594 2024 656 2070 qui
672 2036 831 2058 mensam
845 2025 912 2059 sibi
925 2024 1132 2058 charitative
1143 2025 1375 2071 propositam,
1393 2039 1464 2060 non
1478 2028 1642 2062 refertam

120 2081 331 2115 lautioribus
348 2082 435 2115 escis
452 2087 488 2115 et
505 2094 588 2116 suae
603 2083 783 2131 gulositati
797 2084 1016 2117 calumnians
1036 2083 1272 2129 respuendam
1291 2085 1509 2120 furibundus
1523 2087 1643 2121 absces

120 2139 187 2183 sit,
207 2146 244 2173 et
257 2140 437 2188 ingressus
455 2151 622 2186 campum
641 2141 790 2175 extraxit
807 2141 987 2190 gladium,
1008 2142 1202 2188 ineptoque
1220 2143 1315 2176 ferro
1333 2149 1368 2176 et
1387 2155 1484 2177 more
1503 2145 1643 2179 insolito

121 2204 256 2245 segetes
270 2197 434 2239 messuit3
454 2197 517 2232 sed
532 2210 666 2232 messor
678 2200 906 2245 importunus
921 2200 1067 2233 messuit
1080 2206 1161 2234 ante
1175 2206 1328 2246 tempus.
1347 2201 1436 2236 Nam
1451 2208 1538 2237 tune
1552 2204 1643 2238 forte

121 2262 202 2302 post
214 2255 319 2290 flores
332 2256 442 2290 immo
455 2257 604 2303 sparsim
618 2257 737 2292 adhuc
751 2258 930 2302 florentes!
947 2259 1066 2307 granis
1075 2259 1150 2304 jam
1163 2266 1354 2305 coeperant
1366 2261 1535 2306 paulatim
1551 2269 1644 2296 tene-

124 2315 170 2348 ris
189 2315 370 2358 onustari,
391 2314 453 2348 sed
470 2327 543 2349 non
563 2316 628 2350 sibi
652 2316 828 2350 nefarium
852 2323 992 2363 tempus
1012 2317 1132 2351 messis
1154 2318 1364 2364 anticipatae
1383 2319 1436 2353 vel
1455 2319 1500 2354 ad
1518 2321 1643 2355 horam

121 2372 225 2407 cessit
242 2373 403 2419 impune.
422 2373 511 2407 Nam
531 2374 593 2420 qui
611 2375 711 2422 agilis
729 2381 764 2409 et
781 2375 956 2409 facundus
975 2376 1118 2410 alterius
1137 2376 1292 2410 laborem
1308 2378 1489 2422 metierat7
1506 2379 1644 2427 loquela

122 2431 384 2478 privatusilico7
397 2439 567 2478 perpetua
578 2433 726 2480 paralysi
737 2434 937 2480 percutitur
950 2441 985 2468 et
998 2435 1197 2479 insanabili,
1210 2435 1393 2470 insanabili
1403 2437 1519 2483 planet
1531 2451 1643 2485 quum

123 2489 243 2524 adhuc
255 2497 432 2536 superstes
447 2492 616 2526 membris
630 2492 804 2527 invalidus
819 2500 855 2527 et
866 2493 963 2527 velut
977 2494 1064 2527 alter
1079 2493 1173 2540 Cayn
1192 2505 1302 2542 vagus
1319 2501 1355 2528 et
1371 2496 1641 2531 tremebundus.

124 2560 187 2594 per
209 2548 357 2596 longum
376 2555 518 2596 tempus
540 2550 786 2594 balbutientis7
813 2552 924 2586 immo
947 2552 1103 2586 anniculi
1126 2552 1270 2586 infantis
1292 2565 1412 2597 more,
1440 2566 1518 2588 rara
1539 2556 1644 2588 verba
