2118 3184
782 389 1070 424 APPENDICES.
1619 386 1688 420 977

849 517 993 552 CCXCI.

167 609 232 643 Les
252 611 354 644 cures-s·
368 610 409 644 cle
427 609 564 644 Nineve
583 615 616 643 et
632 609 673 643 de
687 607 845 654 Neyyem
865 613 1025 640 attestent
1041 619 1106 653 que
1131 607 1236 641 Gilles
1253 607 1295 640 de
1318 606 1475 640 Bet-eren
1493 618 1516 639 a
1533 605 1652 639 donne'
1665 604 1687 638 ἁ

217 668 376 714 l'abhaye
383 695 393 710 2
400 680 475 715 par
483 668 598 712 formo
611 667 652 700 (lo
670 671 869 707 tes-tament,
886 678 935 698 un
948 677 1079 698 ‘recenu
1093 665 1229 698 ammel
1244 665 1284 697 (le
1294 665 1357 698 clia·
1371 664 1435 697 sols
1453 664 1494 697 do
1508 663 1543 697 F
1542 663 1667 697 [andro
1677 690 1686 704 ,

210 738 309 772 pour
330 738 392 759 son
407 727 654 759 anm'versm're
676 730 707 757 et
729 723 822 757 celm'
836 723 877 756 (le
896 734 957 756 son
973 721 1070 767 frdt'e
1085 749 1095 763 ,
1115 722 1156 756 de
1178 734 1237 756 son
1255 722 1312 766 fils
1329 727 1360 755 el
1372 722 1413 755 (le
1427 734 1467 755 sa
1477 722 1618 765 femme.
1641 741 1687 746 —

217 783 393 817 &Verrem

896 935 966 959 1299.

205 1017 344 1044 Universis
360 1023 518 1053 praesentes
531 1017 638 1043 titteras
651 1018 768 1050 visuris,
783 1016 868 1043 frater
881 1016 1021 1042 Johaunes
1036 1016 1070 1042 de
1084 1016 1179 1042 Ninive
1187 1021 1215 1042 et
1225 1016 1343 1041 Leonius
1353 1016 1387 1041 de
1398 1015 1519 1048 Allodio,
1535 1016 1688 1050 presbyteri

166 1065 254 1091 curati
265 1085 271 1095 ,
287 1064 402 1091 salutem
418 1065 445 1091 in
460 1065 576 1090 Domino
592 1069 619 1091 et
631 1065 754 1090 notitiam
770 1064 901 1090 veritatis.
919 1063 1054 1089 Noveritis
1064 1084 1070 1095 ‚
1086 1063 1161 1098 quod
1173 1062 1302 1098 Aegidius
1317 1063 1350 1088 de
1365 1063 1487 1088 Beverna
1497 1083 1503 1095 ,
1517 1063 1543 1088 in
1556 1067 1650 1088 nostra
1663 1067 1689 1087 et

166 1111 282 1137 aliorum
295 1111 348 1137 side
357 1111 502 1147 dignorum
516 1112 672 1147 praesentia
687 1111 868 1142 constitutus,
879 1110 977 1136 mentis
991 1119 1056 1136 suae
1064 1110 1134 1136 bene
1144 1119 1269 1145 compos,
1279 1114 1471 1135 testamentum
1481 1119 1560 1135 suum
1573 1109 1673 1135 faciens
1683 1129 1689 1135 .

167 1158 284 1184 contulit
297 1163 323 1185 et
337 1159 486 1193 assignavit
497 1159 563 1184 viris
575 1158 711 1194 religiosis
722 1162 874 1184 conventus
882 1157 1035 1183 Ninivensis
1044 1157 1077 1182 ad
1090 1166 1170 1183 usum
1186 1157 1316 1191 pitantiae
1325 1165 1391 1182 suae
1404 1156 1496 1182 decem
1506 1156 1607 1182 solidos
1615 1155 1690 1182 Flan-

167 1205 274 1231 drensis
285 1209 409 1231 monetae
421 1206 505 1230 annui
519 1210 546 1231 et
560 1205 688 1240 perpetui
703 1204 841 1235 redditus,
858 1213 941 1238 snpra
953 1213 1076 1229 mansum
1089 1203 1210 1229 Nicbolai
1222 1223 1228 1235 ‚
1243 1202 1380 1237 quondam
1390 1203 1455 1228 dicti
1472 1203 1558 1238 Cupre
1570 1203 1604 1229 de
1617 1203 1692 1229 Allo-

166 1251 356 1285 ‹lio‚jacentis
370 1251 471 1276 ibidem
487 1251 566 1285 juxta
584 1250 673 1277 sorum
699 1256 727 1276 et
748 1260 833 1285 supra
851 1255 938 1276 totum
953 1249 1034 1276 situm
1053 1259 1134 1275 suum
1149 1258 1210 1275 cum
1232 1249 1359 1274 domibus
1380 1253 1407 1274 et
1427 1248 1486 1274 aliis
1507 1249 1688 1284 appenditiis.

167 1298 338 1334 recipiendos
355 1303 382 1324 et
398 1298 540 1324 habendos
552 1308 567 1324 a
581 1298 654 1324 dicto
666 1302 803 1324 conventu
818 1302 880 1332 post
895 1302 1009 1322 mortem
1021 1296 1086 1322 dicti
1096 1296 1304 1327 Ae.testatoris‚
1317 1301 1349 1321 ut
1363 1295 1433 1321 idem
1447 1301 1600 1321 conventus
1614 1297 1692 1321 anni-

167 1345 319 1371 versarium
329 1344 451 1378 ejusdem
466 1345 527 1373 Ae„
539 1353 600 1370 cum
609 1344 775 1375 decesserit,
787 1344 851 1370 item
866 1342 960 1369 fratris
970 1343 1091 1379 Aegidii,
1107 1342 1246 1378 quondam
1257 1342 1305 1368 filii
1319 1342 1379 1376 ejus
1390 1347 1416 1368 et
1432 1342 1585 1378 Heilewigis
1599 1344 1691 1368 uxoris

169 1399 250 1423 suae,
270 1396 407 1425 perpetuo
422 1390 522 1417 debeat
538 1391 690 1417 celebrare.
710 1385 835 1416 Retinui't
855 1390 1010 1416 antedictus
1031 1394 1146 1416 testator
1161 1393 1325 1424 potestatem
1343 1388 1460 1415 addendi
1475 1410 1481 1421 ⁷
1504 1389 1644 1415 minuendi
1665 1395 1692 1415 et

167 1437 346 1472 praemissum
363 1438 592 1473 assignamentum
602 1459 608 1470 ‚
620 1438 642 1464 si
655 1446 765 1463 necesse
778 1437 829 1463 sibi
846 1436 905 1463 sore
919 1437 1029 1463 videtur
1038 1457 1044 1469 ‚
1056 1437 1083 1462 in
1101 1440 1179 1471 parte
1192 1441 1240 1462 aut
1252 1435 1279 1461 in
1296 1440 1354 1461 toto
1368 1436 1478 1470 penitus
1488 1435 1646 1462 revocandi.
1662 1436 1691 1461 In

166 1483 246 1517 cujus
266 1483 306 1509 rei
329 1484 513 1510 testimonium
530 1484 619 1520 sigilla
633 1488 727 1510 nostra
740 1484 773 1510 ad
789 1492 884 1519 preces
897 1483 963 1510 dicti
975 1483 1024 1510 Ae.
1037 1483 1176 1509 testatoris
1188 1482 1341 1517 praesentis
1358 1482 1458 1508 litteris
1475 1488 1539 1508 sunt
1558 1491 1688 1518 appensa.

166 1530 266 1556 Datum
287 1539 357 1556 anno
374 1530 479 1557 Domini
491 1530 642 1557 MCCXCIX
657 1552 663 1562 ‚
677 1540 767 1557 mense
781 1530 919 1557 Octobris.

1206 1574 1314 1605 Original
1325 1593 1330 1597 .
1343 1582 1413 1598 sceau
1428 1575 1525 1599 detrun.

832 1850 1010 1885 'CCXCIL

171 1943 218 1977 Le
240 1949 346 1977 comte
363 1943 404 1976 de
435 1942 465 1975 V
466 1945 545 1975 iane
558 1942 725 1987 confirmo
743 1939 767 1974 ἀ
784 1941 942 1987 l’abhaye
961 1940 996 1973 la
1014 1942 1210 1986 possession
1233 1939 1274 1972 de
1297 1939 1331 1972 la
1353 1939 1446 1973 (lime
1465 1939 1506 1971 (le
1531 1938 1637 1972 Men:
1663 1946 1694 1972 et

369 2001 427 2034 des
445 2006 567 2034 autre-s*
579 2000 677 2033 hiens
694 1999 814 2045 qzc’elle
831 2012 855 2032 a
875 1999 967 2033 dans
983 2003 1035 2032 oet
1051 1997 1201 2031 endroit.
1213 1996 1482 2031 —Lmnfflfflmfim

902 2174 973 2197 1299.

208 2258 308 2284 Notum
329 2257 363 2283 sit
383 2257 518 2282 universis
533 2261 692 2291 praesentes
708 2256 814 2282 {itteras
831 2255 996 2290 inspecturis
1010 2255 1052 2281 vel
1068 2254 1204 2281 audituris
1215 2274 1222 2286 ‚
1239 2253 1314 2288 quod
1334 2261 1383 2278 nos
1401 2250 1582 2283 Godesridus‚
1605 2260 1695 2277 comes

172 2304 336 2331 Viennensis
347 2324 353 2336 ,
369 2303 496 2329 dominus
504 2302 537 2329 de
551 2302 734 2338 Grimbergis,
750 2302 823 2328 viros
834 2301 987 2337 religiosos,
996 2301 1124 2327 abbatem
1136 2305 1163 2326 et
1172 2304 1338 2326 conventum
1349 2298 1382 2324 de
1396 2298 1492 2324 Ninive
1505 2297 1609 2323 ordinis
1619 2297 1697 2323 Prae-

173 2351 391 2383 moiistrateusi8‚
404 2350 496 2385 quitos
507 2349 655 2375 clamamus
668 2349 702 2375 de
716 2349 843 2375 omnibus
853 2358 884 2374 ac
899 2348 1013 2384 singulis
1025 2348 1157 2383 querelis,
1166 2347 1310 2373 calumniis
1323 2355 1372 2372 seu
1386 2345 1486 2377 causis⁷
1498 2353 1568 2380 quos
1582 2353 1631 2370 nos
1644 2353 1695 2379 pro

172 2398 252 2424 nobis
267 2397 310 2424 vel
326 2407 378 2433 pro
389 2397 614 2432 quibuscumque
628 2396 687 2422 aliis
702 2401 798 2422 contra
818 2396 906 2422 dictos
919 2396 1061 2432 religiosos
1078 2395 1212 2421 habemus
1228 2393 1271 2419 vel
1286 2393 1389 2419 hahere
1404 2392 1544 2427 potuimus
1560 2399 1649 2426 usque
1662 2391 1695 2416 ad

173 2453 315 2480 praesens.
332 2444 450 2479 Insuper
463 2442 594 2469 decimam
607 2452 702 2469 eorum
714 2442 748 2468 de
762 2442 838 2468 Mens
851 2463 859 2476 ‚
876 2451 923 2468 seu
938 2442 1009 2468 bona
1023 2441 1075 2468 alia
1085 2462 1092 2474 ‚
1112 2442 1133 2467 si
1146 2450 1201 2476 qua
1216 2445 1280 2466 sunt
1294 2447 1485 2474 quaecumque
1498 2437 1562 2464 dicti
1578 2437 1698 2473 religiosi

173 2500 222 2518 seu
237 2490 281 2517 alii
294 2491 403 2516 nomine
414 2489 573 2515 eorumdem
587 2490 614 2515 in
627 2489 698 2515 dicta
711 2489 839 2524 parochia
851 2489 886 2516 de
897 2489 986 2523 Mem,
999 2494 1027 2515 et
1042 2489 1068 2515 in
1083 2493 1142 2514 toto
1159 2487 1279 2513 dominio
1291 2495 1339 2512 seu
1358 2491 1432 2512 terra
1446 2490 1540 2511 nostra
1557 2484 1697 2510 Grimber-

296 2537 383 2570 Tou.
414 2536 459 2569 ΙΙ.
1524 2530 1593 2565 123
