2137 3131
423 333 493 368 890
1031 325 1319 361 AI’PENDICES.

422 448 447 467 et
463 441 555 477 viginti
569 440 637 465 duos
647 447 777 472 capones,
790 445 859 471 quos
873 435 936 461 mihi
948 435 1062 471 singulis
1073 435 1150 460 annis
1163 434 1196 460 ad
1209 433 1299 460 natale
1318 432 1427 459 Domini
1440 433 1550 458 nomine
1561 431 1685 458 redditus
1699 433 1840 468 praedicta
1851 434 1938 460 eecle-

422 489 459 514 sia
474 488 507 513 de
519 486 616 522 pratis,
630 485 687 511 sitis
700 484 726 509 in
741 482 868 518 parochia
879 482 913 508 de
926 481 1066 517 Apeltren,
1081 480 1187 507 solvere
1203 480 1363 511 tenebatur,
1381 478 1431 505 feci
1445 483 1536 504 autem
1550 478 1724 505 collationem
1733 479 1935 515 praedictorum

423 544 522 561 avenae
536 539 563 559 et
577 541 708 567 caponum
722 540 812 557 coram
827 529 916 555 villico
929 534 956 556 et
969 529 1087 555 scabinis
1100 528 1134 554 de
1151 527 1279 563 Apellreu
1289 547 1297 561 ,
1313 526 1442 553 adhibitis
1457 525 1585 552 omnibus
1599 525 1633 552 de
1645 526 1750 560 judicio
1763 527 1937 553 scabinorum

425 581 622 616 praedictorum
634 599 640 607 ,
663 586 734 612 quae
750 577 776 602 in
797 576 944 602 donatione
962 575 1119 609 hujusmodi
1140 574 1290 601 seeundum
1310 573 1398 609 legem
1413 572 1494 599 villae
1510 577 1590 599 erant
1605 572 1779 606 adhibenda,
1799 578 1827 599 et
1842 578 1938 600 eontra

424 636 514 653 omnes
535 625 678 651 molestare
700 623 743 650 vel
761 623 915 658 inquietare
937 622 1060 649 volentes
1078 622 1177 648 dictam
1195 620 1338 647 ecclesiam
1357 629 1442 655 super
1460 620 1616 646 memoratis
1635 629 1721 646 avena
1743 625 1771 646 et
1788 621 1940 656 caponibus

425 679 581 709 perpetuam
606 671 791 699 warandisiam
808 670 895 696 eidem
913 669 1042 696 ecclesiae
1060 669 1215 705 repromisi.
1234 668 1265 694 In
1284 668 1363 702 cujus
1384 668 1424 693 rei
1445 667 1628 693 testimonium
1652 672 1811 702 praesentes
1832 667 1938 694 litteras

424 719 561 755 praefatae
576 719 704 745 ecclesiae
721 717 823 744 contuli
841 716 921 753 sigilli
941 717 991 743 mei
1012 716 1160 743 munimine
1175 715 1332 742 roboratas.
1347 714 1445 740 Actum
1462 714 1489 740 in
1507 714 1610 740 octavis
1629 714 1702 741 beati
1722 714 1848 747 Martini,
1865 723 1937 741 anno

424 768 526 803 gratiae
538 765 699 793 MCCXLIV.

1300 808 1408 840 Original
1417 826 1423 838 ,
1435 815 1504 832 sceau
1518 815 1547 832 en
1559 808 1607 833 cire
1618 809 1693 833 brune
1705 808 1874 839 eudommage.

1142 880 1225 891 l

1105 1076 1251 1111 CXCVI.

426 1172 540 1206 Marte
565 1171 605 1204 de
630 1170 842 1211 Gaesbelc01,
867 1170 989 1216 e'pozese
1015 1170 1057 1204 de
1084 1169 1277 1215 Godefim'd
1296 1169 1338 1202 de
1361 1168 1543 1211 Louvam,
1571 1168 1756 1203 *reconnait
1778 1169 1897 1215 qu'elle
1917 1182 1940 1202 a

470 1231 539 1274 fait
555 1242 605 1263 un
624 1229 752 1262 accord
763 1240 844 1262 aveo
862 1228 1020 1274 l’ahhaye
1027 1255 1038 1271 ,
1054 1228 1296 1262 relativement
1313 1225 1337 1260 ἀ
1355 1227 1390 1261 la
1395 1229 1529 1273 justice
1546 1225 1569 1260 ἀ
1583 1227 1730 1269 rendre,
1751 1230 1784 1261 si
1797 1227 1941 1273 quelque

471 1287 551 1321 dem
567 1300 600 1321 se
615 1289 827 1321 commetcait
843 1284 868 1320 ἀ
889 1286 1058 1321 Cattlwm.
1074 1286 1293 1320 -ΟΑΤΤΗΕΜ,

1059 1462 1075 1483 Α
1086 1460 1206 1484 Gaesbeke
1213 1478 1220 1490 ‚
1234 1460 1305 1484 1244.

467 1553 520 1589 Ego
532 1552 614 1578 Maria
626 1573 631 1581 ,
648 1562 714 1578 uxor
729 1552 781 1578 viri
793 1551 892 1579 nobilis
903 1551 1005 1578 domini
1019 1550 1160 1578 Godefridi
1174 1551 1208 1578 de
1220 1550 1339 1578 Lovanio
1350 1571 1356 1582 ‚
1373 1551 1466 1577 fratris
1480 1551 1558 1577 ducis
1572 1551 1734 1578 Brabantiae
1743 1573 1749 1584 ‚
1765 1557 1861 1579 notum
1874 1552 1943 1580 facio

428 1600 616 1636 praesentibus
630 1605 657 1626 et
670 1599 771 1626 suturis
781 1621 787 1633 ‚
802 1600 877 1636 quod
892 1600 919 1626 in
933 1599 985 1626 hoc
998 1600 1113 1626 conveni
1129 1609 1191 1625 cum
1206 1599 1305 1625 abbate
1319 1604 1347 1625 et
1359 1604 1496 1626 conventu
1507 1598 1541 1624 de
1555 1599 1666 1632 Ninive,
1686 1604 1716 1625 ut
1733 1600 1755 1626 si
1767 1599 1860 1636 aliqua
1872 1599 1942 1626 facta

427 1648 551 1674 eveniant
565 1647 598 1673 de
610 1652 718 1673 caetero
732 1647 804 1673 infra
817 1647 948 1673 allodium
961 1646 1098 1673 dictorum
1112 1646 1219 1672 abbatis
1233 1651 1260 1672 et
1275 1651 1427 1673 conventus
1441 1645 1513 1682 apud
1531 1645 1638 1672 cathem
1648 1667 1654 1679 ‚
1671 1646 1746 1682 quod
1762 1646 1864 1673 dicitur
1876 1646 1944 1673 allo-

427 1696 500 1721 dium
518 1695 589 1720 beati
603 1694 745 1727 Aichadri,
762 1695 834 1721 inter
849 1694 973 1730 hospites
987 1703 1071 1730 super
1081 1694 1153 1720 idem
1167 1693 1297 1720 allodium
1313 1698 1454 1720 manentes
1464 1714 1471 1724 ,
1490 1703 1541 1729 pro
1555 1694 1657 1730 quibus
1671 1694 1748 1720 sactis
1763 1694 1946 1731 aliquajusti-

428 1744 464 1768 tia
477 1743 511 1767 sit
525 1741 645 1768 facienda
655 1762 661 1774 ,
684 1747 830 1777 antequam
848 1751 879 1768 ex
893 1747 972 1777 parte
987 1741 1089 1767 domini
1109 1741 1161 1767 mei
1177 1740 1220 1767 vel
1237 1750 1296 1767 mea
1314 1745 1428 1776 propter
1448 1741 1515 1767 haec
1531 1741 1623 1776 aliqua
1638 1741 1686 1767 fiat
1701 1741 1739 1768 ibi
1751 1741 1883 1777 pandatio
1894 1751 1942 1768 seu

429 1789 563 1824 quidlibet
575 1788 647 1814 aliud
657 1809 663 1821 a
680 1791 783 1814 moneri
798 1788 881 1815 debet
895 1788 979 1817 abbas
994 1788 1150 1823 praedictus
1163 1797 1195 1814 ex
1209 1793 1288 1823 parte
1304 1792 1397 1814 nostra
1409 1787 1450 1814 vel
1466 1787 1512 1814 ille
1525 1788 1573 1823 qui
1587 1787 1670 1814 suerit
1682 1788 1743 1814 loco
1754 1789 1839 1824 ipsius
1856 1789 1883 1814 in
1898 1798 1943 1815 ec-

427 1836 508 1862 clesia
522 1836 656 1862 Ninivensi
667 1856 673 1867 ,
689 1841 719 1861 ut
730 1835 763 1861 de
779 1835 856 1862 factis
870 1835 922 1861 illis
933 1836 990 1862 sive
1004 1834 1156 1867 forefactis,
1167 1835 1190 1860 si
1200 1835 1374 1870 contingant,
1387 1835 1524 1869 justitiam
1539 1834 1620 1861 saciat
1633 1835 1704 1861 sicut
1717 1834 1811 1861 debet.
1827 1835 1905 1871 Quod
1920 1836 1942 1862 si

429 1892 482 1909 non
497 1883 591 1909 lecerit
607 1883 690 1909 abbas
700 1904 706 1910 .
724 1883 764 1909 vel
782 1883 827 1909 ille
844 1883 891 1919 qui
905 1883 965 1909 loco
979 1883 1085 1909 abbatis
1097 1883 1194 1916 fuerit,
1215 1891 1266 1918 ego
1282 1887 1310 1908 et.
1322 1882 1449 1908 dominus
1465 1891 1542 1908 meus
1556 1882 1619 1908 inde
1633 1882 1780 1915 faciemus,
1793 1883 1942 1909 seeundum

429 1930 500 1965 quod
515 1931 541 1956 iu
555 1930 667 1956 consilio
681 1935 774 1956 nostro
788 1931 968 1957 inveniemus.
985 1930 1015 1956 In
1030 1930 1109 1964 cujus
1125 1930 1166 1956 rei
1178 1930 1363 1956 testimonium
1378 1935 1538 1965 praesentes
1552 1929 1657 1956 litteras
1671 1929 1802 1965 praefatis
1812 1929 1904 1956 abbati
1918 1935 1943 1956 et

429 1979 587 2009 conventui,
602 1978 690 2014 sigillo
704 1988 763 2004 meo
776 1978 878 2004 contuli
891 1978 1043 2004 roboratas.
1057 1978 1153 2004 Actum
1166 1977 1239 2013 apud
1251 1977 1402 2008 Gazebeca,
1419 1976 1486 2004 feria
1501 1977 1597 2013 quinta
1609 1982 1670 2012 post
1684 1982 1793 2003 octavas
1807 1977 1926 2003 Paschae
1937 1997 1943 2008 ,

431 2034 500 2051 antio
514 2025 619 2051 Domini
634 2025 796 2051 MCCXLW.

1272 2071 1379 2103 Original
1389 2090 1395 2099 ,
1411 2079 1480 2096 sceau
1492 2079 1521 2095 en
1535 2072 1581 2096 cire
1599 2076 1662 2095 verte
1677 2071 1844 2102 endommage.

469 2455 473 2468 ἒ
490 2456 547 2475 Ευιυ·
559 2454 619 2475 danie
629 2460 661 2475 cst
669 2463 720 2476 aius·
731 2457 828 2476 nommee
840 2456 891 2476 dau«
904 2457 923 2476 le
933 2458 1046 2477 cartulaire
1058 2457 1084 2478 dc
1096 2458 1192 2478 Matium,

2111 1865 2119 1871 ι

2128 1696 2137 1894 ..-μ-...Α
2136 1644 2137 1651 ᾼ
