2118 3184
204 2580 291 2614 Τοι.
323 2581 363 2614 ll.

530 416 754 451 CHRONICA
784 416 950 451 AEGIDII
979 417 1020 451 LI
1049 417 1211 452 ML’ISIS.

520 524 614 558 l‘ltra
633 524 778 558 modum
799 533 946 572 regnant
966 525 1073 559 modo
1092 526 1272 571 superbia,

522 583 630 616 Prava
646 582 820 628 cupiditas
833 611 840 617 .
863 584 944 631 gula
957 611 965 619 .
988 585 1124 618 luxuria
1138 611 1145 625 2

520 642 560 674 Et
578 641 676 687 quod
695 641 889 676 dolendum
908 650 980 677 est.
999 650 1135 677 caetera
1156 644 1248 677 vitia.

423 699 492 733 320
520 700 652 734 Omnes
670 708 751 734 sunt
772 709 954 747 peccantes
973 709 1004 735 et
1025 709 1127 749 egent
1147 703 1277 749 gratia:

520 759 691 806 [legentes
709 760 879 805 populum
900 760 967 793 hoc
986 773 1088 806 saepe
1109 761 1285 794 sentiunt.

520 818 607 851 Nam
628 819 862 852 correctiones
879 820 996 853 cuncti
1017 819 1234 865 despiciunt:

518 877 552 910 Si
573 878 633 924 qui
655 878 721 911 sint
743 877 920 911 defectus.
943 878 1028 912 illud
1046 878 1256 924 respiciunt.

519 935 726 969 omittendo
746 937 879 969 bonum
901 949 995 970 nuuc
1015 937 1104 970 mala
1124 936 1279 970 faciunt:

423 993 493 1028 325
522 994 593 1029 Hoc
611 1002 661 1028 est
681 995 882 1040 probabile7
904 996 986 1042 quia
1005 995 1123 1029 cuncti
1142 994 1258 1028 vident

519 1053 626 1094 Quod
646 1054 786 1099 reprobi
806 1054 918 1087 bonos
937 1055 1074 1100 saepius
1093 1053 1256 1087 irrident.

521 1114 635 1158 Atque
654 1124 760 1158 super
780 1113 882 1146 bonis
902 1124 1024 1146 eorum
1046 1111 1223 1145 invident.

520 1171 592 1205 Nee
610 1171 721 1204 celare
741 1178 886 1217 possunt
905 1172 990 1217 quin
1010 1183 1112 1216 saepe
1130 1169 1319 1215 trepident.

521 1229 585 1263 [bi
605 1236 687 1262 sunt
706 1230 871 1272 virtute&
893 1230 954 1263 ubi
974 1229 1204 1263 dominantur

425 1286 494 1322 330
522 1288 678 1321 Humiles
698 1295 732 1321 et
750 1289 832 1322 casti
849 1288 863 1320 P
881 1288 981 1321 Certe
1000 1287 1252 1333 reprobantur.

519 1346 559 1379 Et
579 1346 749 1379 caritativi
768 1347 905 1392 saepius
923 1352 1132 1387 causantur„

517 1403 648 1437 Fideles
665 1410 844 1449 sperantes
860 1404 895 1436 in
916 1404 987 1437 Deo
1007 1403 1233 1437 damnantur.

516 1462 703 1496 Horribilia
721 1468 804 1495 sunt
821 1462 940 1495 omnja
959 1461 1149 1495 mundana.

517 1521 663 1567 Semper
681 1527 733 1554 est
751 1521 797 1554 ad
815 1521 948 1554 malum
966 1533 1078 1567 prona
1096 1531 1195 1553 mens
1213 1519 1388 1553 humana:

420 1579 491 1615 335
517 1580 697 1626 Sapientes
716 1580 779 1613 viri
798 1586 965 1626 reputant
979 1580 1138 1625 profana.

517 1639 585 1673 Sed
598 1667 606 1683 7
627 1651 648 1673 o
668 1640 760 1673 bone
777 1638 876 1673 Jesu!
901 1639 1020 1687 plagas
1034 1639 1120 1672 tales
1138 1651 1220 1672 sana
1233 1666 1241 1681 ,

516 1699 603 1732 Nam
623 1711 686 1745 per
705 1705 820 1732 totum
840 1698 1017 1732 mundum
1035 1698 1277 1732 universaliter

518 1760 673 1804 Apparet
692 1757 736 1791 de
755 1764 874 1805 gestu2
897 1758 1042 1801 vestitu,
1060 1757 1211 1804 qualiter

517 1817 666 1860 Divite&
689 1829 860 1863 pauperes
879 1829 975 1850 nunc
993 1823 1076 1850 sunt
1093 1816 1342 1850 communiter.

420 1874 490 1908 340
519 1876 613 1909 Talia
631 1882 725 1909 certe
747 1882 830 1909 sunt
848 1876 883 1908 in
902 1876 1081 1909 infernum
1101 1876 1179 1908 iter.

517 1934 587 1975 Qui
606 1935 765 1968 laborare
783 1934 858 1968 vult
876 1935 913 1968 in
933 1934 1072 1968 Domini
1092 1945 1203 1967 messe

517 1993 664 2040 Semper
685 1992 877 2027 meditetur
894 1999 934 2027 ut
952 1993 1039 2027 sciat
1055 1992 1207 2026 subesse.

517 2052 587 2092 Qui
605 2052 747 2086 subesse
765 2052 876 2086 nescit
895 2064 967 2085 non
985 2051 1092 2085 debet
1110 2062 1280 2096 praeesse.

514 2110 603 2144 Nam
624 2111 695 2144 Deo
713 2111 854 2144 subesse
873 2122 1012 2156 semper
1031 2116 1082 2143 est
1100 2120 1251 2143 necesse.

418 2168 489 2203 345
515 2169 585 2209 Qui
603 2169 692 2203 male
711 2170 863 2203 rexerint
882 2176 975 2203 certe
994 2168 1188 2214 punientur
1209 2180 1216 2199 z

514 2227 679 2261 Potentes
697 2234 860 2273 potenter
878 2240 1028 2274 poenam
1047 2227 1238 2272 patientur.

517 2286 649 2333 Regere
668 2286 823 2320 volentes
841 2285 937 2320 istud
955 2285 1172 2319 meditentur

518 2345 559 2377 Et
576 2356 647 2377 non
668 2343 886 2378 affectabunt
904 2344 1002 2391 quod
1021 2344 1280 2390 praeficiantur.

520 2401 666 2448 Quare?
691 2405 775 2449 quia
802 2405 904 2437 nasci
923 2415 1061 2450 poena,
1085 2402 1185 2436 labor
1208 2405 1299 2445 vita*⁴
1327 2415 1459 2437 necesse

582 2464 685 2495 mori.

518 2520 587 2561 Qui
608 2532 730 2569 regere
749 2521 869 2567 cupis7
888 2521 953 2555 ista
972 2520 1174 2564 considera7

1550 437 1559 442 ·
1575 416 1619 451 33
