2118 3184
440 585 511 620 :250

533 417 757 452 CHROMCA
788 417 953 451 ,xEflan
984 417 1024 450 Ll
1053 416 1218 450 MUISIS.

536 526 649 559 Cerno
668 525 764 571 quod
786 526 819 558 in
837 526 930 559 clero
950 526 1105 573 frigescit
1123 525 1267 559 caritas.

540 585 775 618 Dissensiones
794 591 893 618 sunt.
911 585 983 629 jam
1004 596 1073 618 non
1093 591 1143 618 est
1164 584 1278 617 unitas
1291 611 1298 616 .

541 644 677 689 Ubique
696 643 895 676 succumbit
910 650 945 676 et
963 643 1039 676 silet
1056 643 1199 679 veritam

538 702 674 747 Corpus
692 708 743 735 est
758 703 790 735 iu
809 702 938 748 templo
952 729 959 735 .
981 701 1042 735 sed
1061 714 1122 735 cor
1142 714 1203 747 per
1220 702 1370 735 semitas.

540 761 710 795 Ecclesiae
729 768 838 795 status
857 762 990 808 ubique
1010 767 1189 802 mutatur.¹

539 821 576 854 El
597 822 783 862 beneficia.¹
806 821 896 855 sicut
915 821 1047 866 placen
1069 820 1210 854 dantur.

539 880 608 920 Qui
630 892 700 913 non
720 881 849 914 habent
870 879 1008 922 dolent,
1032 880 1200 913 habentes
1219 879 1401 913 laetantur.

540 939 652 985 Super
671 940 740 973 hoc
759 939 901 985 plurimi
919 946 1144 973 murmurant
1161 946 1195 973 et
1215 939 1345 972 fantur,

541 999 590 1032 De
609 998 778 1045 religiosis
797 998 885 1044 quid
904 1010 1041 1044 possem
1060 998 1203 1032 dicere?

540 1058 602 1091 Vix
622 1058 740 1104 plures
759 1057 920 1091 moderni
939 1058 1066 1091 nolunt
1083 1057 1245 1091 obedire:

540 1117 609 1158 Qui
629 1117 789 1165 religiose
807 1117 966 1150 solebant
984 1117 1098 1150 vivere
1111 1144 1119 1159 7

540 1176 643 1210 Nune
661 1176 828 1209 secularia
848 1176 970 1208 volunt
990 1176 1138 1209 revisere
1159 1189 1165 1208 t

543 1235 608 1268 Ubi
627 1235 796 1268 stabilitas
810 1261 818 1277 e
840 1235 901 1267 ubi
921 1234 1082 1276 devotioff

542 1294 606 1327 Ubi
625 1294 800 1339 reperitur
816 1305 958 1326 morum
978 1293 1182 1326 conversio?

540 1352 647 1386 Modo
666 1352 787 1385 volunt
806 1352 924 1397 plures
943 1351 993 1384 uti
1014 1351 1058 1384 (le
1077 1351 1233 1396 proprio.

540 1411 631 1444 Haec
649 1416 701 1443 est
719 1422 823 1444 causa
841 1421 952 1456 quare
969 1409 1061 1455 perit
1080 1409 1214 1457 religio.

495 1490 503 1500 .
542 1469 671 1503 Omnia
689 1469 847 1503 solebant
866 1481 939 1502 esse
958 1469 1160 1502 communia
1183 1481 1189 1501 t

543 1528 650 1562 Modo
670 1529 791 1562 volunt
811 1528 930 1574 plures
949 1528 1079 1562 habere
1099 1528 1252 1574 propria.

543 1588 634 1622 Haec
652 1588 860 1635 perditionis
878 1595 930 1621 est
948 1588 1094 1621 omnino
1111 1589 1182 1622 via.

544 1648 633 1682 Nam
652 1648 701 1681 sic
720 1647 843 1695 religio
861 1647 958 1681 vadit
976 1659 1038 1693 per
1057 1646 1169 1681 devia.

544 1707 612 1741 Per
631 1707 806 1741 mundum
826 1713 973 1752 apparet
990 1707 1142 1753 qualiter
1159 1718 1194 1740 se
1212 1714 1339 1755 gerunt
1355 1734 1362 1740 .

544 1766 586 1800 Et
603 1766 724 1813 quales
742 1766 884 1800 habitus
903 1777 1026 1799 omnes
1044 1776 1134 1811 pene
1152 1766 1283 1799 ferunt.

544 1825 614 1860 Sed
632 1826 768 1872 antiqui
788 1831 903 1871 patres
920 1825 967 1858 ita
985 1837 1056 1859 non
1076 1825 1236 1859 fecerunt
1248 1851 1256 1867 ·,

544 1886 634 1920 Nam
654 1885 814 1933 religiose
832 1896 970 1930 semper
988 1896 1023 1917 se
1043 1889 1239 1931 gesserunt.

546 1946 607 1989 Et‚
628 1958 649 1979 o
668 1946 761 1979 hone
779 1946 860 1979 Jesu
875 1944 881 1977 !
904 1944 950 1978 da
969 1943 1104 1977 cunctis
1122 1943 1259 1976 veniam
1273 1970 1280 1975 .

546 2005 640 2054 Rege
659 2010 807 2038 matrem
828 2010 983 2037 nostran]
1003 2008 1158 2036 sanctam
1179 2001 1377 2035 ecclesiam.

499 2085 507 2094 ·
547 2065 662 2105 Quam
681 2070 721 2097 tu
740 2063 847 2097 modo
860 2062 958 2096 vides
977 2062 1012 2095 in
1031 2061 1151 2095 multis
1170 2060 1307 2094 dev-iam
1325 2088 1332 2093 .

548 2124 722 2157 Revocare
739 2129 839 2168 potes
858 2133 980 2155 omnes
997 2132 1060 2166 per
1077 2120 1241 2168 gratiam.

546 2182 795 2228 Superioribus
813 2181 858 2215 da
877 2181 967 2214 bene
987 2191 1125 2227 regerffi

548 2241 706 2275 Subditis
723 2241 889 2274 omnibus
908 2240 956 2273 sie
974 2240 1022 2273 eis
1042 2251 1183 2284 parere7

551 2301 591 2333 ln
609 2300 746 2334 cunetis
764 2299 865 2333 licitis
885 2310 1023 2344 semper
1041 2297 1185 2331 obedire
1198 2324 1206 2340 a

452 2358 524 2393 280
553 2359 596 2393 Ut
613 2358 657 2393 ad
674 2364 709 2392 te
728 2358 860 2404 pariter
879 2357 1014 2403 possint
1032 2357 1226 2403 pervenire.

814 2445 866 2479 De
882 2445 1111 2479 secularibus.

550 2526 580 2560 O
600 2538 681 2570 vos7
701 2525 874 2560 seculares
892 2536 1014 2558 omnes
1026 2551 1035 2567 .,
1055 2524 1116 2571 qui
1136 2524 1274 2572 regitis.

1564 414 1629 448 -231
