2137 3131
452 402 521 436 794
1059 370 1348 430 APPENDICE‘S.

451 511 566 536 exclusis
575 508 810 535 exconmunicniis
821 511 847 532 et
856 505 1021 536 interdictis,
1035 513 1088 529 non
1100 502 1214 538 pulsatis
1222 501 1361 536 campanis
1369 520 1375 532 ,
1386 508 1534 535 suppressa
1541 508 1608 525 voce
1616 499 1708 526 divina
1717 500 1803 526 officia
1810 499 1962 527 celebrare.

453 558 504 583 l'ro
512 558 635 583 crismate
644 564 718 583 vero,
730 553 790 579 oleo
800 557 903 583 sancto,
916 549 1168 577 consecrationibus
1175 547 1362 579 ecclesiarum,
1373 546 1593 573 ordinationibus
1601 545 1764 573 clericorum
1774 548 1821 582 qui
1830 547 1864 573 ad
1874 556 1965 574 sacros

452 605 559 630 ordines
572 603 672 628 suerint
682 599 873 636 promovendi.
887 600 944 624 sive
954 598 1052 623 abbate
1065 594 1252 623 benedicendo
1267 604 1315 621 seu
1330 594 1489 620 reducendo
1504 594 1537 620 ad
1550 594 1656 624 sedem,
1674 593 1716 620 vel
1726 593 1896 629 quibuslibet
1907 594 1967 620 aliis

450 649 636 676 ecclesiasticis
644 648 830 676 sacramentis,
840 646 932 672 nullus
941 654 956 671 a
969 645 1046 671 vobis
1055 644 1097 670 vel
1109 643 1160 669 sub
1173 643 1288 669 obtentu
1300 642 1517 675 consuetudinis,
1533 647 1581 667 aut
1594 641 1719 677 quolibet
1732 641 1785 667 alio
1794 641 1874 668 modo
1886 642 1967 678 quid-

449 707 528 732 quam
543 696 640 721 audent.
656 694 803 730 postulare.
822 693 907 718 Novas
920 701 1031 727 quoque
1044 696 1071 717 et
1084 690 1219 716 indebitas
1233 689 1387 715 exactiones
1400 689 1435 714 ab
1447 688 1675 724 archiepiscopis.
1694 688 1830 724 episcopis
1843 697 1892 715 seu
1903 688 1964 715 aliis

448 743 643 769 ecclesiasticis„
654 740 857 766 secularibusve
867 739 990 774 personis
999 739 1023 763 in
1035 737 1156 764 ecclesiis
1167 736 1265 762 vostris
1273 736 1383 761 omnino
1393 736 1452 761 t'ieri
1463 735 1651 770 prohibemus.
1662 735 1780 771 Insuper
1788 740 1879 762 autem
1889 745 1966 771 apos-

448 790 528 815 tolica
543 789 706 814 auctoritate
719 788 845 814 duximus
858 786 1037 812 inhibendum
1047 806 1053 815 ,
1069 794 1103 811 ne
1119 785 1205 820 ipsius
1218 784 1271 810 loci
1284 783 1453 810 advocatiam
1469 783 1544 809 ullus
1558 788 1688 819 usurpet,
1709 783 1752 809 vel
1766 792 1838 819 quae
1854 783 1888 810 ad
1903 793 1966 810 eum

449 837 585 871 pertinent
599 844 727 870 gravare,
743 844 791 860 seu
804 833 973 869 quibuslibet
988 832 1117 858 indebitis
1128 830 1315 858 exactionibus
1329 829 1445 866 fatigare
1458 835 1632 865 praesumat,
1645 830 1693 857 sed
1706 830 1747 856 his
1757 832 1804 866 qui
1814 831 1968 867 antiquitus

446 884 531 909 cidem
547 883 710 909 monasterio
723 890 851 908 concessa
865 885 928 906 sunt
941 901 947 912 ⁷
963 885 990 905 et
1003 879 1181 912 adjustitiam
1196 887 1272 904 suam
1288 878 1443 913 pertinent,
1459 882 1605 903 contentus
1623 877 1731 904 existat.
1747 877 1775 904 Si
1793 878 1856 913 quis
1873 882 1966 905 autem

446 931 529 956 laicus
544 930 661 955 decimas
674 938 742 964 quas
755 928 876 959 detinet,
892 927 950 953 sine
965 926 1133 962 praejudicio
1148 925 1262 951 alterius
1276 924 1407 951 ecclesiae
1421 924 1455 951 de
1471 933 1607 950 consensu
1627 925 1748 960 episcopi
1762 925 1840 951 vobis
1856 925 1969 952 duxerit

445 978 552 1013 pietatis
570 977 669 1002 intuitu
684 975 864 1011 indulgendas
881 974 1031 1009 recipiendi
1053 979 1080 1000 et
1093 973 1244 1003 retinendi,
1261 972 1376 998 liberam
1390 972 1467 998 vobis
1483 972 1632 998 tribuimus
1649 972 1818 999 facultatem.
1840 972 1968 1000 Obeunte

446 1035 509 1052 vero
521 1030 547 1050 tc
557 1033 628 1049 nunc
641 1023 762 1057 ejusdem
775 1023 825 1048 loci
839 1022 938 1047 abbate
947 1042 953 1050 ,
970 1021 1012 1047 vel
1027 1027 1137 1047 tuorum
1148 1020 1273 1056 quolibet
1285 1028 1474 1045 suceessorum
1488 1019 1582 1045 nullus
1594 1019 1631 1045 ibi
1643 1018 1767 1054 qualibet
1781 1020 1964 1055 surreptionis

445 1074 542 1099 astutia
552 1093 558 1099 .
574 1080 621 1097 seu
632 1070 760 1097 violentia
770 1074 967 1105 praeponatur,
983 1069 1034 1094 nisi
1045 1078 1127 1104 quem
1139 1068 1237 1094 fratres
1249 1067 1386 1093 communi
1397 1076 1533 1093 consensu
1545 1066 1589 1093 vel
1601 1066 1718 1092 fratrum
1727 1067 1814 1101 major
1826 1076 1889 1102 pars
1899 1077 1966 1094 con-

444 1120 495 1146 silii
510 1119 638 1149 sanioris,
655 1116 804 1143 secundum
816 1116 866 1142 Dei
877 1116 1001 1142 timorem
1011 1121 1038 1142 et
1049 1116 1121 1141 beati
1131 1114 1279 1151 Augustini
1290 1114 1412 1149 regulam
1429 1113 1775 1150 providerinteligendum.
1785 1113 1964 1141 Decernimus

445 1168 516 1202 quod
529 1171 558 1191 ut
569 1165 635 1191 nulli
644 1164 753 1191 omnino
766 1163 905 1190 bominum
918 1162 999 1189 liceat
1012 1162 1166 1198 praefatum
1176 1161 1371 1188 monasterium
1380 1166 1483 1187 temere
1496 1161 1674 1196 perturbare,
1688 1165 1735 1186 aut
1744 1161 1804 1194 ejus
1817 1163 1967 1196 possessio-

445 1223 492 1239 nes
503 1213 622 1243 auferre7
633 1212 675 1237 vel
687 1211 792 1237 ablatas
805 1211 940 1241 retinere,
955 1210 1078 1236 minuere
1092 1219 1141 1235 seu
1155 1208 1325 1244 quibuslibet
1338 1209 1528 1235 vexationibus
1542 1207 1657 1244 fatigare
1666 1229 1673 1240 ‚
1688 1208 1735 1234 sed
1755 1210 1845 1235 omnia
1858 1209 1967 1245 integra

444 1265 640 1287 conserventur
655 1269 748 1285 eorum
765 1268 815 1294 pro
829 1267 948 1294 quorum
967 1258 1168 1293 gubernatione
1181 1267 1212 1283 ac
1226 1257 1426 1283 sustentatione
1443 1265 1571 1282 concessa
1586 1261 1667 1288 sunt,
1687 1256 1784 1282 usibus
1803 1257 1967 1284 omnimodis

447 1308 607 1343 prot'utura3
621 1307 694 1333 salva
708 1306 780 1332 sedis
793 1305 959 1342 apostolieae
973 1305 1138 1331 auctoritate
1149 1326 1155 1337 ‚
1171 1305 1342 1331 etdiocesani
1352 1305 1473 1339 episcopi
1486 1304 1617 1330 canonica
1625 1305 1795 1339 reverentia3
1807 1305 1829 1331 si
1842 1314 1897 1340 qua
1905 1307 1968 1341 qui-

444 1356 503 1381 dem
521 1355 546 1380 in
560 1355 684 1380 futurum
697 1354 878 1379 ecelesiastica
894 1352 1060 1379 secularisve
1074 1361 1191 1388 persona
1203 1352 1273 1378 hanc
1285 1357 1395 1378 nostrae
1408 1351 1612 1378 constitutionis
1626 1351 1753 1387 paginam
1765 1352 1854 1379 sciens
1868 1357 1964 1379 contra

444 1413 500 1428 eam
520 1408 620 1428 temere
634 1402 727 1427 venire
739 1401 904 1433 tentaverit,
923 1400 1062 1432 secundo„
1080 1400 1162 1426 tertio
1179 1399 1361 1431 commonita,
1381 1399 1431 1425 nisi
1449 1404 1555 1425 reatum
1577 1409 1656 1425 suum
1679 1400 1762 1435 digna
1780 1398 1966 1426 satisfactione

446 1450 609 1477 vorrexeriu
625 1449 766 1484 potestatis
780 1448 949 1483 honorisque
963 1448 1005 1473 sui
1015 1448 1149 1484 dignitate
1164 1452 1269 1480 careat,
1286 1456 1420 1482 reumque
1433 1456 1462 1473 se
1476 1446 1568 1473 divino
1582 1447 1687 1481 judicio
1702 1447 1818 1474 existere
1828 1468 1835 1479 ‚
1855 1447 1889 1473 de
1903 1456 1969 1483 per-

446 1502 550 1531 petrata
567 1497 710 1531 iniquitate
730 1500 893 1531 cognoscat‚
915 1499 943 1521 et
961 1504 976 1520 a
994 1495 1176 1521 saeratissimo
1195 1503 1312 1529 corpore
1331 1503 1361 1520 ac
1381 1495 1514 1529 sanguine
1532 1494 1581 1520 Dei
1605 1500 1632 1521 et
1652 1495 1759 1520 Domini
1782 1494 1966 1530 redemptoris

446 1544 530 1570 nostri
539 1544 622 1570 Jhesu
633 1543 732 1569 Christi
746 1543 834 1569 aliena
843 1543 906 1573 fiat,
919 1546 1002 1577 atque
1015 1542 1042 1568 in
1056 1548 1178 1568 extremo
1191 1542 1314 1567 examine
1327 1540 1468 1567 districtae
1482 1541 1578 1567 ultioni
1591 1541 1741 1575 subjaceat.
1752 1541 1863 1568 Cunctis
1874 1547 1965 1569 autem

444 1591 530 1617 eidem
547 1591 605 1616 loeo
619 1591 739 1625 suajura
751 1590 926 1617 servantibus
942 1590 977 1616 sit
991 1599 1042 1625 pax
1060 1590 1167 1615 Domini
1184 1589 1271 1615 nostri
1282 1588 1369 1614 Jbesu
1380 1588 1480 1614 Christi
1491 1609 1497 1621 ⁷
1511 1589 1642 1624 quatinus
1654 1589 1734 1616 ethic
1745 1588 1865 1616 fructum
1876 1590 1964 1616 bonae

445 1639 558 1664 actionis
578 1639 728 1673 percipiant
745 1643 772 1664 et
788 1638 861 1673 apud
878 1638 1034 1664 districtum
1052 1637 1175 1663 Judicem
1199 1636 1319 1672 proemia
1337 1641 1465 1662 aeternae
1482 1636 1555 1671 pacis
1574 1636 1724 1662 inveniant.
1747 1636 1844 1663 Amen.
1864 1636 1964 1663 Datum

445 1685 579 1716 Veronam
590 1695 639 1721 per
650 1695 756 1711 manum
768 1685 873 1712 Alberti
885 1707 891 1719 ,
907 1691 1017 1712 sanctae
1031 1693 1159 1711 romanae
1172 1684 1302 1711 eeclesiae
1316 1684 1472 1719 presbyteri
1486 1683 1632 1709 cardinalis
1643 1689 1670 1710 et
1681 1683 1851 1717 cancellarii,
1867 1689 1965 1711 octavo

443 1732 503 1759 idus
517 1733 698 1768 Septembris,
720 1733 868 1760 indictione
886 1739 1000 1769 quarta,
1018 1733 1220 1759 Incaruationis
1234 1732 1386 1758 dominicae
1401 1740 1473 1757 anno
1487 1731 1669 1758 MCLXXXVI
1681 1752 1687 1764 ,
1704 1731 1880 1766 pontificatus
1899 1741 1965 1758 vero

446 1780 545 1805 domini
562 1780 664 1806 Urbani
677 1790 763 1816 papae
779 1781 817 1807 Ill
832 1790 903 1807 anno
919 1781 1018 1816 primo.

1406 1815 1536 1840 Cartulaire
1550 1816 1579 1839 de
1592 1816 1699 1840 Malines.

1166 1997 1234 2031 LV.

444 2075 534 2108 Raso
553 2075 593 2108 (le
619 2075 734 2109 Gavre
754 2074 921 2120 confirmo
942 2075 976 2108 la
989 2075 1159 2109 clonation
1175 2075 1265 2108 d'uu
1287 2075 1359 2109 bois
1373 2075 1461 2120 faite
1474 2088 1550 2122 par
1568 2088 1621 2109 zm
1633 2075 1675 2110 de
1692 2088 1743 2110 ses
1761 2088 1917 2111 vassaum
1940 2075 1964 2110 ei

904 2134 1061 2181 l'abhaye
1075 2134 1116 2168 de
1133 2133 1283 2172 Ninove.
1301 2155 1349 2160 —
1364 2134 1504 2168 Rosmn.

1091 2285 1108 2307 Α
1124 2284 1200 2308 Gavre
1211 2303 1218 2310 ,
1238 2284 1310 2308 1186.

485 2342 625 2378 luipriine‘e
633 2344 700 2370 dans
714 2345 809 2371 Miraei
820 2345 918 2371 Donat.
934 2345 1022 2381 Belq„
1037 2345 1085 2371 lib.
1102 2345 1143 2378 ΙΙ,
1158 2354 1219 2380 cap.
1236 2345 1293 2371 Lxl
1305 2365 1312 2378 a
1323 2350 1351 2372 et
1360 2345 1428 2371 dans
1441 2345 1481 2372 les
1495 2354 1613 2381 preuves
1627 2345 1664 2372 du
1676 2351 1743 2372 tom.
1754 2346 1780 2372 ΙΙ
1794 2345 1843 2373 des
1857 2345 1966 2372 Annal.

449 2389 504 2414 ord.
522 2390 638 2424 Praem„
655 2392 707 2418 cot.
722 2392 885 2419 CCXXXVI.

1267 2429 1376 2462 Original
1387 2437 1434 2454 aux
1445 2430 1552 2455 archives
1562 2430 1591 2455 de
1607 2431 1628 2455 la
1640 2430 1742 2455 Flandre
1753 2430 1882 2460 orientale,
1895 2437 1964 2454 sceau

1312 2479 1342 2495 en
1353 2472 1400 2496 circ
1410 2473 1496 2497 hrune.

1184 2534 1254 2545 l
