2118 3184
803 381 1092 418 APPENDICES.
1640 385 1707 419 971

184 484 273 511 condo
286 490 312 510 et
328 484 396 511 facio
406 506 412 515 ,
429 484 502 511 salva
518 484 583 511 mibi
598 490 734 520 potestate
745 486 861 512 addendi
876 492 902 513 ct
915 487 1070 519 minuendi⁷
1082 488 1104 514 si
1117 497 1228 514 necesse
1243 488 1339 523 fucrit3
1350 489 1384 516 ad
1397 489 1464 516 haec
1477 496 1567 517 autem
1580 492 1668 517 omnia
1682 498 1705 517 et

182 530 291 567 singula
300 531 450 567 praelibata
459 531 578 558 fideliter
586 537 613 558 et
623 532 933 568 efficaciterexequeisda
943 539 968 560 et
976 534 1161 570 adimplenda,
1171 535 1398 571 clig0.constituo
1407 541 1432 562 et
1442 537 1540 563 ordino
1549 543 1710 564 executores

184 578 402 614 meoslegiumos
417 579 543 605 videlicet
555 580 643 605 virum
656 579 841 606 venerabilem
850 580 990 607 dominum
1001 602 1008 612 ,
1024 581 1072 608 Dei
1086 583 1264 617 permissione
1278 583 1404 609 abbatem
1418 583 1589 611 Ninivensem
1600 606 1608 617 ‚
1623 585 1709 612 domi-

183 635 247 652 num
258 625 410 652 Gerarduui
418 625 452 652 de
463 626 514 657 Aa,
527 625 657 652 dilectum
674 625 787 652 fratrem
806 636 894 653 meum
904 649 910 659 ,
924 637 954 653 ac
967 628 1054 654 virum
1064 628 1213 655 discretum
1228 630 1420 665 presbyterum
1432 636 1558 657 curatum
1570 632 1604 658 de
1613 632 1709 659 Gerai-

181 673 304 700 dimonte
317 694 324 705 ,
341 673 436 699 volens
450 678 477 699 et
491 673 621 699 ordinans
638 673 713 709 quod
729 674 778 709 ipsi
792 680 953 701 executores
966 676 1038 701 circa
1050 677 1239 702 executionem
1252 678 1463 712 praemissorum
1479 683 1595 705 utantur
1605 684 1632 705 et
1646 689 1709 715 pro-

179 719 280 747 cedant
289 720 440 747 secundum
450 720 592 747 consitium
607 726 635 747 et
646 720 814 755 adjutorium
827 722 928 748 domiui
942 723 974 749 tt.
983 744 991 754 ‚
1004 723 1096 750 dilecti
1107 725 1158 750 mei
1169 725 1257 750 mariti
1268 724 1398 760 praedicti
1411 746 1418 757 ,
1434 730 1461 751 et
1472 726 1524 752 sub
1537 726 1588 752 bac
1605 726 1690 753 forma
1702 749 1708 754 .

181 767 218 793 ita
227 767 300 803 quod
311 767 333 793 si
342 767 408 793 dicti
420 776 515 794 omnes
525 773 687 794 executores
698 768 778 794 simul
791 769 923 795 iuteresse
934 771 1120 805 nequiverint,
1132 771 1188 797 duo
1201 780 1266 797 vero
1279 781 1374 798 eorum
1386 772 1419 798 ad
1432 773 1619 799 executionem
1631 784 1709 810 prae—

180 814 316 841 dictorum
332 814 482 850 procedant
493 820 522 840 et
537 815 664 841 effectum
678 815 797 842 babeant
807 837 814 847 ,
833 817 981 843 dummodo
996 818 1044 843 fiat
1058 818 1093 844 de
1110 818 1224 845 consilio
1237 818 1302 845 dicti
1317 819 1350 845 R.
1369 820 1458 845 mariti
1472 820 1538 851 mei,
1554 829 1640 856 super
1656 821 1708 848 hoc

181 862 337 897 specialiter
345 863 490 898 requisito,
500 862 576 889 nullo
585 872 651 889 vero
662 863 715 889 alio
725 869 882 899 exspectato
891 876 897 898 3
908 874 1025 900 quorum
1035 866 1192 899 adjutorum
1201 871 1228 892 et
1239 871 1416 892 executor-um
1427 872 1455 892 et
1467 867 1635 901 coadjutoris
1645 868 1708 895 fidei

180 910 334 941 committo,
348 915 378 936 ut
391 910 537 945 praemissa
547 910 666 937 fideliter
678 917 862 947 exequantur.
872 912 904 938 Et
917 922 965 939 nos
975 913 1106 948 praedicti
1120 918 1281 939 executores
1293 914 1474 948 promittimus
1485 935 1492 943 ,
1505 914 1538 940 ad
1551 915 1707 941 instantiam

181 956 270 984 dictae
281 958 438 990 testatricis,
452 958 601 993 praemissa
615 959 724 994 exequi.
735 964 817 994 prout
827 965 891 986 sunt
900 959 988 995 legata
1000 966 1028 986 et
1036 960 1070 986 ad
1078 970 1173 987 manus
1183 966 1290 987 nostras
1299 962 1487 996 provenerint,
1498 962 1568 987 bona
1578 962 1643 988 lide.
1655 963 1708 988 Nos

182 1013 248 1032 vero
258 1005 329 1032 Raso
335 1005 370 1032 de
381 1005 497 1037 Gavera,
507 1005 635 1032 dominus
645 1006 679 1032 de
689 1006 845 1033 Liedekerke
855 1008 923 1034 etde
934 1008 1020 1034 Breda
1029 1029 1038 1042 ,
1053 1018 1085 1034 ac
1098 1008 1169 1035 Raso
1181 1008 1215 1034 de
1228 1008 1398 1042 Lt'edekerke7
1411 1008 1485 1035 filius
1498 1014 1592 1035 noster
1606 1010 1707 1044 primo-

180 1053 290 1088 genitus
298 1073 304 1083 ,
315 1054 500 1088 promittimus
507 1054 596 1079 omnia
606 1058 632 1079 et
639 1054 746 1090 singula
755 1055 908 1090 praedicta,
919 1061 1001 1090 prout
1011 1056 1140 1091 superius
1148 1061 1211 1082 sunt
1219 1065 1249 1082 ex
1255 1065 1358 1090 pressa.
1369 1056 1562 1083 inviolabiliter
1569 1062 1596 1083 et
1604 1057 1708 1092 absque

181 1100 274 1136 aliqua
285 1100 504 1127 contradictione
514 1100 584 1127 bene
593 1105 620 1127 et
630 1100 750 1137 legitime
763 1101 911 1128 observare
922 1123 929 1133 ‚
939 1108 966 1128 et
978 1103 1011 1129 ad
1022 1103 1072 1129 hoc
1083 1103 1235 1139 obligamus
1244 1112 1293 1128 nos
1305 1108 1332 1129 et
1346 1103 1417 1129 bona
1429 1110 1522 1129 nostra
1531 1125 1538 1130 .
1552 1104 1603 1130 sub
1617 1105 1710 1138 cujus-

180 1156 299 1183 cumque
312 1147 440 1174 districtu
453 1148 566 1174 dominii
581 1148 708 1174 existant.
733 1148 763 1174 ln
778 1149 858 1183 cujus
871 1150 911 1176 rei
930 1151 1114 1176 testimonium
1135 1149 1222 1185 sigilla
1244 1155 1337 1176 nostra
1359 1159 1412 1175 una
1436 1159 1497 1176 cum
1514 1151 1604 1186 sigillo
1617 1151 1707 1177 dictae

180 1194 280 1221 Alisiae
288 1195 451 1227 testatricis,
465 1199 563 1220 etcum
577 1194 674 1230 sigillis
686 1195 823 1222 dictorum
837 1201 1016 1223 executurum
1030 1197 1221 1232 praesentibus
1232 1202 1296 1222 sunt
1311 1206 1442 1232 appensa.
1459 1196 1557 1223 Datum
1571 1207 1643 1224 anno
1657 1198 1708 1224 Do-

182 1242 246 1268 mini
259 1241 410 1269 MCCXCtV
422 1263 428 1275 ,
441 1242 576 1269 dominica
591 1248 653 1278 post
667 1248 777 1269 octavas
791 1243 863 1270 beati
874 1244 985 1270 Martini
999 1244 1141 1280 hyemalis.

904 1311 1014 1343 Original
1025 1330 1031 1334 .
1044 1312 1077 1336 les
1086 1319 1171 1335 sceaux
1181 1311 1277 1335 dulice.
1288 1305 1409 1334 d'Erasme
1419 1311 1448 1334 de
1457 1312 1532 1335 Gavrc
1541 1331 1546 1335 .
1562 1312 1591 1335 de
1600 1320 1642 1335 son
1656 1312 1691 1335 fils
1699 1331 1704 1334 .

955 1354 984 1377 de
993 1354 1082 1378 Gen-ard
1093 1354 1122 1378 de
1132 1356 1162 1378 Aa
1173 1353 1233 1378 etdu
1246 1353 1302 1377 curi·
1310 1353 1339 1377 (le
1349 1354 1491 1378 Grammont
1501 1373 1506 1378 .
1517 1362 1546 1378 en
1556 1354 1604 1377 cire
1613 1354 1688 1378 brunc
1698 1373 1704 1379 ,

955 1400 1010 1420 sont
1020 1397 1081 1421 seuts
1089 1397 1224 1421 conserves.

829 1630 1054 1665 CCLXXXV.

179 1725 291 1768 Jean,
317 1728 388 1761 sire
407 1727 449 1761 de
472 1727 634 1770 Pamele,
659 1727 847 1762 reconnait
870 1728 959 1775 qu'il
975 1741 998 1761 a
1013 1728 1129 1762 venda
1148 1727 1172 1762 ἁ
1195 1729 1354 1776 l’ahhaye
1375 1728 1455 1762 lmz‘t
1480 1728 1644 1763 bonm'ers
1663 1730 1704 1763 de

463 1792 556 1821 terre
574 1785 597 1820 ἀ
615 1787 778 1821 l’endroz't
791 1786 934 1821 nomme'
946 1787 1015 1822 Ter
1033 1786 1196 1834 Spreedt.
1218 1788 1414 1822 —Lot‘rsn⁴

826 1954 844 1976 A
851 1951 946 1976 Pamele
952 1970 959 1982 ‚
974 1953 1047 1977 1295.

219 2034 359 2061 Universis
373 2038 531 2069 praesentes
544 2033 651 2060 litteras
661 2034 827 2069 inspecturis
839 2054 846 2065 ,
862 2033 1002 2060 Johannes
1014 2034 1048 2060 de
1061 2034 1168 2061 Pamela
1177 2055 1183 2065 ,
1199 2034 1327 2061 dominus
1341 2034 1375 2061 de
1386 2035 1504 2061 Pamella
1517 2040 1545 2061 et
1558 2035 1593 2062 de
1608 2035 1704 2062 Leide-

181 2080 295 2118 ὕει-3119,
305 2080 420 2107 salutem
430 2081 456 2106 in
465 2080 580 2107 Domino
590 2087 618 2108 et
631 2082 672 2108 rei
683 2086 776 2117 gestae
783 2090 950 2117 cognoscere
963 2082 1117 2108 veritatem.
1132 2082 1266 2108 Noveritis
1277 2083 1410 2114 universi,
1420 2083 1493 2118 quod
1506 2093 1558 2119 ego
1567 2084 1594 2108 in
1606 2092 1701 2119 magua

177 2133 206 2155 et
219 2128 340 2155 evidenti
354 2127 514 2154 necessitate
530 2137 589 2154 mea
599 2149 607 2161 ‚
629 2129 850 2164 propinquorum
869 2137 991 2154 meorum
1005 2133 1032 2155 et.
1045 2128 1162 2155 aliorum
1180 2129 1330 2164 proborum
1352 2139 1418 2155 usus
1431 2129 1561 2162 consitio,
1583 2130 1703 2166 legitime

177 2175 288 2202 vendidi
301 2175 367 2201 viris
377 2175 512 2211 religiosis
522 2175 615 2202 abbati
626 2185 657 2202 ac
668 2176 814 2202 conventui
827 2176 985 2202 monasterii
995 2176 1029 2202 de
1043 2176 1137 2203 Ninive
1147 2197 1154 2209 ,
1168 2177 1446 2203 Praemonstratensis
1460 2176 1578 2209 ordinis,
1595 2178 1703 2213 ipsique

177 2222 300 2259 religiosi
312 2226 440 2248 emerunt
450 2231 516 2258 erga
528 2231 569 2248 me
579 2227 641 2248 octo
653 2223 766 2248 bonaria
780 2223 913 2253 nemoris,
929 2232 1026 2258 parum
1041 2223 1103 2258 plus
1113 2228 1160 2250 aut
1175 2225 1264 2250 minus
1275 2245 1283 2255 7
1293 2224 1413 2258 jacentia
1427 2224 1453 2249 in
1467 2223 1526 2249 loco
1541 2225 1587 2260 qui
1601 2223 1702 2250 dicitur

182 2269 233 2296 Ter
245 2268 369 2305 Spuedt,
383 2268 520 2295 dictorum
532 2268 724 2306 religiosorum
735 2270 839 2295 nemori
853 2269 984 2305 contiguo
995 2280 1001 2304 ;
1014 2275 1042 2296 et
1050 2271 1142 2306 recepi
1157 2280 1171 2296 a
1182 2271 1262 2297 dictis
1275 2270 1412 2306 religiosis
1425 2271 1544 2305 pretium
1557 2275 1663 2297 certum
1675 2277 1702 2297 et

177 2322 336 2352 competens
349 2324 400 2351 pro
414 2315 488 2342 dicto
503 2324 614 2342 nemore
629 2315 742 2342 vendito
752 2337 759 2348 ‚
774 2315 902 2342 videlicet
912 2315 947 2343 de
961 2316 1086 2352 quolibet
1097 2326 1146 2344 seu
1160 2326 1210 2353 pro
1223 2317 1348 2353 quolibet
1361 2317 1476 2343 bouario
1490 2317 1608 2344 nemoris
1622 2326 1704 2353 prae-

174 2363 241 2390 dicti
254 2363 351 2400 viginti
364 2367 391 2389 et
409 2363 533 2399 quinque
545 2363 630 2390 libras
645 2368 808 2389 turonenses
820 2364 962 2400 nigrorum
977 2364 1113 2391 bonorum
1125 2374 1156 2391 ac
1170 2365 1336 2401 pagabilium
1351 2365 1378 2390 iu
1395 2369 1468 2390 terra
1479 2363 1643 2391 Brabantiae
1652 2386 1659 2397 ‚
1675 2370 1702 2391 et

177 2411 238 2438 loeo
254 2419 304 2438 seu
318 2410 383 2437 villa
400 2411 541 2447 praedicta
555 2411 737 2437 communiter
750 2412 933 2438 currentium.
953 2411 1055 2438 verum
1070 2413 1145 2448 quod
1160 2413 1233 2439 dicta
1246 2417 1309 2439 octo
1322 2412 1437 2438 bonaria
1452 2412 1587 2444 nemoris,
1605 2421 1702 2448 parum

175 2458 238 2494 plus
251 2463 300 2485 aut
313 2459 419 2491 minue,
433 2468 450 2485 a
462 2458 607 2492 Johanne,
626 2458 717 2485 villico
731 2458 765 2485 de
784 2459 972 2495 Papinyliem‚
989 2460 1127 2487 avunculo
1141 2469 1216 2491 meo,
1237 2460 1363 2486 tenebam
1380 2459 1407 2485 in
1421 2457 1548 2491 feodum,
1563 2461 1703 2494 reportavi

178 2506 288 2533 feodum
304 2506 394 2541 ipsum
408 2506 435 2532 in
450 2515 547 2532 manus
560 2505 688 2532 avuncuti
705 2506 756 2532 mei
769 2506 985 2542 praenominati,
1002 2511 1030 2534 et
1041 2516 1092 2542 per
1105 2507 1203 2533 trinam
1218 2506 1451 2534 effestucationem
1469 2505 1556 2532 eidem
1571 2505 1650 2532 feodo
1665 2515 1703 2532 re-
