2137 3131
444 402 513 439 818
1048 391 1340 429 APPENDICES.

447 510 538 536 Ninive
549 529 555 540 ,
567 513 593 533 et
606 515 655 532 sno
666 508 802 530 conventu
812 523 818 531 ,
833 502 866 528 de
877 501 1012 528 communi
1026 508 1159 526 consensu
1171 520 1177 530 ,
1193 498 1349 533 hujusmodi
1364 497 1414 524 feci
1429 498 1631 524 concambium.
1644 498 1736 524 Abbas
1747 499 1882 534 siquidem
1896 500 1960 526 mihi

444 555 604 583 allodialiter
616 551 723 578 circiter
737 559 832 576 novem
847 549 958 575 bonaria
972 552 1061 573 terrac
1073 546 1155 582 paulo
1166 546 1227 581 plus
1242 545 1284 572 vel
1296 546 1384 572 minus
1398 546 1425 571 in
1437 545 1548 571 cultura
1563 554 1648 581 super
1658 545 1876 581 Coudenberga,
1890 547 1963 573 infra

446 603 584 639 Ilafflmtte
597 605 622 626 et
637 606 806 625 communem
821 597 889 623 viam
904 595 938 621 ad
951 595 1074 621 dextram
1089 598 1193 628 partem
1209 602 1305 619 versus
1323 593 1458 619 orientem
1469 613 1476 624 ‚
1494 597 1609 628 excepto
1626 592 1702 628 quod
1721 592 1868 619 dietarium
1882 597 1964 629 atque

446 650 513 683 xxxij
528 648 618 682 virgae
634 645 715 679 hujus
729 653 848 670 summac
859 643 953 677 jacent
967 643 993 668 in
1007 642 1086 668 vinea
1099 641 1246 675 meajuxta
1260 645 1371 676 pontem
1381 640 1410 667 S.
1423 639 1549 666 Amandi.
1566 640 1623 676 Ego
1637 649 1703 667 vero
1712 639 1890 667 nihilominus
1903 640 1966 667 dedi

446 695 535 722 abbati
548 699 575 719 ct
588 692 718 719 ccclesiae
728 691 824 717 Beatac
844 689 945 716 Mariae
957 693 984 715 et
998 688 1046 715 SS.
1061 687 1179 714 Cornelii
1190 693 1216 714 et
1231 687 1358 723 Cypriani
1374 687 1400 713 in
1415 686 1604 713 concambium
1619 692 1702 722 atque
1717 687 1880 722 perpetuam
1893 686 1966 714 elee-

447 751 582 777 mosynam
598 739 762 766 allodialiter
776 738 884 764 circiter
900 746 997 763 novem
1012 726 1126 762 bonaria
1146 740 1236 761 terrac
1254 734 1336 770 paulo
1352 734 1413 770 plus
1427 734 1470 761 vel
1484 734 1573 760 miuus
1585 755 1592 767 ‚
1607 734 1642 760 ab
1657 734 1730 760 omni
1744 734 1810 768 jure
1826 734 1870 761 vel
1882 743 1967 761 onere

445 789 591 816 liberrima.
608 788 640 813 Et
655 787 717 822 quia
733 786 760 812 in
774 785 888 811 diversis
899 785 973 818 jacet
985 783 1052 809 locis
1062 804 1068 815 ‚
1089 792 1147 809 eam
1167 783 1325 809 nominatim
1340 782 1422 808 libuit
1440 781 1592 817 exprimere
1607 786 1670 808 ante
1688 782 1793 808 curiam
1803 802 1810 814 ‚
1824 781 1928 809 scilicet
1940 782 1967 808 in

450 836 549 862 Rubrae
569 835 691 870 quinque
706 833 820 859 dietaria
839 838 865 858 et
887 831 966 864 xxxiij
986 831 1076 866 virgas
1094 830 1239 866 scoeslans,
1256 830 1396 856 subtracta
1411 830 1577 865 competenti
1593 829 1790 865 subputatione
1807 839 1858 865 pro
1874 829 1968 856 debito

447 985 541 1002 versus
553 975 739 1008 Ilerlinclmre,
755 983 801 1000 sex
813 973 927 999 dietaria
936 977 962 998 et
974 972 1052 1005 xxviij
1063 972 1167 1007 virgas;
1181 971 1208 997 in
1222 971 1330 998 duabus
1344 971 1486 1006 particulis
1500 976 1575 997 retro
1589 971 1816 1007 Coudenbergffle,
1832 972 1879 998 ubi
1890 972 1969 998 vinea

448 1029 514 1050 stat.
529 1023 638 1049 circiter
652 1022 794 1047 bonarium
803 1020 886 1056 paulo
899 1020 961 1055 plus
972 1020 1013 1046 vel
1026 1021 1125 1045 minus.
1137 1019 1207 1045 Ante
1218 1024 1324 1054 portam
1334 1019 1447 1045 claustri
1456 1019 1685 1054 superculturam
1696 1028 1782 1045 unum
1791 1019 1934 1045 bonarium
1942 1024 1970 1045 et

451 1072 474 1105 xj
490 1071 590 1106 virgas.
608 1070 643 1096 Ut
658 1074 747 1095 autem
763 1068 829 1094 haec
843 1068 1019 1094 commutatio
1030 1067 1135 1093 stabilis
1149 1072 1232 1102 atque
1246 1067 1406 1092 inconcussa
1420 1070 1594 1102 permaneat,
1608 1066 1680 1092 dicto
1695 1066 1787 1092 abbati
1799 1070 1827 1092 et
1839 1065 1969 1092 ecclesiae

449 1117 633 1145 warnndisiam
644 1116 800 1152 repromisL
817 1120 844 1141 et
857 1116 914 1150 ipse
927 1115 1052 1141 similiter
1066 1114 1131 1140 mihi
1143 1115 1169 1140 iu
1183 1114 1315 1149 scriptum
1327 1113 1378 1140 hoc
1389 1113 1656 1149 cyrographyratum
1667 1113 1749 1139 libuit
1760 1113 1863 1139 mutuis
1876 1112 1972 1149 sigillis

447 1165 607 1191 confirmare
616 1169 642 1190 et
651 1164 758 1190 testium
767 1163 960 1189 subnotatione
971 1162 1149 1188 auctorisare.
1159 1161 1273 1197 Signum
1281 1161 1397 1187 Simonis
1407 1161 1519 1196 prioris3
1528 1161 1664 1197 Symonis,
1674 1161 1827 1196 subprioris
1836 1171 1842 1195 3
1853 1160 1970 1196 Aegidii,

450 1212 605 1247 praepositi3
620 1211 733 1242 Sontini,
746 1210 862 1242 cellarii3
875 1209 999 1235 Balduini
1011 1208 1044 1234 de
1056 1208 1222 1244 Ydrenqltem
1231 1220 1241 1239 ‚-
1254 1208 1389 1243 Andreae5
1404 1209 1513 1234 Heurici
1523 1208 1557 1234 de
1571 1208 1644 1234 Gaul
1653 1220 1661 1238 ;
1670 1207 1779 1234 IIenrici
1789 1207 1823 1234 de
1834 1206 1970 1243 Hasplar;

450 1258 577 1285 Willelmi
587 1279 594 1289 ‚
609 1257 780 1287 Theudorici„
793 1256 925 1282 Jolianuis
934 1277 940 1285 ,
956 1256 1085 1291 Ilyberti⁷
1098 1256 1293 1282 canonicorum
1305 1256 1491 1282 Ninivensium
1503 1266 1509 1290 ς
1523 1256 1630 1291 signum
1643 1254 1771 1281 willelmi
1783 1254 1818 1281 de
1832 1254 1973 1280 Grimber-

451 1307 489 1342 gis
500 1326 507 1337 ‚
522 1305 613 1331 fratris
625 1305 689 1338 mci3
703 1305 809 1339 siguum
823 1303 931 1335 Leonii,
946 1303 1087 1329 castellani
1100 1302 1134 1328 de
1145 1302 1296 1335 Bruxellis,
1312 1308 1339 1329 et
1352 1302 1509 1337 Godesridi,
1524 1302 1618 1328 fratris
1633 1303 1675 1329 sui
1687 1313 1693 1337 3
1707 1302 1819 1328 Gosuini
1836 1302 1870 1328 de
1881 1301 1971 1337 Erpe,·

452 1352 562 1379 Aruoldi
576 1351 688 1386 juvenis
701 1351 734 1376 dc
748 1350 902 1386 Berigardis
913 1360 919 1384 ς
932 1349 1045 1376 Gosuini
1057 1349 1091 1375 de
1105 1349 1223 1380 liddeum
1235 1349 1350 1376 walteri
1364 1349 1475 1383 Rumor,
1490 1349 1629 1376 Michaelis
1639 1369 1646 1381 7
1657 1349 1797 1383 vinitoris3
1814 1348 1925 1376 Henrici
1937 1348 1971 1374 de

452 1400 539 1426 Curia.
559 1399 653 1425 Actum
665 1408 736 1424 auno
748 1397 854 1423 Domini
868 1397 933 1423 'MCC
943 1418 950 1429 ‚
965 1402 1062 1423 octavo
1072 1397 1176 1423 decimo
1191 1406 1283 1424 mense
1297 1397 1438 1424 Januario.

1124 1677 1312 1711 LXXXIX.

532 1777 680 1811 Erasme
698 1778 739 1811 cle
761 1777 876 1811 Gaw’e
898 1777 1012 1811 donne
1031 1776 1055 1810 ἀ
1076 1777 1236 1824 l’ahhaye
1254 1790 1325 1811 ‘ime
1346 1777 1441 1812 (lime
1467 1776 1488 1810 ἀ
1518 1776 1837 1824 lVouhreclztngem.
1850 1797 1897 1802 —-

1138 1837 1298 1870 Ronsm.

1176 2015 1250 2038 1200.

495 2084 524 2109 ln
539 2084 646 2109 nomine
668 2084 754 2109 Patris
768 2089 795 2110 et
807 2083 867 2110 Filii
884 2089 912 2110 et
925 2084 1044 2120 Spiritus
1062 2085 1164 2112 Sancti.
1180 2085 1238 2122 Ego
1252 2085 1338 2118 Razo,
1356 2085 1406 2111 Dei
1416 2085 1520 2121 gratia,
1535 2084 1569 2110 de
1587 2084 1692 2111 Gavera
1703 2105 1709 2117 ‚
1726 2084 1857 2120 pincerna
1870 2085 1975 2111 comitis

458 2131 597 2157 Flandriae
608 2151 614 2158 ,
633 2130 823 2165 praesentibus
843 2136 869 2157 et
882 2131 983 2157 futuris
996 2137 1092 2158 notum
1109 2131 1178 2158 facio
1189 2153 1196 2163 ,
1214 2132 1289 2168 quod
1302 2131 1380 2164 Soir,
1403 2131 1480 2158 miles
1494 2131 1529 2158 de
1541 2131 1682 2157 Holebeka
1693 2152 1700 2162 ‚
1720 2131 1797 2157 dedit
1811 2131 1838 2157 in
1851 2140 1973 2158 concam-

455 2179 529 2203 bium
548 2178 676 2203 ecclesiae
694 2178 830 2204 Ninivensi
852 2188 900 2214 per
917 2189 1026 2205 manum
1045 2189 1129 2206 meam
1149 2180 1287 2206 decimam*
1299 2189 1376 2206 suam
1391 2180 1418 2206 in
1438 2179 1568 2214 parochia
1586 2179 1620 2205 de
1639 2179 1878 2216 Walbreclztenqem
1890 2200 1898 2212 ‚
1920 2188 1973 2215 pro

459 2229 576 2260 quatuor
588 2225 706 2250 bonariis
715 2229 805 2250 terrae
816 2226 858 2252 vel
870 2235 902 2252 eo
911 2227 1108 2261 circiterjuxta
1118 2227 1274 2254 Holebeka:
1287 2228 1346 2263 ipso
1354 2227 1448 2263 itaque
1462 2226 1532 2253 hanc
1543 2226 1674 2252 decimam
1685 2235 1767 2262 quam
1783 2235 1798 2252 a
1810 2235 1852 2253 me
1861 2226 1976 2253 feodali-

460 2278 501 2298 ter
515 2272 623 2298 tenebat
633 2273 659 2297 iu
672 2281 767 2298 manus
782 2282 854 2299 meas
865 2274 1022 2310 resignante
1033 2295 1039 2307 ,
1056 2284 1106 2311 ego
1121 2274 1298 2301 nihilominus
1307 2284 1365 2301 eam
1379 2273 1520 2310 praefatae
1534 2273 1664 2300 ecclesiae
1672 2273 1759 2300 libere
1771 2278 1799 2300 et
1812 2273 1976 2300 allodialiter

460 2320 556 2346 donavi
574 2324 600 2345 ct
612 2319 799 2347 warandisiam
812 2321 935 2355 promisi.
951 2322 987 2348 Ut
998 2327 1088 2348 autem
1102 2321 1154 2348 hoc
1167 2327 1257 2349 ratum
1272 2327 1432 2358 permaneat
1445 2322 1579 2358 scriptum
1590 2342 1598 2355 7
1613 2321 1694 2357 sigilli
1704 2322 1757 2347 mei
1770 2321 1937 2357 appensione
1949 2327 1976 2348 et

460 2367 568 2392 testium
583 2366 785 2402 subscriptione
799 2368 942 2395 confirmo.
958 2369 1071 2405 Signum
1083 2370 1177 2396 Iwaini
1187 2370 1221 2397 de
1232 2370 1313 2405 Lewe,
1326 2370 1355 2397 S.
1367 2370 1470 2397 Oliveri
1480 2369 1514 2396 de
1527 2369 1602 2406 Haq,
1617 2369 1732 2395 Gozuini
1743 2368 1777 2395 de
1787 2368 1967 2405 Hoclcenyem,

464 2413 573 2440 Arnoldi
582 2434 589 2446 ,
604 2414 702 2440 notarii
713 2415 775 2441 mei.
788 2414 885 2442 Actum
899 2425 970 2443 anno
983 2416 1090 2443 Domini
1102 2416 1180 2444 MCC.

1409 2463 1519 2496 Original
1526 2483 1533 2495 ‚
1546 2471 1616 2489 sceau
1624 2472 1654 2488 en
1666 2463 1714 2488 cire
1720 2463 1804 2488 brune-
