2118 3184
584 400 808 437 CHROMCt
841 402 1008 437 AEGIDII
1037 402 1078 436 LI
1107 402 1271 437 MUISIS.
1624 404 1690 440 195

166 517 261 544 totus
289 511 461 544 exercitus
488 511 522 544 in
550 523 676 557 campo
702 517 783 544 ante
806 512 1058 545 monasterium
1081 510 1125 545 dv
1156 510 1377 558 Grouingslws
1402 510 1412 531 ¹
1436 522 1471 544 se
1494 509 1686 544 adunaret.

164 569 262 616 quod
283 570 328 603 ita
356 571 486 604 factum
512 570 595 603 fuit.
624 576 656 602 ct
682 569 730 603 ibi
756 570 899 603 fuerunt
925 570 1014 603 acies
1037 577 1069 603 ct
1094 570 1204 604 scala(¹
1227 569 1421 604 ordinatae.
1453 570 1690 615 Exieruntquv

165 627 411 661 Flandrenscs.
436 628 497 673 qui
519 628 553 661 in
578 627 747 661 Curtraco
773 634 892 661 erant.
915 627 960 661 de
984 628 1079 671 villa5
1106 635 1138 661 ct
1162 634 1259 675 terga
1280 635 1453 662 vertentes
1474 628 1572 661 villae
1596 628 1690 662 fecc-

164 693 246 719 runt
270 685 315 720 de
338 699 378 720 ea
399 686 498 732 quami
519 698 683 729 murum,
706 693 740 720 ct
760 686 863 720 facies
887 687 1051 721 tenebant
1070 699 1189 720 versus
1210 700 1292 720 suos
1314 687 1492 721 inimicos:
1514 693 1549 720 et
1567 699 1602 720 se
1621 687 1689 720 ibi-

163 744 245 778 dem
265 744 536 788 ordinaverunt,
563 751 597 779 et
615 752 715 779 erant
739 758 861 779 omncs
881 745 1016 792 pedites
1035 752 1069 779 et
1095 746 1180 779 nulli
1207 746 1426 792 equitantes.
1455 753 1487 779 et
1511 745 1613 792 pauci
1630 751 1689 779 aut

164 803 364 849 paucissimi
392 810 552 849 respectu
576 804 740 837 alioruin.
764 804 864 838 Tunc
886 816 1003 838 comcs
1029 804 1227 850 praecepit.
1257 804 1355 850 quod
1379 811 1501 852 gentes
1523 817 1605 838 suae
1633 816 1690 849 ap-

164 862 465 908 propinquarent.
483 862 688 909 factumque
704 869 755 896 cst
769 862 828 895 ita.
848 862 885 896 lit
906 862 954 896 sic
974 869 1169 908 coeperunt
1186 863 1336 897 Invicem
1351 863 1442 897 duae
1463 863 1552 896 acies
1567 862 1690 896 debel-

164 920 254 954 lare.
277 927 311 954 et
331 919 466 966 pedites
488 920 573 954 dicti
592 921 731 954 comitis
752 920 979 954 flandrenses
997 933 1181 966 superare.
1204 928 1236 955 et
1257 934 1330 955 esse
1348 921 1448 967 quasi
1470 921 1536 955 sub
1556 927 1689 967 puncto

162 979 318 1014 habendi
342 980 538 1013 victoriam.
561 979 686 1013 Comes
705 985 823 1013 autem
845 979 913 1012 hoc
936 980 1079 1027 cognito
1103 986 1135 1013 et
1162 980 1284 1013 nolens
1303 979 1482 1025 peditibus
1507 980 1688 1013 iictoriam

161 1044 197 1071 et
219 1037 393 1072 honorem
421 1038 589 1081 attribuit
617 1038 811 1072 commovit
838 1044 871 1071 et
891 1038 1079 1072 concitavit
1105 1039 1212 1072 scalas
1238 1039 1493 1085 equitantium.
1524 1045 1558 1072 et
1583 1039 1687 1087 fregit

161 1095 328 1130 intrando
351 1097 459 1131 scalas
484 1109 630 1130 suorum
655 1096 837 1142 peditum7
865 1097 1022 1130 nesciens
1044 1097 1191 1131 fossatos
1216 1110 1289 1131 esse
1313 1098 1382 1141 ibi,
1410 1104 1443 1131 et
1469 1098 1607 1131 fortiter
1624 1110 1688 1145 ag-

161 1153 338 1202 grediens.
358 1154 559 1200 Coeperunt
578 1156 599 1188 F
604 1154 806 1189 flandrenses
826 1167 952 1201 pavere
969 1162 1001 1188 ct
1020 1155 1143 1188 timere
1156 1182 1163 1191 .
1186 1161 1221 1188 et
1240 1156 1357 1189 nescio
1376 1168 1448 1201 quo
1467 1156 1606 1189 occulto
1626 1156 1687 1189 Dei

157 1211 312 1258 judicio,
333 1213 423 1246 acies
438 1213 651 1247 Francorum
667 1219 739 1247 tam
755 1212 890 1246 nobiles
904 1219 1096 1258 coeperunt
1113 1225 1148 1246 se
1162 1213 1312 1246 invicem
1327 1225 1536 1258 prmocare,
1557 1220 1591 1247 et
1605 1226 1687 1247 coe-

161 1277 292 1317 perunt
311 1271 415 1316 primi
435 1271 572 1317 equites
589 1282 654 1316 per
672 1271 820 1304 fossatos
838 1269 963 1303 cadere
979 1282 1072 1303 unus
1086 1282 1192 1316 super
1210 1271 1338 1313 alimm
1361 1277 1396 1304 et
1414 1271 1460 1304 illi
1480 1272 1541 1317 qui
1560 1284 1687 1318 seque-

162 1330 310 1372 bantur,
340 1329 511 1363 similiter.
538 1328 767 1362 Flandrenscs
792 1335 911 1362 autem
930 1328 999 1361 hoc
1023 1328 1182 1362 videntes
1207 1328 1316 1363 corda
1340 1337 1623 1375 resui'npscrunh
1654 1337 1685 1363 et

160 1387 306 1422 viriliter
320 1393 427 1433 atque
447 1387 586 1420 fortiter
603 1386 829 1429 restiterunt7
850 1393 885 1420 ct
902 1386 951 1420 sic
966 1398 1029 1432 per
1048 1386 1236 1420 elationem
1251 1388 1407 1430 comitis‚
1424 1387 1534 1421 scalae
1553 1400 1636 1421 suae
1654 1395 1686 1421 et

159 1447 310 1481 aliorum
327 1446 520 1490 nobilium,
541 1458 577 1480 se
592 1452 626 1479 et
644 1458 726 1479 suos
745 1457 855 1492 equos
870 1444 1052 1489 cadentes7
1070 1452 1111 1479 ut
1128 1446 1386 1491 praemittitur,
1407 1446 1684 1489 interemerunt„

160 1511 195 1539 et
218 1505 321 1551 pauci
340 1511 423 1539 sunt
442 1517 462 1538 a
487 1504 674 1553 Flamingis
697 1504 885 1538 interfecti.
914 1503 1081 1538 Yidentes
1103 1511 1222 1538 autem
1245 1505 1302 1538 alii
1324 1511 1398 1539 tam
1424 1505 1560 1551 equites
1578 1517 1687 1551 quam

160 1563 297 1610 pedites
314 1562 360 1597 de
373 1563 529 1597 exercitu
546 1562 632 1597 dicti
647 1563 786 1597 comitis
800 1590 808 1605 7
827 1562 926 1609 quod
939 1563 1011 1596 suis
1029 1569 1064 1596 et
1081 1563 1148 1596 sibi
1165 1563 1295 1597 bellare
1311 1570 1402 1606 erat,
1420 1570 1460 1597 ut
1477 1564 1683 1609 apparebatqv

160 1622 379 1657 contrarium
392 1649 401 1666 ,
430 1628 465 1656 et
489 1621 589 1669 quod
608 1622 696 1656 hora
718 1628 793 1656 erat
815 1634 881 1667 pro
903 1622 1111 1670 Flamingisa
1136 1628 1236 1670 terga
1254 1629 1437 1656 verterunt
1464 1628 1498 1656 et
1516 1623 1686 1670 fugerunt

160 1681 312 1715 maxima
326 1693 406 1728 pars
420 1688 493 1714 tam
512 1681 675 1727 equitum
694 1693 803 1727 quan]
822 1680 996 1727 peditum.
1020 1681 1063 1714 Et
1081 1681 1102 1714 F
1106 1681 1307 1715 landrenses
1322 1682 1358 1715 in
1376 1694 1441 1715 suo
1459 1688 1553 1715 statu
1574 1694 1610 1715 se
1631 1689 1687 1715 te-

162 1746 321 1774 nuerunt
333 1767 342 1781 .,
364 1747 400 1774 et
422 1739 618 1786 prudenter
640 1752 675 1774 se
694 1740 882 1788 gerebant„
908 1746 943 1773 et
961 1739 1147 1774 caedentes
1168 1752 1250 1774 suos
1267 1739 1485 1774 adversarios
1503 1741 1685 1774 victoriam

159 1798 375 1833 habuerunt.
403 1799 589 1847 Fugientes
611 1805 729 1833 auten]
752 1799 789 1832 in
810 1798 955 1832 diversis
976 1799 1060 1832 locis
1081 1811 1117 1832 se
1138 1805 1340 1843 verterunt,
1369 1811 1450 1845 pars
1471 1812 1543 1833 una
1564 1811 1685 1833 versus

160 1857 277 1891 villam
295 1858 532 1901 lnsulensem,
554 1864 589 1892 et
603 1870 685 1904 pars
706 1858 771 1892 alia
790 1870 912 1892 versus
932 1858 1151 1901 Tornacum,
1173 1865 1209 1891 et
1227 1858 1441 1892 videbantur
1462 1857 1506 1892 de
1528 1858 1685 1892 turribus

162 1915 201 1949 B.
228 1915 357 1950 Mariae
379 1915 406 1949 T
409 1916 610 1950 ornacensis
629 1923 665 1950 et
686 1916 890 1950 monasterii
909 1915 945 1949 S.
967 1916 1108 1949 Martini
1121 1942 1130 1959 ⁷
1151 1915 1248 1950 etde
1270 1917 1429 1951 turribus
1447 1916 1547 1951 villae
1566 1917 1683 1950 venire

159 1974 337 2022 fugientes
349 1986 413 2020 per
426 1974 515 2018 vias,
532 1987 595 2021 per
610 1987 709 2022 sepes
719 2003 727 2019 a
745 1988 809 2022 per
823 1987 983 2021 campos7
1001 1987 1083 2009 cum
1098 1981 1196 2009 tanta
1209 1976 1311 2022 copia
1322 2003 1330 2019 e
1351 1975 1451 2022 quod
1464 1976 1562 2009 nullo
1575 1975 1684 2009 modo

159 2039 250 2067 esset
272 2033 440 2067 credibile
462 2035 628 2068 omnibus
649 2035 710 2082 qui
736 2047 808 2069 non
831 2033 1008 2069 viderunt.
1037 2034 1079 2068 Et
1099 2033 1250 2068 dimissis
1274 2035 1435 2069 tentoriis
1457 2041 1492 2069 et
1515 2034 1679 2074 sarcinis.v

158 2091 278 2126 omnia
298 2103 360 2125 sua
376 2104 440 2137 pro
456 2092 580 2138 majori
597 2099 696 2139 parte
710 2092 940 2136 dimiserunt,
960 2099 995 2126 et
1009 2093 1046 2126 in
1060 2092 1223 2138 pluribus
1243 2093 1329 2127 loeis
1347 2106 1367 2127 a
1385 2093 1554 2127 Curtraco
1568 2104 1682 2146 usque

160 2149 205 2184 ad
223 2150 356 2189 exitum
373 2150 473 2184 villae
495 2150 539 2185 de
552 2151 732 2198 Dotzyvzzes
746 2152 864 2198 plures
878 2152 1025 2186 fuerunt
1037 2151 1178 2197 spoliati
1191 2158 1227 2186 et
1239 2152 1364 2195 occisig
1388 2159 1423 2186 et
1440 2152 1477 2186 in
1492 2164 1634 2197 vespere
1648 2158 1683 2185 et

159 2243 270 2270 nomine
281 2245 399 2279 cogniti,
409 2244 515 2270 nobiles
524 2250 613 2278 eraut,
623 2245 703 2272 ethis
715 2247 812 2272 asserit
822 2247 896 2272 Αηο-
947 2245 1127 2271 familiaribus
1142 2246 1305 2272 numerabat
1315 2246 1515 2281 septingentos.
1531 2257 1542 2268 n

159 2298 256 2325 uymns
273 2289 420 2315 Gandensis
442 2290 512 2321 (rid.
533 2295 600 2316 tom.
613 2290 638 2322 l,
655 2300 719 2327 pag.
737 2292 818 2324 589),
839 2301 893 2318 non
984 2294 992 2308 ¹
1017 2291 1155 2317 Victoriae
1176 2290 1260 2324 hujus
1279 2291 1476 2317 celeberrimae
1496 2291 1679 2317 flandrorum

158 2343 288 2370 proceres
306 2334 352 2361 sed
371 2335 428 2361 sere
442 2340 526 2361 totam
545 2336 765 2362 communitatem
784 2336 894 2363 Gandae
944 2338 1016 2362 omni
1038 2346 1070 2363 ex
1090 2341 1169 2371 parte
1188 2336 1343 2362 absolutam
1362 2337 1574 2372 descriptionem
1597 2337 1681 2363 dede-

158 2380 256 2407 favisse
269 2381 372 2407 comiti.
390 2381 563 2407 Probabilior
575 2387 616 2408 est
630 2383 715 2418 igitur
728 2383 821 2418 opinio
836 2383 892 2409 Nic.
944 2389 1010 2409 runt
1022 2383 1080 2410 Jac.
1098 2383 1221 2408 Goetlmls
1234 2388 1261 2408 et
1274 2383 1416 2420 Augustus
1431 2383 1525 2409 Von'sin
1535 2404 1542 2415 ,
1560 2384 1586 2410 ἰη
1600 2393 1680 2419 opus-

161 2426 290 2452 Tombeur
302 2427 450 2453 asserentis
462 2436 469 2452 :
491 2440 502 2450 ιι
517 2427 669 2454 Johannem
681 2428 813 2461 Bor-luat,
829 2429 895 2455 Cor·
944 2429 1007 2455 culo
1025 2429 1100 2465 quod
1114 2429 1275 2455 inscribitur
1289 2439 1297 2455 z
1313 2429 1406 2455 st‘olice
1419 2439 1467 2456 sur
1480 2429 1506 2456 la
1524 2430 1631 2456 bataille
1647 2430 1678 2455 de

157 2477 266 2498 tracum
274 2481 332 2499 esse
341 2472 496 2508 profectum
505 2483 565 2499 cum
573 2474 690 2510 quinque
699 2474 815 2500 millibus
827 2474 896 2500 Gan·
948 2474 1074 2502 Courtrui
1085 2484 1119 2501 ou
1133 2475 1176 2501 des
1189 2477 1297 2510 e'perons
1310 2475 1381 2502 d'or.

159 2517 330 2552 dacer-sium,
353 2520 425 2545 inter
453 2528 523 2554 quos
544 2528 577 2546 ex
599 2520 763 2555 propinquis
789 2520 845 2546 suis
868 2525 895 2546 et
