2118 3184
739 403 1024 440 APPENDICES.
1574 405 1641 439 877

127 513 154 538 in
173 512 286 538 liberam
305 518 330 538 et
350 517 509 547 perpetuam
527 512 724 547 eleemosynam
745 513 893 538 conventui
912 512 1042 539 ecclesiae
1058 512 1208 539 Ninivensis
1229 512 1368 539 dimidium
1390 514 1532 539 bonarium
1557 515 1642 549 prati.

129 559 203 595 quod
221 569 234 585 a
257 569 298 585 me
313 560 422 585 tenebat
436 560 461 585 in
474 559 582 585 feodum
592 579 599 585 .
613 564 640 598 et
653 559 726 592 jacet
741 559 765 584 in
780 559 925 594 parrochia
939 560 972 585 de
986 560 1134 596 §amberga
1147 561 1226 594 juxta
1240 561 1376 587 dammum
1391 561 1466 587 illum
1477 582 1483 593 ⁷
1500 562 1547 596 qui
1561 571 1574 587 a
1587 562 1646 588 vici·

127 607 171 632 cui
187 607 350 632 vocabulum
366 611 407 632 est
422 606 505 632 Lache
521 605 644 641 procedit
656 615 751 632 versus
765 606 913 641 Samberga
925 600 970 633 sin
988 607 1110 633 inferiori
1128 613 1205 643 parte
1219 618 1314 635 versus
1327 615 1448 635 castrum
1466 609 1627 645 W'edcrqrete
1638 631 1643 636 .

127 653 160 679 ad
171 653 427 689 habendamjngcm
443 654 597 679 memoriam
609 653 714 679 animae
725 653 881 688 praedictae
893 653 924 679 (i.
940 654 1025 688 pati-is
1041 655 1082 680 sui
1093 675 1099 685 ,
1115 660 1141 680 et
1154 655 1186 680 ad
1201 656 1417 681 anniversarium
1433 656 1518 690 ipsius
1533 655 1647 693 singulis

127 702 206 727 annis
221 706 355 736 perpetuo
369 700 575 726 celebrandum.
595 699 643 726 Cui
656 700 796 726 donationi
817 709 955 726 assensum
972 710 1060 727 meum
1076 702 1156 727 etiam
1179 703 1298 737 gratuita
1320 703 1488 738 benignitate
1510 703 1622 730 adhibui
1639 725 1645 730 ,

128 753 155 774 et
166 747 268 774 dictum
281 753 389 783 pratum
399 748 522 783 praefato
534 748 693 779 conventui,
706 752 736 773 ut
750 757 825 773 suam
838 757 934 782 puram
948 748 1148 783 eleemosynam
1161 749 1326 775 allodialiter
1339 756 1365 776 et
1377 751 1410 776 ab
1422 751 1494 777 omni
1507 751 1647 777 exactione

127 799 155 820 et
168 795 302 821 calumnia
320 804 369 821 seu
384 796 517 821 servitute
535 800 670 830 perpetuo
689 795 836 821 tenendum
854 796 985 821 concessi.
1008 795 1125 831 Insuper
1143 797 1315 823 universitati
1333 802 1440 824 vestrae
1459 803 1553 825 [cuore
1568 808 1647 834 prae-

128 843 245 868 sentium
259 841 382 868 similiter
394 843 562 874 innotescat,
577 842 651 877 quod
664 841 770 868 fructus
784 842 865 868 unius
877 843 982 868 bonarii
996 843 1067 878 prati
1081 843 1155 878 quod
1171 843 1297 870 dominus
1312 844 1425 871 Amilius
1439 845 1473 871 de
1492 846 1610 872 Riedeva
1619 852 1647 872 et

128 888 220 915 Ghisla
236 898 304 915 uxor
316 889 376 923 ejus
390 894 516 915 emerunt
530 889 555 914 in
566 888 695 924 parochia
709 888 742 915 de
753 889 899 915 Stenhusia
912 910 919 916 .
929 890 956 915 iu
966 890 1026 915 vico
1041 890 1087 925 qui
1096 889 1198 916 dicitur
1208 890 1381 926 Crmnphout,
1393 896 1420 916 et
1431 900 1445 916 a
1457 901 1498 918 me
1514 893 1644 919 tenebant

127 936 155 962 in
170 935 279 963 feodum
293 957 299 968 ,
316 936 388 962 dicta
397 936 487 963 Ghisla
502 941 529 963 et
541 936 596 962 filia
610 936 669 970 ejus
679 936 713 963 de
728 936 869 963 voluntate
883 941 911 963 ct
920 946 1032 963 assensu
1046 946 1119 969 meo,
1136 947 1186 973 pro
1201 938 1289 964 anima
1301 939 1443 964 memorati
1460 938 1548 965 Amilii
1560 961 1566 966 .
1584 950 1646 966 con>

130 982 254 1010 tulerunt
266 984 292 1009 in
303 983 417 1010 liberam
432 983 630 1019 eleemosynam
642 983 773 1009 ecclesiae
788 984 925 1010 Ninivensi
939 1005 945 1016 ,
957 984 993 1010 ita
1005 984 1108 1010 scilicet
1122 984 1197 1020 quod
1208 985 1292 1011 abbas
1303 985 1388 1020 ipsius
1399 985 1528 1012 ccclesiae
1542 996 1647 1013 annua-

128 1031 176 1057 tim
186 1035 213 1057 et
225 1036 360 1066 perpetuo
372 1031 478 1057 fructus
490 1031 604 1066 recipiet
617 1031 681 1057 dicti
691 1032 762 1066 prati
771 1052 777 1063 ,
792 1041 823 1058 ex
834 1032 935 1066 quibus
946 1037 1018 1058 emet
1029 1032 1134 1058 calceos
1148 1032 1263 1068 singulis
1275 1033 1353 1058 annis
1365 1038 1392 1059 et
1404 1042 1454 1068 pro
1464 1034 1551 1059 anima
1562 1035 1646 1069 ipsius

129 1078 277 1104 distribuet
290 1079 459 1114 pauperibus
475 1078 642 1114 ubicumque
655 1078 772 1105 voluerit
791 1084 818 1105 et
836 1079 923 1105 visum
941 1080 965 1105 ei
986 1079 1071 1106 suerit
1088 1079 1227 1115 expedire.
1251 1080 1284 1107 Ut
1302 1086 1393 1107 autem
1408 1085 1526 1117 utraque
1538 1081 1646 1108 collatio

128 1124 226 1151 harum
236 1125 471 1161 eleemosynarum
485 1135 536 1151 suo
544 1125 624 1151 modo
636 1125 713 1151 firma
724 1130 751 1151 et
760 1125 865 1152 stabilis
874 1126 901 1152 in
916 1132 1080 1162 perpetuum
1092 1132 1261 1162 perseveret,
1273 1128 1406 1163 scriptum
1418 1137 1548 1163 praesens
1559 1129 1585 1155 in
1594 1134 1648 1155 tes-

127 1173 270 1199 timonium
282 1178 335 1199 tam
344 1172 500 1199 earumdem
510 1172 743 1208 eleemosynarum
756 1182 837 1208 quam
849 1173 909 1207 ejus
920 1182 991 1209 quae
1001 1174 1157 1209 utriusque,
1167 1183 1329 1200 consensum
1340 1184 1429 1201 meum
1438 1175 1549 1209 adjunxi
1559 1176 1646 1212 sigillo

130 1228 190 1246 meo
205 1221 298 1247 censui
311 1220 507 1247 roborandum.
524 1220 618 1246 Actum
641 1220 714 1256 apud
733 1220 931 1247 Scendclbecca
945 1242 952 1251 ,
971 1230 1043 1247 anno
1056 1221 1208 1247 dominicae
1228 1222 1426 1248 lncarnationis
1446 1222 1625 1249 MCCXXXIH
1640 1245 1647 1255 ‚

132 1276 222 1293 mense
237 1267 316 1293 Maio.

1133 1316 1241 1347 original
1250 1334 1255 1339 .
1267 1323 1335 1340 sceau
1350 1316 1432 1347 perdu.

843 1387 910 1398 ΙΙ

795 1586 975 1620 CLXXVI.

135 1686 286 1721 Garates·
297 1715 307 1730 ,
328 1688 418 1722 ahhe'
427 1687 572 1735 ye'ne'ral
590 1687 631 1721 de
649 1687 875 1730 Pre'montre',
900 1687 1016 1721 de'oe'de
1039 1700 1092 1722 un
1117 1687 1292 1734 dzffiz'rend
1315 1692 1381 1735 qui
1394 1693 1535 1725 eoez‘staz't
1551 1699 1647 1727 entre

182 1745 228 1779 les
257 1746 409 1792 abhayes
435 1746 475 1780 de
503 1745 640 1780 Nz'nove
659 1751 692 1779 et
714 1745 1095 1793 Bomze-Espe'rance,
1135 1746 1375 1782 relatz‘vement
1396 1746 1419 1782 ἀ
1440 1748 1474 1782 la
1492 1749 1586 1784 (lime
1606 1752 1647 1785 dc

179 1809 289 1838 terres
306 1804 430 1838 sz'buc'es
444 1802 467 1838 ὰ
485 1803 628 1849 δεηεῇἑ.
644 1824 690 1830 -
710 1804 900 1838 ΗΕΜΒεΑΒΤ.

853 1973 925 1997 1254.

169 2045 307 2072 Universis
315 2045 443 2072 fidelibus
455 2045 555 2072 Christi
569 2051 624 2072 tam
639 2045 832 2081 praesentibus
844 2054 925 2080 quam
935 2044 1047 2077 suturis,
1060 2045 1104 2071 W.
1114 2045 1204 2072 dictus
1216 2046 1300 2072 abbas
1314 2047 1589 2074 praemonstratensis
1604 2058 1646 2075 sa—

131 2092 217 2119 lntem
230 2093 256 2118 in
271 2091 391 2118 domino.
404 2092 535 2119 Noverint
548 2093 684 2125 universi,
700 2093 774 2128 quod
789 2101 849 2118 cum
864 2092 936 2118 inter
948 2092 1120 2119 Ninivensem
1132 2101 1164 2118 ex
1178 2102 1232 2118 uua
1247 2098 1325 2127 parte
1339 2099 1366 2120 et
1381 2094 1548 2130 Bonae—Spei
1562 2096 1649 2122 eccle-

130 2139 184 2166 sias
191 2148 222 2165 ex
235 2138 321 2165 altera
332 2139 457 2174 quaestio
468 2144 625 2165 verteretur
632 2140 717 2175 super
726 2139 837 2166 decimis
852 2138 1033 2174 quarumdam
1042 2143 1179 2165 terrarum
1190 2139 1263 2174 apud
1273 2139 1441 2175 Ileniemurt,
1452 2142 1646 2176 pertinentium

130 2186 164 2213 ad
178 2186 277 2213 dictam
291 2185 432 2212 ecclesiam
442 2186 614 2212 Ninivensem
628 2207 636 2219 ‚
651 2187 764 2212 sitarum
778 2187 805 2212 iu
821 2185 967 2221 parrochia
975 2185 1009 2212 de
1023 2185 1136 2212 seneffia
1149 2207 1155 2218 ‚
1169 2195 1237 2221 quas
1249 2186 1342 2212 eadem
1357 2187 1470 2214 ecclesia
1483 2189 1646 2224 quibusdam

131 2232 227 2265 alienis
240 2232 344 2259 colonis
361 2232 394 2258 ad
412 2237 520 2268 tempus
539 2233 653 2258 tradidit
663 2232 824 2259 excolendas
834 2253 841 2265 a
858 2231 968 2258 tandem
981 2232 1060 2258 nobis
1077 2237 1104 2258 et
1117 2232 1282 2268 quibusdam
1300 2233 1535 2261 cohabitatoribus
1548 2237 1650 2263 nostris

132 2280 330 2312 mediantibus,
343 2279 396 2306 suit
409 2280 443 2306 de
454 2281 600 2316 utriusque
615 2281 700 2315 partis
714 2289 827 2307 assensu
838 2279 930 2306 taliter
942 2279 1099 2306 ordinatum
1116 2285 1143 2306 et
1157 2280 1191 2306 ab
1207 2285 1327 2316 utraque
1341 2281 1454 2307 ecclesia
1467 2282 1587 2309 finaliter
1604 2293 1649 2310 ac-

132 2332 271 2363 ceptatum
281 2347 288 2360 ‚
307 2326 380 2362 quod
393 2327 524 2362 quamdiu
538 2326 577 2353 illi
591 2327 632 2353 vel
650 2326 695 2353 alii
710 2327 790 2353 alieni
805 2326 894 2353 coloni
912 2326 1045 2353 extollent
1058 2332 1146 2353 terras
1160 2326 1219 2353 illas
1229 2347 1236 2360 ‚
1253 2327 1365 2354 ecclesia
1383 2328 1535 2356 Ninivensis
1553 2330 1646 2357 reddet

133 2379 255 2410 quatuor
268 2373 372 2400 modios
385 2373 499 2410 siliginis
512 2374 682 2410 totidemque
700 2384 802 2401 avenae
814 2374 847 2400 ad
860 2383 1016 2400 mensuram
1031 2374 1210 2401 Nivellensem
1221 2375 1352 2401 ecclesiae
1365 2375 1530 2412 Bonae-Spei
1546 2378 1650 2405 solven-

132 2421 182 2448 dos
201 2422 273 2447 inter
287 2420 386 2447 festum
401 2421 486 2447 sancti
508 2421 621 2457 Remigii
641 2426 669 2447 et
683 2421 774 2447 natale
784 2421 891 2447 Domini
906 2422 1058 2447 annuatim.
1072 2421 1151 2457 Quod
1173 2423 1195 2447 si
1211 2430 1338 2456 processu
1364 2424 1494 2458 temporis
1509 2425 1648 2460 praedicta

129 2468 242 2495 ecclesia
251 2467 402 2494 Ninivensis
414 2467 532 2503 propriis
545 2468 670 2494 manibus
682 2473 730 2494 ant
740 2468 896 2503 sumptibus
909 2473 997 2494 terras
1008 2468 1159 2494 excoluerit
1173 2473 1345 2502 memoratas,
1358 2469 1488 2504 quamdiu
1500 2470 1559 2497 illas
1571 2481 1647 2498 exeo<

131 2516 178 2548 let,
192 2515 258 2542 nihil
274 2515 360 2542 solvet
373 2514 502 2541 ecclesiae
512 2515 676 2550 Bonae-Spei
691 2515 724 2542 de
736 2515 846 2542 redditu
857 2516 1016 2551 supradicto
1027 2536 1033 2548 ,
1047 2515 1128 2542 salvis
1139 2521 1228 2542 tamen
1241 2516 1328 2542 eidem
1342 2516 1471 2544 ecclcsiae
1481 2518 1649 2554 Bonae-Spei
