2118 3184
549 416 773 452 CHROMCA
804 415 1126 450 TORNACENSIS.
1534 416 1602 451 569

90 527 123 559 in
143 533 314 572 perpetuo
341 525 567 560 celebranda.
589 525 719 558 scilicet
737 531 939 558 sanctorum
961 526 1125 559 Eunurcii
1145 526 1298 572 episcopi
1318 532 1352 559 et
1372 522 1599 563 confessoris5

86 590 122 618 et
142 584 340 618 Genovefnc
365 584 520 631 xirginis.
553 583 619 616 Iste
648 583 774 616 ctiam,
801 581 845 615 dc
872 584 1045 628 promissu
1069 584 1231 630 eapituli7
1261 582 1456 618 construxit
1483 587 1602 615 orato-

90 643 181 676 rium
208 643 243 676 S.
273 643 463 684 vincentii,
489 654 551 687 per
572 640 670 687 quod
691 642 877 686 episcopus
898 642 1000 675 habet
1027 643 1222 690 ingressum
1251 643 1284 676 in
1313 642 1476 683 ecclesia,
1506 646 1539 673 ct
1567 639 1601 672 in

87 700 212 734 eodem
227 701 380 735 oratorio
395 707 607 746 perpetuum
621 699 840 745 capellanum
857 700 1029 745 episcopis
1044 700 1315 734 commensalem
1330 700 1494 741 instituit,
1511 710 1603 732 anno

90 759 152 793 MC
166 786 173 792 .
208 786 213 792 .
245 759 267 791 ¹.

137 817 316 863 Stephano
344 817 508 850 successit
528 816 740 858 coss-uinus,
768 816 998 850 'l'ornucensis
1020 816 1288 851 archidiaconus
1301 844 1309 859 7
1326 822 1549 850 consecratus
1567 815 1602 848 in

88 876 292 922 episcopum
311 888 404 909 anno
425 875 526 909 MCC.
549 875 616 908 Iste
635 874 807 909 ordinavit
825 875 965 908 missam
985 875 1028 909 de
1045 876 1340 909 Nostra-Domina
1360 887 1421 921 per
1435 874 1525 907 duos
1544 885 1603 907 ca-

88 936 232 969 nonicos
247 934 465 981 praebendas
479 933 710 968 sacerdotales
720 934 919 968 obtinentes
931 961 938 976 a
951 934 1110 980 quotidie
1124 934 1274 968 durante
1289 933 1433 981 sonagio
1450 933 1582 978 primae
1592 958 1600 974 ,

88 993 269 1028 celebrari.
292 993 331 1026 Et
346 1006 410 1039 pro
426 992 662 1026 anniversario
678 1004 741 1025 suo
760 991 855 1025 dedit
873 992 1057 1025 refectorio
1073 1005 1178 1025 unam
1193 991 1366 1026 decimam
1387 992 1604 1024 waesmons-

89 1059 182 1094 trae,
199 1058 233 1086 et
252 1052 353 1086 aliam
371 1050 543 1085 decimani
559 1049 654 1096 apud
669 1050 855 1093 NiveHam„
876 1062 944 1083 una
962 1062 1043 1084 cum
1062 1050 1170 1084 domo
1186 1062 1248 1084 sua
1266 1051 1300 1083 in
1317 1049 1498 1084 Nornieria
1517 1049 1600 1088 sitaff

89 1123 171 1145 cum
194 1109 408 1157 quibusdam
428 1109 502 1142 aliis
520 1109 622 1142 bonis
645 1109 680 1141 in
704 1109 778 1153 ejus
801 1108 1037 1141 anniversario
1061 1115 1188 1154 quarto
1211 1107 1374 1141 kalendas
1397 1107 1604 1141 Novembris

90 1169 192 1203 latius
211 1168 406 1202 declaratis.
432 1168 489 1201 lsti
508 1167 673 1213 episcopo
694 1167 896 1215 recognovit
914 1167 1116 1213 Philippusff
1147 1179 1205 1200 rex
1226 1167 1405 1208 Franciac„
1427 1167 1603 1200 civitatem

91 1227 349 1261 Tornaceusein
360 1233 394 1260 et
408 1225 773 1272 ejnsjurisdictioneiu
789 1224 832 1258 ad
849 1226 1053 1271 episcopum
1067 1225 1254 1271 pertinerc7
1271 1237 1364 1258 anno
1379 1225 1479 1259 MCC.
1499 1225 1599 1266 Itemff

90 1286 154 1320 iste
179 1285 498 1320 excommunicavit
523 1284 687 1318 comitem
717 1283 917 1325 Flandriae7
946 1290 979 1316 et
1005 1284 1080 1329 ejus
1103 1283 1250 1329 patriam
1282 1283 1468 1329 supposuit
1493 1283 1604 1316 inter-

90 1343 198 1378 dicto.
230 1344 338 1386 Item7
368 1343 466 1376 istius
495 1349 652 1388 tempore
675 1342 766 1375 cives
789 1341 1027 1375 Tornacenses
1047 1348 1272 1375 extraxerunt
1297 1354 1315 1375 a
1339 1342 1489 1375 claustro
1514 1341 1604 1375 Nos-

91 1403 349 1437 trae-Dominae
364 1402 536 1436 Jacobum
556 1400 678 1435 Clerici
698 1406 732 1433 et
749 1412 831 1433 eum
850 1400 1113 1446 suspenderunt
1131 1406 1276 1446 propter
1294 1399 1527 1434 homicidium
1543 1412 1604 1445 per

91 1462 207 1507 ipsum
227 1461 264 1494 in
283 1460 422 1495 civitate
447 1459 687 1493 commissum.

140 1519 312 1554 Gossuino
332 1518 498 1552 successit
508 1517 684 1551 lValterus
700 1515 744 1550 de
761 1516 915 1558 Martiis,
937 1515 1110 1549 oriundus
1129 1515 1173 1549 de
1193 1515 1369 1555 Tornaco.,
1391 1515 1582 1549 canonicus
1594 1542 1601 1548 .

91 1577 220 1612 deinde
238 1577 273 1610 in
292 1577 498 1623 episcopum
515 1576 773 1610 'tornacensem
793 1581 1035 1617 consecratus,
1060 1586 1153 1608 anno
1173 1574 1357 1608 MCCXIX.
1378 1574 1445 1608 Iste
1461 1574 1606 1609 viriliter

91 1643 126 1671 et
149 1636 282 1671 utiliter
313 1635 550 1678 conservarint
578 1634 820 1682 augmentavit
845 1640 880 1668 et
906 1632 1066 1667 defendit
1091 1633 1272 1667 ecclesiam
1302 1640 1337 1667 et
1358 1633 1432 1679 ejus
1461 1633 1606 1667 liberta—

92 1702 162 1739 tes,
181 1701 217 1729 et
238 1695 319 1741 jura
341 1701 376 1728 et
400 1695 491 1729 cives
514 1694 752 1727 Tornacenses
771 1705 836 1739 pro
854 1692 1056 1739 supradicta
1080 1693 1294 1726 extractione
1316 1692 1436 1726 Jacobi
1461 1691 1601 1734 Clericie

91 1761 252 1801 tempore
267 1754 430 1788 Gossuini
445 1753 599 1799 episcopi
612 1780 620 1796 a
638 1752 777 1799 punivit
791 1758 826 1786 et
839 1758 1031 1798 perpetuae
1050 1751 1209 1785 servituti
1224 1750 1375 1799 redegit.¹
1388 1751 1488 1796 juxta
1503 1762 1606 1784 cano-

93 1814 188 1848 nicas
210 1813 406 1847 sanctiones
435 1812 471 1845 in
499 1811 734 1857 praestatione
753 1810 945 1856 juramenti
971 1817 1006 1844 et
1027 1810 1122 1843 alias.
1150 1810 1218 1843 Iste
1244 1810 1420 1843 walterus
1443 1808 1606 1842 fundavit

93 1872 253 1906 ecclesias
268 1870 473 1905 monialium
488 1869 532 1904 de
553 1870 665 1903 Pratis
679 1870 902 1915 fratrumque
918 1869 1097 1902 minorum
1117 1868 1392 1902 Tornacensium
1405 1895 1413 1911 7
1431 1880 1471 1901 ac
1485 1867 1606 1915 beghi-

93 1942 235 1973 narum,
257 1942 394 1963 necnon
414 1935 448 1962 et
465 1928 589 1962 domos
603 1928 832 1962 emeritorum
852 1934 886 1961 et
905 1928 1080 1961 bonorum
1097 1939 1303 1973 puerorum.
1326 1926 1414 1960 Item
1427 1953 1435 1969 a
1458 1925 1607 1960 redemit

92 1989 136 2024 de
163 2001 272 2022 manu
296 1988 382 2022 laica
404 1993 610 2033 patronatus
635 1986 860 2020 ecclesiarum
888 1985 1048 2032 cl’Eynes
1074 1992 1108 2019 et
1134 1985 1375 2028 Cominensis7
1403 1997 1491 2031 quas
1521 1985 1604 2018 olim

94 2046 298 2082 Harduinus
316 2048 502 2093 episcopus
521 2046 750 2088 alienaverat7
770 2052 805 2078 et
823 2045 858 2078 in
877 2044 1009 2078 eisdem
1032 2045 1184 2078 ecclesiis
1200 2045 1258 2078 hic
1276 2044 1453 2077 W'alterus
1471 2043 1606 2077 benefi-

94 2107 146 2141 cia
171 2105 322 2139 instituit
339 2112 373 2139 et
389 2104 562 2152 delegavit
579 2103 734 2138 abunde.
758 2104 864 2145 ltem7
886 2103 949 2137 iste
967 2116 1099 2137 novum
1119 2104 1267 2137 chorum
1289 2103 1451 2137 ecclesiae
1470 2102 1606 2135 Torna-

93 2164 206 2199 censis
224 2163 356 2209 incepit
375 2163 557 2196 fabricare.
581 2163 686 2205 Item,
712 2161 896 2208 parochias
920 2174 1002 2195 suae
1025 2161 1193 2195 dioecesis
1215 2161 1318 2195 certis
1341 2160 1510 2194 limitibus
1534 2171 1603 2193 non

95 2223 259 2257 limitatas
292 2221 451 2254 limitavit
469 2247 476 2262 -,
512 2226 546 2253 et
577 2220 754 2253 novalium
785 2219 1003 2253 decimarum
1035 2219 1125 2252 intra
1159 2219 1325 2252 terminos
1357 2217 1605 2264 parochiarum

96 2281 346 2322 limitatarumff
369 2291 477 2313 unam
503 2277 727 2311 medietatem
749 2278 902 2323 capitulo
925 2277 1137 2311 Tornacensi
1157 2276 1302 2310 donavit
1317 2303 1326 2320 ⁷
1347 2276 1519 2322 reliquam
1540 2276 1606 2310 sibi

96 2345 131 2373 et
148 2339 219 2373 suis
242 2337 502 2372 successoribus
524 2348 719 2378 reservans,
740 2348 802 2382 per
822 2342 937 2370 totum
964 2336 1171 2369 comitatum
1195 2335 1375 2369 Flandriae
1395 2335 1607 2381 provenien-

97 2404 186 2440 tem,
214 2397 359 2443 dempta
381 2396 515 2439 Wasia,
541 2395 642 2441 eujus
660 2394 814 2429 decimas
832 2395 971 2429 novales
996 2395 1208 2428 monasterio
1231 2394 1275 2428 de
1299 2394 1476 2428 Baudeloo
1497 2394 1608 2441 assig-

135 2528 142 2546 ¹
166 2527 248 2554 Deest
262 2537 402 2554 numerus.

195 2575 282 2609 Toni.
312 2575 358 2609 ΙΙ.
1466 2572 1512 2607 72
