2118 3184
742 414 1030 450 APPENDICES.
1571 413 1641 449 905

124 525 267 558 omuijnre
277 534 348 560 quac
357 525 383 551 in
394 534 425 551 ea
438 524 521 550 habui
533 525 559 550 iu
573 533 668 550 manus
678 522 843 549 venerabilis
857 523 941 558 patris
950 522 1045 558 Sygeri
1054 543 1061 554 ‚
1074 522 1180 549 abbatis
1192 522 1358 553 Ninivensis,
1370 521 1404 548 ad
1415 530 1485 557 opus
1498 521 1588 547 dictae
1598 529 1642 546 ec-

123 572 222 598 clesiae
240 572 358 600 contuli.
373 572 438 606 jure
453 571 572 597 allodiali
585 570 620 596 ab
634 570 727 596 eadem
742 570 856 595 ecclesia
870 570 899 596 in
914 574 1079 604 perpetuum
1097 569 1182 596 libere
1196 569 1397 605 possidendam.
1413 568 1450 595 Ne
1465 573 1555 594 autem
1569 567 1642 593 dicta

123 620 236 646 ecclesia
247 630 332 656 super
341 620 412 646 dicta
425 624 498 645 terra
510 618 628 653 aliquam
637 617 670 643 de
683 622 792 643 cnr-lero
802 617 923 652 patiatur
937 616 1097 649 molestiam,
1107 617 1228 643 eamdem
1239 622 1339 643 terram
1347 616 1435 643 dictae
1443 616 1572 642 ecclesiae
1580 624 1642 641 con-

126 673 168 694 {ra
182 675 370 704 quoscumque
384 665 446 692 volo
459 673 637 697 conservare,
649 669 675 690 et
689 664 796 699 plenam
808 668 835 689 et
847 663 995 699 perfectam
1008 664 1190 699 garandisiam
1203 673 1287 699 super
1301 663 1396 690 eadem
1407 668 1481 689 terra
1495 663 1583 689 dictae
1598 671 1642 688 ee-

125 715 224 742 clesiae
231 714 404 750 repromitto,
413 713 641 748 quotiescumque
648 720 759 737 necesse
769 710 862 742 suerit,
873 719 887 735 a
896 719 937 735 mc
947 715 973 736 ct
981 711 1186 737 successoribus
1195 711 1260 737 meis
1269 711 1357 737 eidem
1367 710 1498 736 ccclesiae
1506 715 1641 746 perpetuo

127 761 319 788 exhibendam.
335 760 365 786 lu
375 759 560 786 testimonium
572 758 784 794 praemissorum
795 762 821 783 et
831 757 967 782 munimen
979 766 1109 792 praesens
1120 757 1252 792 scriptum
1270 757 1351 792 sigilli
1362 757 1413 782 mei
1425 762 1452 783 et
1463 756 1544 792 sigilli
1554 756 1643 783 dictae

127 809 219 835 uxoris
227 817 302 834 meae
311 807 488 842 appensione.
499 815 560 832 cum
570 806 680 831 tcstium
690 804 884 830 subnotatione
894 804 940 839 qui
949 804 1038 829 dictae
1046 803 1185 829 collationi
1200 803 1402 833 interfuerunt,
1413 804 1502 830 (lictae
1514 803 1643 830 ecclesiae

125 855 270 882 conserens
288 855 460 880 roboratum.
475 853 571 879 Testes
584 852 705 888 Sygerus
721 852 820 878 abbas.
839 851 956 877 Leonius
974 851 1103 886 magister
1118 851 1152 876 de
1172 850 1344 884 Lidekerka3
1369 850 1538 883 Willelmus,
1562 860 1643 886 paro·

126 903 242 930 chianus
251 902 285 928 de
298 900 466 931 Lmen—rm,
483 900 508 925 Nl
520 899 637 926 illelmus
651 899 685 925 de
700 898 804 924 llullerl
814 919 821 932 ‚
838 897 978 924 Jollannes
986 897 1020 923 dc
1034 896 1137 923 Matreu
1147 917 1156 931 ‚
1171 897 1321 923 Balduiuus
1334 897 1400 922 Beth
1411 917 1418 929 ‚
1432 898 1555 923 canonici
1569 897 1643 924 Nini-

127 959 241 984 vcnses3
255 948 415 984 Arnulphus
431 948 522 979 miles,
538 947 624 973 frater
635 946 738 972 domini
752 946 866 972 nasonis
880 945 914 971 de
926 944 1090 977 Lidelxercffi
1108 944 1265 970 Annekinus
1278 943 1458 975 castellanus,
1481 944 1643 971 Lambertus

126 999 260 1029 clericus,
277 996 418 1022 Walter-us
436 995 525 1020 Isolen
536 1015 543 1028 ‚
557 994 681 1020 homines
697 994 748 1020 mei
764 993 865 1019 feodati
880 1014 887 1025 ,
902 998 929 1019 et
941 992 997 1018 alii.
1013 992 1111 1019 Actum
1127 1001 1198 1018 anno
1211 991 1319 1018 Domini
1336 990 1533 1025 MCCXLYHI,
1552 1001 1643 1018 mense

127 1045 270 1072 Decembri
282 1066 288 1073 ,
305 1045 330 1070 in
343 1048 422 1070 curte
437 1041 642 1068 monachorum.

866 1087 974 1119 Original
983 1106 989 1110 .
1002 1094 1087 1111 sceaux
1097 1086 1213 1118 pendants
1225 1088 1239 1110 a
1248 1085 1346 1109 doubles
1357 1092 1445 1116 queues
1453 1085 1482 1108 (lc
1492 1085 1639 1116 parchemin.

812 1356 963 1391 CCXIII.

129 1453 183 1488 La
195 1458 353 1488 covvztesse
365 1451 586 1498 Mar-querite
600 1449 744 1484 necorde
758 1447 780 1483 ἀ
792 1449 949 1495 l’ahhaye
963 1448 997 1481 la
1006 1448 1202 1494 possession
1219 1446 1429 1481 lze're‘clz'taz‘re
1441 1447 1481 1481 de
1494 1448 1646 1480 certaz'ns

178 1513 276 1546 hiens
291 1524 357 1558 que
381 1511 427 1544 les
444 1512 577 1544 moines
601 1508 799 1542 de'tenaz'ent
819 1520 904 1542 sans
929 1509 1067 1548 raison,
1092 1504 1114 1539 ἁ
1140 1505 1266 1552 charge
1292 1505 1591 1540 d’zzuuz‘veww’res
1616 1510 1648 1538 et

178 1571 285 1604 cl’une
304 1569 492 1603 redevance
509 1567 672 1602 annuelle
689 1567 730 1601 de
749 1569 804 1601 3122*
823 1567 961 1600 deniers
979 1565 1019 1599 de
1038 1564 1168 1598 blane&
1182 1563 1358 1597 -Cma

856 1741 926 1764 12⁴9.

169 1826 226 1863 Ego
240 1825 395 1861 Margareta
407 1824 550 1850 Flandriae
563 1829 589 1850 et
605 1823 754 1849 Hainoniae
768 1822 903 1849 comitissa
916 1842 923 1853 ‚
939 1827 1032 1848 notum
1046 1820 1116 1847 facio
1130 1821 1323 1856 praesentibus
1342 1825 1370 1846 et
1387 1820 1488 1846 futuris
1500 1842 1507 1851 ‚
1524 1820 1599 1856 quod
1613 1821 1646 1846 ad

133 1873 302 1900 voluntatem
315 1881 401 1898 meam
415 1893 421 1904 ‚
436 1881 451 1897 a
465 1880 507 1898 me
517 1871 647 1906 inspectis
661 1876 687 1896 et
701 1870 860 1896 examinatis
874 1869 1033 1905 diligentius
1046 1868 1149 1894 chartis
1159 1889 1166 1900 ‚
1182 1868 1312 1894 ecclesiae
1322 1868 1459 1894 §inivensi
1473 1877 1557 1903 super
1570 1868 1649 1894 bonis

133 1925 159 1947 et
170 1919 388 1956 possessionibus
399 1919 456 1945 suis
469 1918 542 1954 apud
555 1918 656 1950 locum,
670 1919 716 1954 qui
729 1918 831 1944 dicitur
846 1917 917 1953 Culf,
930 1926 944 1942 a
956 1915 1215 1952 praedecessoribus
1225 1915 1292 1941 meis
1300 1915 1387 1942 eidem
1402 1915 1532 1942 ecclesiae
1547 1916 1649 1941 intuitu

133 1967 243 2003 pietatis
256 1966 392 1993 concessis
401 1987 407 1997 ,
420 1971 447 1992 et
457 1965 558 1992 eisdem
571 1965 674 1992 chartis
685 1965 865 1991 existentibus
879 1964 958 1989 bonis
970 1968 998 1989 et
1010 1962 1153 1989 veracibus
1167 1963 1254 1989 necin
1269 1962 1362 1998 aliqua
1374 1963 1416 1989 sui
1432 1968 1511 1997 parte
1526 1963 1626 1989 vitiatis
1640 1983 1647 1992 ,

133 2016 244 2041 inventa
259 2019 301 2040 est
313 2013 386 2039 dicta
399 2013 513 2039 ecclesia
528 2022 543 2038 a
560 2013 663 2038 nuntiis
674 2017 701 2038 et
718 2011 903 2038 servientibus
918 2011 984 2037 meis
997 2009 1070 2045 apud
1082 2009 1186 2036 dictum
1204 2009 1293 2035 locum
1309 2030 1315 2041 ,
1331 2014 1415 2045 prout
1427 2010 1466 2036 eis
1480 2009 1626 2035 videbatur
1641 2030 1648 2039 ,

134 2066 211 2088 extra
220 2060 318 2086 limites
330 2065 357 2086 et
369 2069 510 2085 mensuras
520 2068 662 2094 expressas
673 2059 700 2085 in
711 2059 790 2085 dictis
801 2058 904 2085 chartis
915 2057 1036 2083 tenuisse
1046 2061 1073 2082 et
1083 2061 1176 2082 tenere
1187 2056 1298 2082 circiter
1309 2056 1508 2092 quinquaginta
1523 2056 1647 2085 bonaria,

134 2117 230 2144 parum
242 2107 304 2143 plus
313 2106 356 2133 vel
364 2107 464 2138 mium,
477 2111 531 2132 tam
541 2107 609 2132 mori
621 2116 702 2142 quam
713 2112 814 2132 terrae.
826 2105 902 2132 Unde
913 2105 964 2140 piis
973 2104 1213 2140 praedecessorum
1223 2113 1345 2130 meorum
1355 2104 1476 2140 vestigiis
1486 2103 1633 2130 inhaerens
1641 2125 1648 2135 ,

135 2155 168 2181 ad
181 2155 233 2181 hoc
243 2154 316 2190 quod
325 2154 530 2180 anniversarius
538 2153 630 2180 obitus
639 2155 690 2180 mei
701 2154 759 2180 dies
769 2158 795 2179 et
810 2152 895 2179 felicis
908 2152 1053 2178 memoriae
1061 2151 1185 2177 Balduini
1196 2151 1302 2177 comitis
1314 2151 1399 2186 patris
1409 2151 1472 2183 mei,
1486 2151 1586 2177 Mariae
1595 2161 1651 2177 ma-

136 2203 186 2229 tris
197 2211 272 2228 meae
286 2206 313 2227 et
325 2200 468 2227 Johannae
480 2201 583 2226 sororis
596 2210 686 2233 meae,
702 2201 728 2226 in
743 2200 814 2226 dicta
827 2199 940 2226 ecclesia
954 2208 1016 2225 cum
1030 2197 1122 2224 debita
1139 2197 1312 2224 solemnitate
1326 2198 1467 2233 perpetuis
1480 2198 1651 2233 temporibus

134 2249 302 2281 celebretur,
317 2248 429 2283 permisi
439 2252 467 2274 et
479 2249 600 2274 concessi
612 2248 751 2284 praefatae
765 2247 893 2274 ecclesiae
905 2247 1008 2273 dictum
1022 2255 1128 2272 morum
1143 2250 1169 2271 et
1184 2250 1295 2276 terram,
1313 2250 1389 2271 extra
1406 2245 1493 2271 dictos
1511 2244 1610 2271 limites
1624 2250 1651 2271 et

135 2305 290 2323 mensuram
304 2295 342 2322 sic
357 2295 493 2321 inventam
505 2316 512 2328 ⁷
527 2295 562 2322 ‹le
575 2295 759 2329 caeterojure
772 2294 956 2321 haereditario
976 2293 1116 2329 possidere
1132 2313 1140 2326 ‚
1166 2293 1218 2319 sub
1232 2302 1324 2318 annuo
1343 2302 1475 2319 concessu
1497 2301 1543 2318 sex
1566 2292 1652 2318 dena-

135 2345 241 2370 riorum
255 2343 380 2369 alborum
395 2343 430 2369 de
445 2343 570 2378 quolibet
587 2343 702 2369 bouario
721 2342 785 2369 milii
798 2347 825 2369 et
843 2341 1048 2368 successoribus
1063 2340 1128 2366 meis
1149 2344 1284 2375 perpetuo
1302 2339 1507 2366 solvendorum.
1524 2339 1554 2366 ln
1573 2339 1654 2373 cujus

134 2391 175 2417 rei
189 2390 388 2423 testimonium,
401 2390 635 2417 confirmationem
649 2396 676 2417 et
692 2391 829 2416 munimen
841 2388 942 2416 tradidi
955 2388 1045 2415 dictae
1055 2387 1185 2414 ecclesiae
1199 2396 1330 2422 praesens
1343 2388 1475 2423 scriptum
1487 2408 1493 2415 .
1508 2386 1589 2423 sigilli
1601 2388 1653 2413 mei

134 2439 302 2473 appensione
316 2437 487 2464 roboratum.
503 2437 599 2464 Actum
615 2447 687 2464 anno
699 2438 804 2473 gratiae
818 2435 981 2463 MCCXLIX.

1148 2481 1279 2505 Cartulaire
1290 2480 1319 2505 de
1331 2481 1439 2505 Malines.

260 2577 346 2611 Tou.
379 2576 426 2610 II.
1462 2573 1531 2607 114
