2137 3131
470 372 541 406 1008
812 368 986 404 CORPUS
1013 366 1344 401 CHRONICORUM
1372 367 1636 402 FLANDRlAE.

473 483 579 514 frater
599 479 765 523 majorem
793 477 932 509 missam
953 474 1158 517 celebravitff
1184 481 1219 508 ct
1240 481 1311 508 tota
1338 474 1391 507 illa
1416 473 1473 507 die
1492 473 1575 507 dicti
1602 474 1746 517 fratres„
1768 487 1849 508 cum
1869 476 1986 510 archi·

470 538 618 572 diacono
640 536 807 582 Brugensi
832 541 866 566 et
885 533 1031 566 domino
1057 532 1210 565 Roberto
1235 532 1440 578 praedictis3
1462 539 1691 566 cantaverunt
1714 532 1889 576 officium2
1915 535 1989 568 aliis

474 598 588 630 wnire
605 594 817 628 nolentibus.
836 592 903 625 Sed
920 591 1089 637 paulatim
1105 592 1250 624 cessavit
1264 592 1327 624 ista
1346 591 1499 624 vexatio.
1517 598 1548 625 et
1566 591 1666 625 multi
1683 590 1727 625 de
1742 591 1889 639 collegio
1906 604 1988 626 cum

472 654 656 701 praedictis
682 659 836 699 quatuor
858 664 939 684 cum
964 651 1090 684 timore
1110 649 1225 683 valido
1253 649 1446 684 redierunt.
1472 651 1616 684 Interim
1645 657 1761 696 partes
1787 650 1831 683 ad
1853 650 1988 684 curiam

475 715 678 747 Remensem
698 717 731 743 et
751 710 795 743 ad
816 710 1010 743 Romanam
1031 709 1165 742 curiam
1182 708 1354 741 miserunt
1368 715 1614 754 procuratores
1633 715 1667 742 et
1686 709 1830 742 nuntios
1849 708 1893 742 ad
1908 720 1989 742 suos

471 782 653 817 processus
679 767 925 810 sustinendosi
955 780 996 801 ex
1016 774 1102 801 tunc
1123 779 1299 813 nusquam
1319 774 1371 800 est
1392 774 1565 801 cessatum
1592 768 1625 800 in
1646 768 1798 801 civitate.
1821 767 1989 801 Canonici

471 836 586 863 nutem
607 828 669 874 qui
689 834 785 861 erant
810 827 936 860 Insulis
951 853 958 867 ,ἵ
981 827 1141 859 fecerunt
1160 826 1195 859 in
1211 838 1280 859 una
1298 826 1479 859 Dominica
1498 826 1699 872 publicare.¹
1720 826 1817 873 quod
1837 826 1901 872 ipsi
1922 826 1988 860 ha-

469 888 597 921 bebant
618 886 920 919 interlocutoriam
944 897 1009 931 pro
1032 897 1067 918 se
1092 883 1210 918 datam
1231 884 1275 917 ab
1293 884 1501 918 officialibus
1519 885 1769 925 Remensibus;
1791 897 1898 930 super
1915 897 1988 931 quo

470 958 633 980 murmur
652 957 821 992 magnum
843 944 910 977 fuit
928 944 964 976 in
984 944 1136 977 civitate.
1160 942 1421 977 Gubernatores
1440 949 1557 976 autem
1578 943 1727 976 civitatis
1744 955 1826 976 cum
1844 943 1989 977 festina-

469 1007 564 1039 tione
592 1004 708 1038 Remis
727 1004 916 1037 miserunt.
945 1010 979 1036 et
1001 1001 1134 1036 ibidem
1155 1009 1205 1036 est
1227 1009 1408 1048 repertum
1433 1002 1532 1048 quod
1557 1003 1603 1036 ita
1629 1014 1700 1035 non
1725 1009 1815 1045 erat7
1839 1008 1873 1035 et
1891 1001 1990 1048 quod

470 1064 564 1097 nulla
585 1063 849 1097 interlocutoria
869 1062 950 1096 data
970 1062 1105 1095 fuerat:
1133 1068 1167 1095 et
1188 1061 1256 1095 hoc
1279 1062 1345 1095 sub
1371 1062 1484 1109 sigillo
1506 1061 1598 1095 sedis
1627 1061 1807 1095 Remensis
1829 1066 1989 1106 reporta-

468 1129 608 1156 verunt.
633 1121 894 1156 Gubernatores
914 1127 1032 1154 autem
1048 1127 1082 1154 et
1101 1120 1296 1165 capitulum
1313 1126 1595 1154 convocaverunt
1615 1120 1761 1167 collegia
1780 1126 1814 1152 et
1832 1130 1990 1153 commu-

470 1183 582 1225 niam„
605 1188 641 1214 et
659 1180 770 1214 dictas
790 1181 921 1213 litteras
940 1180 1055 1227 legere
1078 1179 1239 1213 fecerunt
1257 1186 1291 1212 et
1310 1179 1504 1225 publicare.
1527 1178 1582 1212 Ob
1601 1191 1710 1225 quam
1730 1189 1870 1212 causam
1888 1176 1991 1210 multi

471 1253 576 1287 super
603 1239 790 1274 canonicos
817 1239 877 1285 qui
907 1245 1007 1271 erant
1032 1238 1158 1271 Insulis
1183 1237 1347 1271 dicebant
1375 1237 1485 1271 multa
1511 1237 1723 1282 opprobria7
1751 1243 1785 1269 et
1812 1235 1990 1270 crescebat

472 1298 631 1346 quotidie
650 1309 774 1331 rumor
792 1303 914 1330 contra
932 1308 1003 1330 eos.
1027 1296 1343 1329 Excellentissimus
1361 1302 1479 1329 autem
1500 1295 1664 1341 princeps
1677 1294 1844 1328 dominus
1861 1293 1991 1328 Johan-

472 1371 549 1392 nes.
580 1370 638 1391 rex
664 1356 845 1390 Franciae.
877 1362 911 1389 et
941 1355 1016 1400 ejus
1045 1355 1252 1397 consitiu¹11‚
1282 1353 1403 1388 audita
1426 1353 1520 1387 dicta
1546 1353 1783 1391 dissensionffi
1812 1351 1992 1386 mandavit

474 1423 587 1462 partes
613 1415 656 1449 ad
680 1421 811 1449 certam
830 1414 923 1448 diem
944 1414 979 1447 in
1002 1426 1065 1447 suo
1087 1426 1290 1459 comparere
1312 1413 1542 1459 parlamento.
1565 1412 1848 1458 Comparuerunt
1869 1423 1992 1457 perso-

474 1475 597 1509 naliter
626 1473 711 1507 dicti
743 1472 898 1506 decanus
926 1479 959 1505 et
987 1471 1226 1505 archidiaconi
1254 1472 1378 1505 fratres
1405 1483 1486 1505 cum
1513 1470 1659 1504 domino
1687 1471 1861 1504 Roherto.
1891 1476 1926 1503 et
1947 1469 1991 1503 de

473 1533 625 1567 sedecim
646 1532 823 1566 canonicis
838 1538 992 1577 quatuor
1008 1530 1147 1564 fundati
1167 1537 1413 1576 procuratores
1432 1542 1497 1576 pro
1516 1529 1603 1563 aliis.
1625 1529 1903 1575 Comparuitque
1920 1527 1992 1562 die-

472 1600 529 1625 tus
555 1604 614 1625 rex
638 1590 869 1636 personaliter
898 1590 933 1622 in
960 1589 1199 1635 parlamento7
1233 1595 1266 1622 et
1292 1588 1425 1622 audivit
1451 1600 1531 1621 cum
1557 1600 1620 1621 suo
1649 1587 1794 1621 consilio
1821 1587 1876 1620 illa
1900 1599 1991 1633 quae

477 1657 590 1696 partes
623 1660 821 1695 proponere
850 1647 1050 1681 votuerunt.
1083 1647 1282 1693 Habitoque
1313 1646 1483 1688 consilio,
1519 1645 1777 1679 commissarios
1813 1645 1861 1678 eis
1892 1644 1991 1679 dedit

475 1710 535 1756 qui
568 1708 731 1742 audirent
760 1707 912 1740 rationes
942 1706 1118 1752 partiumg
1151 1712 1190 1738 ut
1218 1705 1457 1738 examinarent
1484 1704 1638 1747 factum
1671 1710 1705 1737 et
1731 1703 1829 1750 quod
1853 1703 1990 1750 justum

475 1775 561 1802 esset
591 1767 817 1803 ordinarent⁸¹
843 1772 874 1798 et
907 1765 972 1798 sibi
1000 1770 1233 1810 reportarent.
1267 1764 1475 1809 Diciturque
1498 1775 1617 1811 regem
1644 1762 1770 1796 dixisse
1795 1761 1893 1808 quod
1920 1774 1991 1796 non

475 1827 575 1860 vellet
608 1825 756 1872 perdere
790 1824 991 1857 'fornacum
1024 1834 1088 1868 pro
1120 1821 1269 1855 dimidio
1301 1821 1400 1869 regni
1431 1821 1498 1854 sui.
1531 1822 1702 1866 Factaque
1733 1820 1825 1863 fuit7
1855 1821 1923 1854 lata
1957 1827 1992 1855 et

476 1886 652 1932 publicata
676 1896 782 1929 super
803 1882 993 1928 propositis
1019 1881 1190 1915 sententia
1219 1893 1282 1926 per
1307 1879 1494 1914 dominum
1518 1892 1655 1927 regem.v
1686 1880 1721 1913 in
1750 1878 1897 1921 modum
1929 1879 1991 1925 qui

478 1944 639 1989 sequitur
657 1956 662 1975 :

528 2016 545 2032 «
561 2002 578 2035 J
582 2001 739 2035 ohannes
751 2027 758 2033 .
779 2000 839 2034 Dei
855 2000 967 2047 gratia
981 2000 1144 2033 Franciae
1159 2011 1217 2032 rex
1228 2026 1237 2042 e
1253 1999 1289 2031 in
1303 1997 1485 2032 desideriis
1497 2004 1636 2031 nostrae
1650 1996 1866 2031 celsitudinis
1881 1998 1992 2043 potis-

476 2062 582 2094 simae
605 2060 761 2107 geritur,
789 2066 821 2092 et
852 2059 1016 2092 instantia
1042 2058 1172 2091 multae
1193 2056 1438 2091 sollicitudinis
1459 2057 1674 2099 excitamur.v
1697 2062 1736 2089 ut
1754 2068 1876 2090 omnes
1893 2057 1992 2104 regni

476 2120 585 2153 nostri
606 2118 726 2152 fideles
745 2124 779 2151 et
797 2117 943 2151 devotos
962 2118 996 2150 in
1017 2117 1112 2163 pacis
1135 2123 1169 2150 et
1187 2116 1452 2162 tranquillitatis
1471 2115 1606 2148 unitate
1625 2126 1824 2156 servemusf
1845 2120 1879 2147 et
1899 2114 1992 2148 inter

477 2191 535 2212 eos
567 2178 764 2224 quamlibet
795 2176 1020 2210 dissensionis
1049 2176 1231 2209 materiam
1260 2174 1525 2220 praecidamusg
1556 2185 1638 2206 cum
1669 2173 1743 2219 ipse
1773 2172 1846 2206 dux
1874 2178 1993 2206 noster

477 2237 642 2270 dominus
665 2235 946 2270 Jews-Christus
966 2247 1088 2281 pacem
1112 2235 1204 2268 inter
1226 2240 1362 2268 caetera
1383 2233 1554 2281 diligens7
1576 2232 1670 2265 illam
1691 2232 1727 2265 in
1749 2232 1872 2274 terris-¹
1898 2231 1993 2265 velut

478 2295 613 2328 donum
637 2295 895 2342 gratissimum.
927 2294 1065 2328 duxerit
1093 2292 1376 2340 relinquendam.
1406 2292 1521 2340 Igitur
1542 2304 1605 2337 per
1632 2303 1794 2337 praesens
1821 2290 1991 2335 scriptum

478 2360 602 2386 notum
625 2353 773 2386 facimus
793 2353 983 2386 universis.
1009 2359 1081 2386 tam
1103 2351 1345 2398 praesentibus
1367 2362 1475 2397 quam
1497 2350 1648 2383 futuris.
1675 2348 1773 2395 quod
1797 2360 1878 2382 cum
1900 2348 1992 2381 inter

478 2412 671 2457 capitulum
685 2438 692 2444 .
716 2411 767 2444 vel
787 2411 980 2459 singulares
1000 2411 1187 2445 canonicos
1206 2410 1401 2456 capitulum
1421 2409 1605 2443 facientes.
1622 2414 1663 2441 ut
1681 2407 1862 2448 dicebant7
1879 2406 1992 2439 ecele-

478 2470 546 2503 siae
576 2470 805 2503 Tornacensis
834 2482 873 2502 ex
902 2482 971 2503 una
1000 2476 1119 2515 parte.
1149 2476 1182 2503 et
1215 2468 1361 2502 dilectos
1388 2474 1422 2501 et
1444 2467 1564 2501 fideles
1591 2473 1728 2500 nostros
1751 2465 1988 2511 p1¹aepositos‚
