2137 3131
429 364 499 399 91],
1032 354 1322 390 APPENDICES.

431 470 502 506 quod
517 480 576 496 cum
590 469 700 495 ecclesia
716 467 864 493 Ninivensis
883 474 931 491 nos
948 464 1072 490 traxisset
1092 464 1118 489 in
1133 472 1242 489 eausam
1257 471 1348 489 coram
1362 461 1465 488 officiali
1480 461 1667 489 cameracensi
1682 471 1765 498 super
1778 462 1937 488 detentione

429 518 546 544 decimae
561 515 698 549 cujusdam
713 514 782 548 prati
795 514 835 539 sui
848 512 917 538 infra
932 512 1029 538 limites
1043 510 1205 546 parochialis
1220 510 1350 536 ecclesiae
1365 509 1527 541 Ninivensis,
1539 519 1610 545 quae
1624 509 1817 546 assignamenti
1830 510 1939 536 nomine

430 564 605 599 possidemus,
621 571 668 588 nos
681 570 785 587 omnem
798 560 851 586 litis
864 559 1030 585 occasionem
1044 559 1115 584 inter
1127 567 1175 584 nos
1186 561 1329 593 amputare
1344 557 1477 589 volentes,
1489 556 1522 583 de
1533 557 1700 592 prudentum
1715 557 1836 583 virorum
1850 556 1940 582 consi-

431 612 475 641 lio,
492 620 541 645 pro
558 610 627 635 bono
642 609 713 643 pacis
724 608 832 633 omnino
845 607 884 632 liti
897 606 1017 632 cedimus
1028 604 1202 640 supradictae
1212 625 1218 635 ‚
1234 604 1426 639 promittentes
1440 604 1511 630 bona
1521 604 1574 630 fide
1588 604 1661 640 quod
1676 613 1729 630 non
1741 603 1937 639 impediemus,

430 658 572 693 quominus
585 656 695 681 ecclesia
708 655 857 681 Ninivensis
871 653 1003 689 percipiet
1016 658 1042 679 et
1056 652 1155 678 habeat
1165 652 1282 678 decimas
1296 652 1361 677 dicti
1374 652 1456 687 prati,
1471 652 1601 687 quamdiu
1616 652 1717 678 erimus
1728 652 1755 678 in
1768 652 1939 687 possessione

429 704 491 729 dicti
507 703 574 738 prati
595 703 699 728 fructus
717 701 901 737 percipiendi,
917 700 1063 735 praecipue
1077 708 1137 725 cum
1151 704 1228 734 prata
1243 699 1462 732 circumjacentia
1477 698 1547 724 infra
1561 699 1660 725 limites
1674 699 1763 725 dictae
1776 698 1941 734 parochialis

429 750 554 777 ecclesiae
568 749 716 775 Ninivonsis
730 749 782 774 sint
794 747 933 773 decimalia
947 752 974 772 et
987 745 1093 773 solvant
1106 746 1223 772 decimas
1238 745 1387 781 parochiali
1401 745 1531 771 ecclesiae
1546 750 1710 772 memoratae
1723 757 1729 780 3
1742 756 1791 772 nos
1808 746 1889 772 etiam
1905 745 1938 772 de

428 797 535 823 decimis
554 806 584 822 ex
600 795 671 821 dicto
685 800 763 829 prato
777 794 912 830 perceptis
925 799 952 820 et
967 794 1080 819 retentis
1094 793 1181 819 eidem
1195 793 1324 819 ecclesiae
1338 792 1520 819 satisfecimus
1533 798 1732 828 competenter.
1756 793 1786 819 In
1802 793 1882 828 cujus
1899 794 1939 820 rei

429 843 609 869 testimonium
624 847 779 877 praesentes
793 841 897 867 litteras
910 841 996 867 eidem
1011 840 1141 866 ecclesiae
1159 839 1325 866 contulimus
1336 840 1480 865 roboratas
1495 845 1549 866 tam
1563 845 1657 866 nostro
1668 840 1757 877 sigillo
1771 850 1852 876 quam
1865 840 1941 877 sigil-

429 891 514 916 lorum
528 890 647 915 virorum
662 889 874 915 venerabilium:
889 888 993 924 Aegidii
1003 888 1036 914 de
1050 888 1163 923 Brugis,
1179 888 1328 923 praepositi
1340 887 1369 914 S.
1383 888 1455 914 Petri
1469 888 1631 921 Duaeensis,
1645 893 1672 914 et
1686 888 1808 925 magistri
1818 888 1939 915 Thomae

428 937 460 963 de
476 936 617 972 Maglilinia
629 957 636 967 ‚
650 936 772 962 canonici
785 935 984 962 Cameracensis
994 956 1000 968 ‚
1016 935 1180 961 auctoritate
1193 935 1331 971 episcopi,
1346 935 1495 971 provisoris
1509 934 1607 961 domus
1619 940 1741 962 nostrae.
1754 935 1854 962 Datum
1868 944 1940 962 anno

431 983 533 1009 Domini
548 983 671 1009 MCCLV.

1489 1019 1620 1044 Cartulaire
1627 1019 1656 1044 de
1669 1019 1776 1044 Malines.

1140 1092 1204 1102 ΙΙ

1083 1299 1263 1335 CCXXIV.

431 1391 492 1424 Les
506 1391 659 1425 e‘clievz'ns
677 1391 717 1425 de
740 1391 911 1438 Velsz‘cqne
933 1391 1111 1425 declarent
1130 1404 1195 1438 que
1213 1392 1371 1438 Z’abhaye
1389 1404 1413 1426 α
1435 1392 1554 1427 aclzete'
1575 1393 1610 1426 Za
1624 1393 1739 1437 ferme
1763 1393 1943 1428 d’Arnoul

853 1450 904 1484 De
923 1450 1019 1485 Smet
1038 1448 1061 1484 ὰ
1081 1450 1249 1485 Boclzout.
1271 1472 1319 1476 —
1334 1451 1499 1485 Bocnour.

1063 1638 1080 1660 A
1093 1635 1227 1668 Velsicque,
1240 1636 1312 1660 1257*

465 1718 508 1748 T.⁷
523 1717 592 1743 allen
606 1717 766 1753 denghenen
780 1718 823 1744 die
835 1718 900 1744 deze
916 1718 1032 1744 letteren
1046 1718 1120 1745 selen
1138 1719 1212 1752 sien,
1227 1718 1262 1745 de
1283 1718 1476 1754 lantscepenen
1492 1727 1544 1745 van
1560 1718 1676 1745 Velseke
1686 1739 1693 1751 ‚
1713 1719 1772 1745 God
1788 1718 1899 1745 houden
1913 1719 1940 1745 in

429 1774 513 1790 unsen
524 1764 599 1791 here.
613 1765 655 1790 Wi
668 1764 764 1791 mallen
777 1765 951 1801 vercondegh
963 1765 1010 1791 dat
1023 1765 1090 1792 daht
1103 1775 1136 1792 en
1148 1771 1266 1792 convent
1278 1775 1329 1792 van
1344 1766 1438 1792 Ninive
1452 1765 1560 1791 hebben
1570 1766 1685 1802 gecocht
1699 1771 1794 1793 terwet
1805 1775 1873 1792 eene
1880 1765 1942 1792 hof-

428 1816 481 1837 stat
493 1817 546 1837 met
560 1811 629 1837 allen
638 1833 645 1843 ,
661 1811 813 1847 gheleghen
828 1817 854 1838 te
868 1812 1006 1839 Bochoute
1019 1813 1106 1839 boven
1120 1813 1186 1839 hare
1199 1812 1260 1845 hof,
1274 1822 1325 1839 ane
1337 1813 1371 1839 de
1382 1818 1468 1841 strate
1477 1835 1483 1845 ‚
1492 1813 1597 1850 jeghen
1610 1813 1706 1850 Hugen
1720 1813 1790 1839 ende
1801 1812 1922 1849 Segeren
1934 1834 1941 1845 ‚

427 1858 545 1884 ‹lewelke
558 1858 659 1885 hosstat
678 1859 711 1885 de
724 1859 922 1895 vorgheseiden
937 1860 1015 1896 Iluge
1028 1860 1097 1886 ende
1112 1860 1233 1897 Seghere
1250 1860 1358 1887 hadden
1375 1861 1510 1897 ghecocht
1526 1866 1623 1888 terwet
1634 1861 1736 1897 jeghen
1755 1860 1885 1886 Arnoude
1904 1860 1944 1886 De

428 1905 499 1931 Smet
513 1915 562 1931 vau
573 1905 720 1932 Boehoute.
737 1906 811 1932 Ende
825 1907 904 1933 ombe
918 1907 964 1933 dat
977 1907 1085 1933 Arnout
1095 1907 1134 1934 De
1146 1908 1221 1934 Smet
1234 1907 1323 1934 hadde
1337 1918 1371 1934 en
1385 1908 1492 1935 wifdoe
1503 1909 1529 1934 hi
1543 1908 1590 1934 dat
1603 1913 1668 1945 goet
1680 1907 1815 1944 biaghede
1826 1917 1876 1934 ane
1888 1907 1941 1934 den

428 1952 492 1978 here
509 1962 559 1978 van
577 1953 680 1979 Gavera
692 1974 698 1985 ‚
714 1963 764 1980 van
780 1953 828 1979 der
843 1954 941 1980 welker
957 1954 985 1980 hi
1004 1954 1085 1981 hevet
1098 1964 1131 1981 en
1147 1955 1222 1987 kint,
1245 1955 1291 1981 dat
1306 1965 1340 1981 na
1356 1955 1390 1982 de
1405 1961 1457 1982 wet
1476 1965 1505 1982 es
1522 1955 1653 1982 sculdech
1669 1960 1694 1981 te
1712 1954 1810 1981 delene
1825 1963 1876 1981 ane
1895 1954 1943 1981 dat

427 2004 489 2033 goet
501 2000 527 2025 bi
541 1999 602 2025 dien
615 2000 660 2026 dat
671 2001 692 2026 si
704 2006 831 2035 porteren
841 2010 947 2035 waren,
965 2002 1016 2028 doe
1028 2002 1050 2028 si
1060 2002 1107 2028 dat
1117 2007 1181 2038 goet
1193 2002 1345 2039 biagheden
1357 2022 1364 2035 ‚
1377 2003 1446 2029 ende
1458 2003 1504 2029 dat
1515 2002 1573 2028 kint
1585 2003 1642 2029 niet
1655 2012 1703 2029 nes
1716 2011 1810 2029 comen
1825 2007 1852 2029 te
1864 2002 1942 2028 sinen

423 2046 501 2079 ,jaren
515 2067 521 2077 ,
537 2056 583 2073 soe
591 2047 636 2072 dat
651 2047 695 2073 liet
711 2047 751 2073 dis
764 2053 840 2083 goets
851 2048 928 2074 mach
939 2058 1048 2084 worpen
1062 2054 1104 2075 ter
1119 2054 1170 2076 wet
1181 2070 1188 2082 ‚
1201 2059 1248 2076 soe
1259 2049 1340 2076 hevet
1352 2050 1386 2076 de
1401 2050 1582 2086 vorgheseide
1598 2050 1676 2086 Huge
1687 2049 1756 2076 ende
1767 2049 1888 2086 Seghere
1900 2049 1942 2076 sin

428 2093 545 2128 gheselle
560 2103 609 2119 voi·
623 2103 671 2120 ons
688 2094 783 2130 gheset
801 2094 853 2120 den
869 2095 915 2121 abt
929 2096 997 2122 ende
1011 2096 1064 2122 den
1076 2101 1211 2123 convente
1225 2106 1258 2122 en
1272 2096 1357 2132 halph
1372 2097 1460 2123 bunre
1478 2097 1571 2130 lands,
1592 2097 1639 2123 dat
1654 2097 1730 2133 leght
1749 2097 1776 2123 in
1793 2096 1943 2123 Lettellen-

428 2140 523 2167 Drisch
535 2162 542 2173 ‚
558 2142 633 2176 quite
647 2142 715 2168 ende
734 2142 774 2169 vri
789 2152 839 2168 van
854 2142 911 2169 alre
930 2143 1126 2170 bewisenessen
1144 2144 1214 2171 ende
1232 2154 1283 2171 van
1302 2144 1360 2171 alre
1376 2145 1524 2181 calangen‚
1540 2144 1605 2171 ocht
1621 2145 1668 2171 dat
1685 2144 1751 2171 zake
1765 2153 1836 2172 ware
1848 2144 1895 2170 dat
1909 2144 1943 2170 de

429 2187 605 2223 vorgheseide
614 2188 710 2224 Hughe
724 2188 792 2215 ende
805 2188 926 2225 Seghere
941 2191 996 2217 niet
1011 2200 1043 2217 en
1059 2191 1192 2218 braehten
1205 2191 1326 2218 Arnouts
1339 2192 1398 2218 kint
1412 2197 1438 2218 te
1451 2192 1593 2219 wetteleke
1605 2191 1801 2228 worpinghene
1813 2201 1865 2218 van
1877 2191 1940 2218 dien

429 2234 524 2269 goede,
542 2234 641 2260 binnen
656 2244 741 2261 eenen
753 2235 814 2269 jare
824 2246 857 2261 na
868 2236 915 2263 dat
928 2236 985 2263 kint
998 2238 1100 2264 veriart
1114 2248 1200 2271 ware⁷
1221 2238 1267 2264 (lat
1279 2238 1345 2264 dabt
1358 2239 1440 2265 endet
1454 2244 1571 2265 convent
1582 2248 1633 2266 van
1647 2239 1710 2265 dien
1725 2238 1861 2265 halbunre
1871 2238 1942 2264 lants

429 2280 552 2307 mochten
568 2281 637 2307 doen
652 2281 718 2308 hare
732 2291 824 2308 vrome
839 2282 878 2309 als
893 2289 947 2309 met
964 2284 1067 2310 andren
1084 2284 1169 2311 haren
1188 2285 1275 2321 goede
1293 2290 1349 2312 tote
1363 2286 1492 2312 derwilen
1511 2286 1558 2312 dat
1571 2286 1592 2311 si
1607 2286 1654 2312 dat
1670 2285 1736 2311 kind
1751 2285 1884 2312 brachten
1899 2290 1943 2312 ter

429 2327 594 2353 wettellelier
605 2329 779 2364 worpinghen
794 2329 867 2356 alsoe
878 2330 926 2356 alsi
938 2331 1045 2358 hebben
1057 2332 1199 2368 ghelovet3
1216 2342 1287 2359 ware
1301 2342 1349 2359 oec
1362 2333 1408 2359 dat
1423 2333 1487 2360 sake
1501 2333 1548 2360 dat
1558 2333 1617 2359 kint
1626 2338 1719 2360 storve
1731 2333 1770 2359 ier
1782 2333 1830 2359 het
1842 2342 1941 2369 quame

429 2379 454 2400 te
469 2374 624 2401 wettelelier
638 2377 829 2412 worpinghen,
849 2387 894 2404 soe
912 2379 1018 2405 mochte
1035 2380 1133 2416 Hughe
1151 2381 1220 2407 ende
1235 2380 1356 2416 Seghere
1374 2391 1426 2407 van
1446 2381 1492 2407 din
1508 2381 1644 2407 halbunre
1662 2381 1732 2407 tants
1752 2380 1799 2407 dat
1812 2380 1875 2407 dien
1889 2389 1939 2407 van

429 2420 520 2447 Ninive
532 2430 559 2447 es
568 2422 660 2448 bewist
674 2423 757 2449 haren
769 2424 839 2451 wille
850 2425 918 2451 doen
929 2446 935 2458 ‚
951 2426 999 2452 alsi
1010 2426 1099 2453 daden
1114 2429 1154 2454 ier
1167 2429 1211 2454 siit
1224 2428 1360 2455 bewisden
1373 2429 1437 2455 dien
1452 2438 1504 2455 van
1518 2429 1623 2456 Ninive.
1636 2428 1711 2455 Ende
1725 2428 1805 2454 ombe
1816 2427 1863 2454 dat
1874 2427 1940 2454 deze

431 2468 566 2494 vorwarde
576 2469 706 2496 vastblive
720 2471 788 2498 ende
800 2471 931 2507 ghestade
941 2493 947 2505 ‚
963 2482 1010 2500 soe
1022 2473 1112 2501 hebbe
1125 2476 1158 2502 wi
1170 2475 1359 2502 deseletteren
1371 2475 1533 2512 ghegheven
1545 2475 1598 2503 den
1612 2475 1659 2502 abt
1671 2485 1723 2502 van
1734 2475 1830 2502 Ninive
1842 2484 1879 2502 en
1889 2475 1942 2502 den
