2137 3131
414 370 483 404 91⁴6
1018 360 1303 396 APPENDICES.

413 476 564 512 specialiter
575 475 651 500 missa
667 477 799 508 perpetuo
814 480 862 506 pei·
877 479 959 496 uuum
971 469 1005 495 de
1016 469 1116 495 nostris
1128 468 1317 495 sacerdotibus
1332 477 1382 503 pro
1397 469 1485 494 anima
1500 478 1549 494 sua
1561 473 1589 494 et
1603 477 1716 494 suorum
1731 470 1918 498 celebrabitur

412 525 501 550 debita
515 532 564 557 pro
575 520 720 547 defunctis.
733 520 767 545 [31
778 524 866 544 autem
880 517 968 543 omnia
980 516 1129 552 praelibata
1145 521 1204 542 rata
1218 520 1395 551 permaneant
1408 516 1434 542 in
1448 515 1573 541 futurum
1583 537 1589 547 ‚
1605 521 1776 551 praesentem
1791 518 1916 553 paginam

414 571 560 605 sigillorum
577 572 730 594 nostrorum
745 565 969 601 appensionibus,
985 569 1038 590 tam
1052 574 1103 600 ego
1114 573 1194 599 quam
1207 564 1296 590 dictus
1310 564 1463 590 avunculus
1474 573 1566 596 meus,
1580 563 1707 590 duximus
1722 565 1915 592 roborandam.

413 619 506 644 Actum
522 625 591 642 anno
605 615 709 641 Domini
724 612 896 640 MCCLXAXJ
908 633 915 646 ,
932 612 1015 638 mensi
1031 612 1154 638 Octobri.

1469 657 1577 689 Original
1586 677 1592 687 ,
1609 665 1694 682 sceaux
1705 658 1815 683 ‹lc—truits.

1088 927 1212 962 CCLV.

409 1024 542 1065 Mat-ie,
570 1030 726 1057 eomtesse
751 1022 791 1056 (le
823 1022 932 1057 Viaue
942 1050 951 1065 ,
970 1029 1001 1057 el
1021 1036 1072 1057 ses
1088 1024 1145 1069 fils
1159 1024 1315 1058 doment
1332 1023 1355 1058 (ὶ
1377 1025 1535 1071 l'ahhaye
1557 1027 1613 1059 sia·
1627 1026 1807 1068 homziers,
1828 1029 1914 1060 trois

442 1085 637 1127 journazcoe
655 1087 687 1115 et
702 1083 798 1128 vingt
815 1087 848 1115 et
865 1094 935 1115 mm
957 1094 1073 1129 veryes
1091 1082 1132 1116 de
1154 1089 1244 1117 terre
1263 1083 1465 1118 lah0m=ahle
1474 1111 1484 1126 ,
1508 1082 1531 1117 ὰ
1546 1083 1672 1131 clzmye
1691 1084 1798 1118 d'une
1819 1085 1914 1119 rede—

453 1153 558 1173 rvance
571 1139 732 1173 (zunuelle
749 1139 790 1172 de
808 1146 882 1185 sept
892 1140 1031 1174 deniers
1052 1143 1221 1175 tournoz's.
1246 1163 1292 1167 —
1306 1142 1447 1176 Nmovn.

1128 1330 1199 1353 1282.

443 1411 494 1437 Nos
506 1411 588 1437 Maria
598 1432 604 1442 ‚
620 1411 753 1437 comitissa
770 1411 952 1446 V3⁴ennensis,
969 1411 1080 1437 domina
1096 1411 1129 1437 de
1144 1411 1313 1447 Grimbergis
1327 1417 1354 1438 et
1368 1411 1402 1437 dc-
1416 1411 1557 1447 Perweys,
1580 1416 1608 1437 et
1621 1411 1787 1438 Godesridus
1798 1433 1805 1444 ‚
1821 1417 1915 1439 noster

404 1459 476 1484 filius
490 1459 574 1492 major
592 1463 672 1488 natu,
690 1463 716 1484 et
734 1458 874 1494 Philippus
884 1459 997 1493 junior,
1022 1464 1116 1485 notum
1137 1458 1250 1485 facimus
1265 1459 1416 1491 universis,
1435 1459 1509 1495 quod
1530 1468 1579 1485 nos
1599 1459 1766 1485 contulimus
1784 1460 1914 1486 ecclesiae

405 1506 540 1531 Ninivensi
558 1506 584 1531 in
603 1515 698 1541 puram
710 1515 740 1531 ae
753 1511 913 1541 perpetuam
928 1506 1126 1542 eleemosynam
1141 1516 1186 1532 sex
1201 1506 1315 1532 bonaria
1329 1511 1419 1532 terrae
1434 1506 1544 1532 arabilis
1556 1527 1562 1539 ‚
1581 1506 1633 1532 tria
1646 1506 1762 1533 dietaria
1774 1512 1802 1533 et
1817 1508 1913 1544 viginti

404 1563 484 1579 unam
498 1554 585 1588 virgas
597 1562 645 1588 per
660 1558 751 1587 partes
760 1574 767 1585 ,
783 1553 809 1579 in
822 1553 887 1579 locis
898 1552 1013 1580 inferius
1025 1554 1170 1589 assignatis
1183 1553 1234 1579 sita
1243 1574 1249 1585 ,
1262 1553 1314 1579 sub
1328 1553 1513 1579 haereditario
1525 1562 1610 1579 censu
1621 1558 1726 1590 septem
1737 1553 1913 1581 denariorum

405 1600 591 1635 parisiensium
605 1599 682 1625 nobis
692 1600 718 1626 iu
732 1600 814 1626 natali
829 1600 935 1626 Domini
953 1601 1093 1627 annuatim
1110 1600 1316 1635 solvendarum3
1340 1601 1531 1636 promittentes
1545 1601 1632 1627 eidem
1647 1600 1777 1627 ecclesiae
1788 1601 1822 1628 de
1836 1601 1916 1628 dictis

403 1647 520 1673 bonai-iis
533 1647 716 1672 warandisinm
729 1647 835 1682 plenam
854 1653 880 1673 et
897 1647 1044 1684 legitimam
1060 1647 1189 1674 exhibere
1202 1669 1209 1679 7
1232 1657 1282 1674 nec
1301 1647 1412 1683 aliquod
1426 1647 1474 1681 jus
1493 1648 1527 1674 de
1545 1653 1654 1674 caetero
1669 1657 1719 1683 per
1734 1657 1784 1674 nos
1804 1654 1852 1675 aut
1865 1659 1916 1685 per

403 1703 570 1720 successores
582 1699 688 1720 nostros
700 1694 857 1721 reclamare.
871 1695 949 1722 Dicta
961 1701 1052 1721 autem
1065 1695 1179 1722 bonaria
1189 1696 1241 1722 sita
1252 1701 1317 1721 sunt
1327 1696 1358 1722 in
1368 1695 1410 1722 his
1423 1695 1500 1728 locis7
1514 1695 1618 1722 scilicet
1630 1696 1825 1730 triajornaria‚
1838 1706 1917 1733 prae-

403 1746 444 1767 ter
457 1742 512 1766 xxix
527 1742 615 1777 virgas
625 1763 631 1773 ‚
652 1742 679 1767 in
698 1741 806 1768 cultura
821 1742 908 1769 dictae
921 1742 1052 1769 ecelesiae
1064 1752 1161 1769 versus
1180 1743 1333 1777 Nederwic,
1355 1744 1450 1770 semita
1460 1744 1488 1769 in
1504 1743 1613 1769 modum
1627 1743 1713 1769 curtis
1728 1753 1779 1779 per
1792 1744 1911 1771 medium

402 1788 493 1814 ducta.
514 1788 579 1814 Item
598 1788 623 1822 vj
641 1789 762 1822 jornaria
776 1794 885 1825 praeter
903 1790 970 1824 xxvij
985 1791 1090 1827 virgas,
1111 1800 1208 1827 parum
1222 1790 1285 1826 plus
1298 1790 1341 1817 vel
1354 1791 1457 1820 minus.
1475 1791 1526 1817 sita
1541 1790 1621 1825 juxta
1635 1790 1726 1817 locum
1744 1792 1791 1827 qui
1810 1792 1912 1819 dicitur

402 1836 490 1861 Amilii
503 1835 588 1865 Crux,
605 1845 636 1862 ex
650 1836 735 1862 altera
751 1842 828 1872 parte
840 1847 934 1864 versus
953 1838 1058 1864 Ninive.
1074 1838 1142 1864 Item
1153 1848 1186 1865 xv
1194 1839 1319 1872 jornaria
1331 1843 1359 1865 et
1375 1838 1421 1872 lxij
1441 1838 1547 1874 virgas,
1564 1847 1661 1874 parum
1674 1837 1737 1873 plus
1748 1838 1790 1864 vel
1804 1839 1910 1873 minus,

402 1883 452 1908 sita
466 1892 497 1909 ex
512 1883 596 1909 altera
608 1889 685 1919 parte
702 1884 794 1910 Crucis
808 1884 896 1911 Amilii
913 1895 1008 1912 versus
1027 1886 1174 1923 Okenqlzem
1185 1907 1191 1919 ‚
1209 1887 1281 1913 inter
1297 1886 1365 1913 duas
1376 1887 1433 1913 vias
1445 1886 1586 1912 conclusa.
1601 1886 1670 1912 Item
1684 1887 1736 1912 tria
1745 1886 1870 1920 jornaria
1886 1893 1913 1914 et

402 1977 511 2004 suerunt
522 1978 654 2008 Franeh0‚
669 1979 783 2006 clericus
793 1985 896 2012 noster,
906 1981 1055 2008 Balduinus
1064 1981 1097 2008 de
1112 1982 1227 2018 Mylbelce
1238 2003 1245 2015 ‚
1260 1982 1378 2009 ballivus
1387 1986 1480 2008 noster
1492 1981 1645 2008 Ninivensis
1655 2002 1662 2013 ‚
1672 1981 1804 2017 Aegidius
1815 1982 1911 2019 Creeft,

402 2024 518 2051 Jacobus
532 2025 618 2059 Balce,
639 2027 735 2053 Petrus
749 2027 783 2053 de
798 2027 985 2064 Eppenqlzem,
1001 2028 1140 2056 Gerardus
1154 2029 1277 2066 Sceppre.
1298 2030 1366 2057 Item
1380 2029 1521 2056 XValterus
1534 2029 1568 2056 tle
1588 2028 1780 2062 Herlinclwve,
1807 2028 1912 2067 Wylloy

404 2074 504 2108 Craye‚
518 2073 670 2101 Johannes.
687 2074 775 2101 dictus
788 2075 875 2107 Bliec,
891 2076 994 2103 scabini
1014 2077 1048 2103 de
1063 2078 1158 2104 Ninive
1169 2083 1196 2104 et
1207 2077 1262 2104 allii
1279 2077 1388 2113 plures⁷
1410 2078 1437 2103 in
1458 2077 1537 2112 cujus
1558 2077 1599 2104 rei
1617 2076 1804 2103 testimonium
1823 2077 1912 2113 sigilla

402 2127 491 2148 nostra
503 2122 628 2148 duximus
644 2122 834 2157 praesentibus
847 2122 944 2151 litteris
958 2125 1130 2161 apponenda.
1145 2125 1243 2152 Actum
1255 2130 1282 2152 et
1293 2125 1387 2152 datum
1399 2134 1470 2151 anno
1485 2124 1592 2151 Domini
1607 2122 1814 2153 MCCLXXXH,
1831 2124 1858 2150 in
1873 2125 1912 2150 vi-

401 2168 462 2204 gilia
475 2168 598 2203 Symonis
607 2173 633 2195 et
642 2169 740 2196 Judae.

1278 2219 1402 2252 Originat,
1414 2219 1473 2244 trois
1485 2226 1571 2244 sceaux
1581 2226 1610 2243 en
1625 2220 1673 2244 cire
1685 2223 1758 2244 verte.

1109 2296 1183 2308 Η
