2118 3184
762 397 1050 434 APPENDICES.
1593 401 1663 436 867

146 507 292 532 couventui
302 507 432 534 ecclesiae
447 506 598 533 Ninivensis
618 507 644 532 in
659 505 773 532 liberam
785 511 813 532 et
824 511 987 542 perpetuam
1004 507 1203 542 eleemosynam
1215 528 1221 540 ,
1238 507 1271 533 ad
1293 507 1489 534 celebrandum
1503 508 1660 534 anniversa-

145 552 216 579 rium
235 562 324 580 meum
344 555 492 589 quotannis
512 554 586 581 etad
607 553 729 589 reliquos
749 554 876 589 proprios
891 563 956 581 usus
977 564 1047 590 quos
1065 554 1185 581 voluerit
1203 555 1274 581 idem
1294 561 1460 588 conventus,
1479 555 1570 582 omnia
1590 555 1661 581 bona

142 598 191 626 illa
203 620 210 626 .
226 609 298 636 quae
311 601 384 636 apud
395 601 516 627 Scau-em
529 601 555 627 in
568 601 650 627 terris
660 621 666 628 ,
684 601 770 636 pratis
781 606 807 626 et
816 601 948 628 ‘omnibus
959 602 1018 628 aliis
1031 602 1153 628 aisentiis
1167 601 1287 637 legitime
1300 603 1352 629 emi
1371 612 1386 628 a
1405 601 1514 629 domina
1531 602 1661 628 Katerina

143 646 178 673 de
191 646 336 674 Crainbem
351 652 377 674 et
391 646 533 674 domicella
549 647 691 674 Ileilwn'de.
707 646 762 673 filia
780 647 856 681 ejus.
873 658 944 683 quae
958 649 1028 674 bona
1045 649 1110 682 jure
1123 648 1242 675 allodiali
1262 649 1374 684 pacifice
1393 650 1468 675 tenui
1488 658 1520 676 ac
1533 649 1642 685 possedi
1653 670 1659 676 .

142 694 213 720 sicut
227 694 483 730 praefataedomina
491 694 619 720 Katerina
633 700 660 720 et
674 694 720 723 Η..
736 694 795 728 ejus
808 695 874 727 fitia,
886 696 996 731 pacifice
1012 696 1189 731 possederant
1204 701 1232 723 et
1245 697 1350 732 quiete.
1360 697 1429 732 Quia
1439 706 1506 723 vero
1518 696 1658 723 ecclesiam

144 740 316 768 Ninivensem
330 750 438 777 semper
452 741 559 767 amavi.
575 742 602 767 in
617 741 710 767 eadem
725 741 841 767 eeclesia
853 748 916 769 ante
934 742 1020 769 altare
1035 743 1222 779 apostolorum
1243 743 1307 769 mihi
1324 744 1495 779 sepulturam
1512 743 1581 780 elegi
1596 765 1603 776 ‚
1626 744 1659 769 ad

144 787 219 823 quod
232 788 349 825 singulis
362 788 460 814 dicbus
473 797 523 824 pro
537 797 578 814 me
591 793 619 814 et
632 789 853 815 antecessoribus
863 798 913 816 nec
925 799 979 816 non
994 795 1020 816 et
1033 790 1238 816 successoribus
1251 791 1316 816 meis
1327 796 1462 826 perpetuo
1473 791 1660 817 celebrabitur

143 843 198 862 una
212 835 303 862 missa.
319 836 348 862 In
359 836 438 870 cujus
452 836 492 862 rei
507 836 692 862 testimoninm
704 841 731 862 et
746 837 883 862 munimen
902 838 1005 864 contuli
1018 837 1092 863 dicto
1105 838 1251 863 conventui
1268 843 1426 873 praesentes
1440 837 1546 864 litteras
1557 859 1564 864 .
1580 837 1662 874 sigilli

142 882 195 909 mei
208 883 358 910 munimine
371 882 524 909 roboratas.
543 883 640 909 Actum
661 882 733 918 apud
755 882 923 909 Contrecuer.
939 884 1018 910 Anno
1033 884 1140 910 Domini
1154 883 1222 910 MCC
1239 884 1375 910 tricesimo
1390 885 1416 910 in
1431 884 1501 911 sesto
1515 885 1588 912 beati
1600 884 1659 911 Cle—

143 930 251 957 mentiu.
1620 924 1623 927 ’

1209 979 1332 1011 original,
1347 987 1415 1004 sceau
1431 980 1528 1004 detrun,

825 1245 978 1281 CLXIII.

148 1346 348 1383 Testamem
363 1346 535 1390 d'Otlzon,
554 1347 763 1382 ‹em-nomme
773 1346 921 1389 l’Onele,
939 1347 1011 1392 fait
1025 1346 1154 1381 devant
1173 1347 1339 1389 Gautier,
1355 1347 1468 1394 (loyen
1481 1348 1522 1382 de
1537 1348 1653 1391 Halle,

481 1411 515 1440 et
534 1406 702 1448 Gantier,
717 1406 806 1441 cnre'
825 1406 866 1440 cle
884 1404 1050 1439 He'rz‘nes.
1072 1427 1120 1432 —-
1133 1406 1311 1440 Wom’urz.

740 1595 758 1617 Δ
776 1592 966 1625 Wedergracte‚
983 1592 1056 1617 1230.

178 1664 318 1692 Universis
322 1669 482 1700 praesentes
489 1663 596 1691 litteras
603 1664 768 1700 inspecturis
777 1663 835 1696 W„
845 1663 965 1690 decanus
973 1662 1007 1690 de
1015 1662 1083 1696 Hal,
1093 1668 1122 1690 et
1129 1663 1257 1700 magister
1268 1663 1325 1696 W„
1339 1663 1486 1699 presbyter
1493 1665 1657 1700 parochialis

140 1713 175 1740 de
181 1711 305 1745 Her-inat,
313 1711 429 1739 salutem
443 1713 470 1738 in
481 1711 607 1738 Domino.
623 1711 736 1738 Noverit
747 1711 912 1738 universitas
927 1716 1018 1737 vestra
1032 1710 1106 1746 quod
1114 1710 1157 1736 vir
1164 1710 1264 1736 nobilis
1275 1710 1401 1737 dominus
1412 1710 1478 1737 Osto
1486 1711 1520 1738 de
1534 1711 1657 1738 Transei-

136 1759 319 1796 qnies‚dictus
327 1759 497 1791 Avunculus,
505 1759 704 1786 constitutusin
714 1758 808 1785 ultima
818 1758 958 1785 voluntate
966 1760 992 1784 in
1002 1758 1157 1794 praesentia
1164 1763 1268 1790 nostra,
1276 1759 1384 1785 nomine
1393 1760 1558 1791 testamenti,
1565 1761 1654 1786 omnia

139 1815 210 1842 quae
223 1806 379 1842 subscripta
385 1806 525 1836 habentur
534 1807 561 1832 in
569 1806 707 1842 praesenti
717 1806 814 1832 cedula
828 1805 891 1832 fecit
899 1826 905 1837 ‚
918 1805 1065 1836 ordinavit,
1079 1805 1183 1841 pariter
1193 1805 1350 1841 etreliquit.
1365 1805 1450 1832 Porro
1461 1815 1555 1833 omnes
1566 1807 1654 1834 tallias

138 1854 243 1881 remisit
255 1854 283 1880 in
294 1859 460 1890 perpetuum
471 1859 498 1880 et
510 1855 664 1881 exactiones
672 1853 734 1880 illas
742 1863 812 1889 quae
821 1853 972 1889 vulgariter
980 1852 1155 1888 appellantur
1167 1853 1323 1878 mortemain
1331 1873 1340 1887 ‚
1355 1858 1382 1879 et
1394 1852 1439 1879 illa
1451 1853 1577 1880 similiter
1584 1863 1655 1890 quae

88 1931 92 1938 Ι
139 1910 190 1937 pro
200 1900 330 1928 indebitis
339 1901 456 1928 licentiis
468 1902 528 1928 fieri
538 1901 638 1933 solent,
653 1910 780 1937 quaeque
789 1901 823 1927 de
838 1901 1017 1927 matrimoniis
1026 1899 1231 1933 contrahendis,
1246 1901 1400 1927 exactiones
1410 1910 1522 1936 quoque
1535 1911 1586 1937 pro
1594 1902 1655 1936 jus-

138 1949 198 1975 titia
206 1946 341 1981 facienda,
350 1953 378 1975 et
390 1957 484 1975 omnes
497 1948 564 1975 alias
571 1949 652 1975 etiam
661 1949 777 1983 injustas
790 1948 946 1974 exactiones
958 1947 1049 1983 quoad
1065 1956 1094 1974 se
1107 1952 1135 1973 et
1148 1956 1242 1973 omnes
1255 1956 1427 1974 successores
1440 1957 1504 1975 suos
1515 1949 1541 1974 in
1556 1958 1655 1985 perpe-

137 2000 218 2022 tuum
228 1995 344 2022 remisit.
358 1994 466 2030 Quitam
477 1995 603 2022 clamavit
613 2000 704 2021 autem
717 1994 848 2021 ecclesiae
862 1994 1008 2021 Nivellensi
1022 1993 1195 2020 medietatem
1209 1994 1282 2029 prati
1299 1993 1372 2020 illius
1385 1994 1460 2030 quod
1477 1994 1509 2021 G.
1527 1995 1654 2022 dominus

137 2042 172 2069 de
194 2042 364 2078 Grimbergis
379 2041 518 2078 quondam
538 2043 679 2075 saisierat,
697 2042 831 2078 reliquam
847 2050 913 2068 vero
930 2041 1102 2068 medietatem
1119 2041 1172 2068 sibi
1189 2041 1305 2067 retinuit
1321 2050 1382 2067 cum
1400 2041 1460 2067 aliis
1478 2042 1564 2077 pratis
1582 2052 1654 2078 quae

138 2099 154 2115 a
168 2088 314 2116 Niveltensi
325 2089 438 2116 ecclesia
451 2090 540 2116 tenuit
552 2089 586 2116 ad
598 2089 810 2116 determinatum
823 2098 935 2116 censum
956 2098 1040 2124 super
1058 2089 1110 2115 boc
1129 2088 1320 2115 constitutum.
1336 2088 1404 2115 Item
1424 2089 1561 2115 ordinavit
1578 2091 1653 2125 quod

137 2137 306 2172 quicumque
318 2145 506 2163 successorum
521 2146 635 2163 suorum
646 2137 773 2163 dominus
784 2137 836 2163 erit
851 2136 930 2163 villae
943 2136 977 2162 de
988 2136 1130 2163 Merbecca
1139 2157 1146 2169 ‚
1165 2136 1242 2162 dabit
1255 2136 1370 2172 siugulis
1385 2137 1462 2162 annis
1476 2137 1595 2172 capitulo
1608 2137 1653 2164 Ni-

140 2183 270 2215 vellensi,
288 2183 391 2210 scilicet
406 2189 458 2210 tam
478 2185 616 2211 canonicis
629 2194 710 2220 quam
725 2184 876 2210 domicellis
887 2205 894 2216 ‚
909 2184 942 2210 ad
957 2184 1174 2210 anniversarium
1189 2192 1268 2210 suum
1282 2183 1476 2210 celebrandum
1491 2194 1537 2209 xxx
1553 2184 1655 2210 solidos

138 2230 330 2257 Bruxellenses
340 2251 347 2263 ‚
360 2230 394 2257 de
407 2230 544 2257 fructibus
557 2236 699 2266 pratorum
717 2240 788 2267 quae
797 2231 825 2257 in
840 2231 986 2266 parrochia
1000 2230 1034 2257 ‹le
1046 2230 1188 2257 Merbecca
1203 2230 1369 2256 censualiter
1383 2231 1471 2256 tenuit
1487 2230 1521 2256 ab
1539 2231 1653 2258 ecclesia

137 2277 285 2304 Nivellensi
294 2299 301 2310 ‚
318 2278 423 2304 addidit
433 2284 461 2304 et
475 2278 550 2314 quod
563 2279 730 2314 quicumque
743 2288 930 2305 successorum
945 2287 1057 2304 suorum
1071 2278 1123 2304 erit
1131 2278 1257 2304 dominus
1268 2277 1302 2304 de
1317 2277 1445 2313 Apelli-eu
1458 2278 1534 2304 dabit
1548 2287 1654 2304 annua-

136 2325 184 2351 tim
197 2324 327 2352 ecclesiae
341 2325 487 2352 Nivellensi
500 2325 534 2351 ad
546 2325 763 2352 anniversarium
780 2335 860 2352 suum
874 2325 999 2352 similiter
1011 2324 1207 2352 celebrandum
1221 2324 1402 2360 quadraginta
1420 2324 1522 2351 solidos
1540 2325 1654 2351 Bruxel—

133 2371 227 2399 lenses
237 2372 272 2399 de
280 2372 434 2399 redditibus
445 2378 586 2408 pratorum
594 2393 601 2405 ‚
611 2382 680 2408 quos
690 2382 751 2400 cum
762 2372 834 2399 dicta
847 2373 961 2399 ecclesia
973 2373 999 2399 in
1011 2372 1157 2408 parrochia
1170 2372 1204 2398 de
1218 2372 1346 2407 Apeltren
1354 2371 1473 2398 habebat
1484 2381 1651 2399 communes.

136 2419 204 2446 Item
220 2420 368 2456 assignavit
385 2419 419 2446 ad
439 2420 655 2446 anniversarium
672 2429 751 2446 suum
763 2441 770 2453 ‚
792 2421 818 2446 in
838 2420 1037 2456 eleemosynam
1049 2419 1180 2446 ecclesiae
1194 2419 1229 2445 de
1243 2419 1384 2445 Merbecca
1402 2429 1451 2445 xxv
1469 2419 1570 2446 solidos
1583 2420 1653 2446 ssan—

136 2467 264 2500 ‹li-enses,
279 2468 419 2494 annuatim
427 2467 599 2503 recipiendos
611 2468 646 2494 de
654 2477 710 2494 uno
721 2467 836 2494 bonario
844 2468 916 2504 prati
926 2467 1000 2504 quod
1014 2467 1098 2494 Adam
1112 2467 1146 2494 ‹le
1160 2466 1230 2500 Nae,
1245 2466 1279 2492 ab
1292 2467 1352 2502 ipso
1364 2467 1467 2502 tenuit3
1482 2472 1509 2493 et
1520 2472 1603 2493 erunt
1614 2468 1652 2493 ita

141 2514 323 2542 distribuendi
333 2514 398 2542 dicti
411 2523 462 2542 xxv
470 2514 549 2541 solidi
559 2535 566 2548 ,
581 2514 657 2551 quod
664 2514 780 2551 quilibet
788 2519 908 2552 quatuor
917 2515 1111 2542 canonicorum
1119 2514 1240 2550 quisunt
1248 2514 1275 2540 in
1286 2513 1399 2540 ecclesia
1413 2513 1597 2541 Merbeccensi
1606 2514 1654 2540 ha—
