2118 3184
756 395 1044 431 APPENDICES.
1594 399 1662 434 871

143 500 297 527 willelmus
305 502 340 528 de
351 501 506 534 Borchline,
519 503 643 530 homines
655 503 720 537 mei;
734 502 864 539 Aegidius
872 503 906 529 de
919 503 1004 539 nega,
1018 502 1199 531 Godescalcus
1209 504 1243 531 de
1252 505 1381 536 Lautam,
1393 505 1522 541 Aegidius
1535 505 1659 541 Spin-inc,

142 548 279 574 Arnoldus
294 548 328 575 de
347 549 469 576 umen.
489 550 593 576 scabini
611 550 646 577 de
667 549 796 586 llasplur.
814 550 911 577 Actum
931 550 1005 586 apud
1028 549 1147 587 Παφίαν
1164 561 1236 578 anno
1255 553 1360 588 gratiae
1381 551 1535 579 mccxxx}
1548 574 1554 585 ‚
1572 563 1662 579 mens«-

144 595 300 622 Novembri.

1127 636 1235 666 Original
1245 655 1251 660 .
1263 643 1331 660 sceau
1344 644 1372 660 en
1387 637 1434 661 cii-r:
1447 637 1530 661 bruno.

817 853 982 888 CLXVII.

141 937 327 982 Fer-rand,
350 946 457 975 comte
479 941 520 975 de
538 940 714 983 Flandre,
740 946 772 974 et
792 940 948 979 Jeamze,
967 952 1029 974 son
1054 940 1196 988 e‘pouse,
1220 941 1431 987 confirment
1450 943 1495 977 les
1525 944 1660 978 charles

336 999 377 1032 de
395 999 491 1034 leurs
507 999 773 1047 pre'de'cesseurs
788 1012 832 1033 en
848 999 979 1044 far-eur
994 999 1035 1033 de
1055 999 1213 1046 l’abhaye
1226 1000 1251 1032 ¹.
1270 1000 1463 1035 —Nm'ovn

806 1161 822 1182 Α
834 1157 895 1182 Male
905 1176 911 1187 ‚
926 1158 998 1181 1251*

180 1227 209 1253 ln
219 1228 328 1254 nomine
338 1227 425 1253 Patris
437 1233 464 1254 et
474 1227 534 1254 Filii
543 1233 570 1254 et
580 1228 699 1264 Spiritus
710 1228 813 1255 Sancti.
827 1227 1001 1259 Fernandus‚
1012 1227 1158 1254 Flandriae
1169 1233 1196 1255 et
1207 1229 1354 1256 Hainoniae
1366 1239 1456 1257 comes
1466 1252 1472 1263 ,
1487 1237 1514 1257 et
1524 1232 1659 1259 Johanna.

142 1283 208 1301 uxor
221 1275 282 1308 ejus
292 1295 298 1307 ,
314 1274 457 1301 Flandriae
471 1280 498 1301 et
510 1275 659 1302 Hainoniae
671 1276 807 1302 comitissa
817 1296 824 1307 ‚
839 1280 893 1301 tam
906 1275 1007 1302 futuris
1020 1285 1101 1311 quam
1115 1277 1308 1310 praesentibus
1322 1278 1349 1303 in
1362 1283 1538 1313 perpetuum.
1555 1279 1593 1305 Eo
1607 1286 1662 1306 stu-

139 1320 243 1347 diosius
255 1330 306 1347 nos
315 1321 448 1348 condecet
460 1321 636 1348 ecclesiarum
648 1322 794 1357 providere
806 1322 972 1348 utilitatibus
981 1343 988 1354 ⁷
1005 1331 1061 1358 quo
1077 1322 1248 1349 manifestius
1261 1323 1351 1350 elucet
1365 1334 1414 1360 per
1426 1326 1603 1361 temporalem
1619 1336 1662 1353 ec-

139 1366 305 1394 clesiasticae
323 1369 397 1404 pacis
414 1369 637 1403 procurationem
655 1373 794 1395 aeternam
813 1378 893 1404 posse
911 1368 1024 1404 adipisci
1044 1369 1252 1396 beatitudinem.
1273 1370 1391 1397 Proinde
1405 1372 1528 1408 exemplo
1547 1374 1662 1408 praede-

139 1423 278 1442 cessorum
291 1419 447 1441 nostrorum
455 1436 462 1447 ‚
473 1415 520 1451 qui
531 1415 704 1442 Ninivensem
718 1415 855 1442 abbatiam
867 1425 916 1442 sua
927 1417 1092 1442 auctoritate
1103 1416 1286 1449 roborarunt,
1303 1427 1352 1444 nos
1362 1428 1474 1454 quoque
1486 1420 1566 1446 simili
1580 1421 1660 1447 modo

139 1462 167 1488 in
180 1461 307 1488 omnihus
317 1461 441 1497 ipsamet
456 1471 500 1488 res
513 1462 573 1498 ejus
587 1463 757 1489 auctorisare
770 1462 942 1489 decrevimus
952 1483 960 1495 ‚
972 1467 1000 1489 et
1014 1472 1072 1489 eam
1083 1462 1198 1489 liberam
1209 1472 1267 1490 esse
1281 1469 1308 1490 et
1318 1464 1351 1490 ad
1363 1470 1484 1492 nostram
1492 1466 1659 1493 advocatiam

134 1509 201 1543 jure
212 1508 397 1535 haereditario
408 1510 548 1545 pertinere
564 1510 740 1546 profitemur,
752 1510 804 1536 hoc
819 1510 844 1536 ei
858 1514 1011 1536 statuentes
1023 1509 1164 1536 decretum
1177 1531 1184 1543 ,
1200 1520 1234 1537 ne
1253 1511 1383 1548 deinceps
1397 1513 1456 1547 ejus
1471 1513 1613 1540 advocatio
1627 1515 1660 1539 dc

140 1564 222 1582 manu
237 1555 445 1582 flandrensium
459 1557 588 1582 comitum
603 1556 646 1583 vel
663 1566 713 1592 per
731 1556 906 1583 donationem
920 1556 963 1583 vel
978 1565 1029 1592 per
1047 1556 1156 1583 feodum
1168 1578 1174 1590 ‚
1196 1557 1238 1584 vel
1253 1558 1377 1593 quolibet
1394 1559 1448 1585 alio
1461 1559 1557 1591 modo,
1574 1561 1661 1587 valeat

139 1603 264 1630 alienari.
278 1603 474 1640 Quaecumque
489 1604 574 1640 igitur
594 1605 664 1631 bona
680 1604 837 1640 saepedicta
851 1604 965 1631 ecclesia
982 1604 1102 1641 legitime
1117 1606 1261 1641 acquisivit
1280 1611 1307 1632 et
1322 1607 1350 1632 in
1369 1608 1586 1643 praesentiarum
1601 1619 1662 1644 pos-

138 1650 225 1683 sidet,
245 1651 339 1687 scripti
354 1650 437 1686 hujus
450 1651 602 1687 patrocinio
616 1651 829 1678 corroboramus
841 1656 868 1678 et
881 1652 1089 1678 auctorisamus.
1111 1652 1207 1678 Actum
1221 1653 1293 1688 apud
1314 1653 1427 1680 Maleam
1442 1675 1448 1687 3
1465 1664 1536 1681 anno
1554 1655 1660 1681 Domini

141 1697 306 1730 MCCXXXI,
321 1706 413 1724 mense
426 1697 569 1725 Januario.

942 1735 1051 1767 original
1060 1754 1066 1759 .
1081 1736 1102 1760 ie
1113 1743 1181 1760 sceau
1193 1736 1222 1760 de
1234 1737 1326 1761 Jeanne
1333 1742 1369 1761 est
1379 1738 1428 1762 seui
1438 1741 1559 1762 consen-vt·-¹

810 1965 991 2001 CLXVIII.

145 2055 313 2097 Gautier,
332 2054 421 2088 ahhe'
441 2053 482 2087 de
508 2052 678 2096 Hasnon,
698 2053 834 2088 de'olare
851 2053 940 2099 qu’z'l
959 2066 982 2087 a
997 2054 1070 2100 fait
1088 2067 1140 2088 un
1161 2054 1310 2102 e'clzanqe
1331 2055 1373 2089 de
1391 2055 1552 2102 quelque-s·
1561 2070 1655 2104 par-

188 2115 251 2147 ties
275 2112 317 2147 de
331 2111 426 2146 dimo
446 2110 470 2146 ὰ
496 2111 652 2158 Velsz'que
670 2124 752 2146 aveo
769 2111 928 2158 l'ahhaye
948 2112 989 2146 de
1015 2111 1174 2154 Ninove5
1197 2112 1225 2145 il
1246 2111 1410 2147 e'nume're
1431 2113 1477 2148 les
1487 2115 1656 2160 paroelles

189 2170 230 2206 de
246 2177 338 2205 terre
358 2171 444 2205 dont
458 2170 494 2204 la
511 2169 605 2204 dime
618 2170 828 2205 demeurera
847 2169 872 2204 ἁ
885 2171 979 2205 l’une
993 2177 1026 2205 et
1040 2169 1064 2205 ἀ
1081 2171 1208 2205 l’autre
1225 2174 1374 2206 maison.
1400 2192 1447 2198 --—
1464 2173 1649 2207 Boncnovr.

857 2329 929 2354 1-252.

178 2400 318 2427 Walter-us
328 2420 336 2433 ‚
350 2400 441 2426 divina
457 2400 635 2435 permissione
652 2399 742 2427 dictus
756 2400 841 2427 abbas
854 2400 888 2428 de
901 2400 1013 2428 Hasnmi
1022 2422 1029 2434 ‚
1044 2406 1072 2428 et
1085 2405 1238 2428 conventus
1248 2402 1370 2437 ejusdem
1383 2402 1436 2430 loci
1447 2425 1453 2435 ‚
1469 2404 1596 2431 omnibus
1611 2405 1655 2431 lit-

140 2453 213 2476 teras
223 2447 388 2483 inspecturis
397 2467 404 2480 ‚
418 2445 533 2474 salutem
544 2447 572 2473 in
584 2446 710 2474 Domino.
725 2447 824 2474 Notum
833 2449 868 2475 sit
877 2448 1050 2476 universitati
1061 2453 1183 2481 vestrae,
1196 2448 1270 2484 quod
1283 2458 1332 2476 nos
1344 2448 1456 2478 fecimus
1467 2451 1653 2478 concambium

171 2528 176 2537 ¹
192 2527 252 2547 Cette
263 2525 336 2546 charte
347 2531 441 2551 :nanque
452 2531 478 2545 au
492 2524 607 2546 cartulaire
618 2524 644 2544 de
656 2525 755 2546 Malines⁴
