2118 3184
459 387 721 423 CHRONJCON
751 387 964 423 BALDUINI
993 382 1296 423 NlNOVIENSIS.
1565 388 1630 421 721

117 508 224 542 quam
249 498 340 530 fame
363 508 520 529 reversus
539 502 608 538 est,
632 494 774 528 tandem
798 495 1030 542 ignominiose
1051 494 1095 529 ad
1116 501 1243 528 terram
1267 493 1363 528 unde
1388 492 1629 528 descenderat.

168 556 269 589 Anno
281 554 463 597 MCCXIV,
477 555 545 588 hoe
561 561 719 599 tempore
735 554 865 599 incepit
880 554 1081 599 prat-dicare
1093 553 1271 602 Aegidius,
1287 554 1456 600 plebanus
1469 552 1514 586 de
1524 552 1631 594 Lewe,

113 613 213 659 juxta
227 614 436 656 Bruxellam,
449 614 510 659 qui
526 613 674 660 signavit
688 613 788 659 siguo
804 613 916 646 crucis
929 613 1037 646 multa
1053 613 1157 646 millia
1169 613 1368 646 hominum.
1383 610 1512 645 Eodem
1524 622 1631 653 anne,

118 672 311 715 Gerardus,
332 672 498 706 dominus
517 671 561 705 de
581 671 796 718 Grimbergis
817 678 851 704 et
869 671 913 704 de
932 671 1078 713 Ninive,
1101 671 1202 705 (luxit
1223 672 1258 704 in
1278 683 1422 704 uxorein
1441 671 1610 717 Agnetem
1623 695 1631 711 ,

118 730 224 764 filiam
246 731 403 764 Thomac
421 730 465 763 de
484 730 654 764 Bevernc.
678 729 845 776 Sequenti
866 742 976 773 anno,
1001 730 1188 763 concilium
1210 730 1402 763 maximum
1418 728 1548 762 Romae
1568 728 1634 761 fuit

116 789 183 823 sub
205 789 412 823 Innocentio
431 801 535 834 papa.
562 789 713 822 Barones
734 788 876 836 Angliac
898 795 1019 822 contra
1041 789 1240 822 ,loliannein
1260 800 1378 835 regem
1398 799 1502 820 suum
1523 786 1633 820 bella-

115 854 254 881 verunt.
273 848 374 881 Anno
391 848 530 881 Domini
542 846 710 881 MCCXX]
726 873 733 889 ,
752 847 978 880 Innocentius
994 859 1082 893 papa
1099 847 1268 889 moritur,
1284 845 1442 879 succedit
1459 845 1632 878 Honorius

114 917 135 939 x
150 906 264 939 annis.
285 905 485 946 Johannes,
509 918 568 938 rex
589 905 751 952 Angliae,
775 906 942 947 moritui-3
965 905 1056 939 filius
1077 905 1247 938 Johannis
1266 904 1357 951 regis
1374 904 1410 936 in
1431 903 1552 951 Anglia
1572 915 1634 937 co—

116 970 276 998 ronatur.

165 1024 267 1056 Anno
289 1021 475 1056 MCCXYII
491 1049 499 1065 ,
522 1020 749 1063 Lodewicus,
771 1020 926 1066 Philippi
950 1020 1040 1067 regis
1064 1020 1225 1054 Franciae
1245 1020 1355 1062 filius,
1381 1032 1461 1053 cum
1479 1020 1633 1053 exercitu

116 1081 271 1114 maximo
291 1081 432 1115 intravit
452 1081 488 1114 in
508 1080 668 1128 Angliam
681 1106 689 1122 ,
713 1086 753 1113 ut
769 1092 845 1113 eam
866 1078 1075 1121 debellaret,
1096 1092 1136 1112 ex
1150 1092 1220 1125 qua
1240 1085 1318 1125 post
1340 1077 1537 1117 modicum,
1557 1084 1634 1124 post

115 1139 268 1185 plurima
287 1139 434 1181 damna,
452 1139 603 1184 turpiter
622 1139 778 1186 fugatur.

165 1198 266 1231 Anno
292 1197 496 1231 MCCXVIII
512 1224 520 1239 ,
544 1197 739 1230 Erucarum
767 1195 925 1229 inaudita
949 1194 1141 1228 multitudo
1165 1195 1306 1240 operuit
1327 1202 1468 1229 terram.
1501 1194 1630 1228 Eodem

115 1268 226 1298 anno,
243 1255 328 1289 Otto
346 1255 539 1300 imperator
552 1255 641 1288 obiit
655 1253 751 1300 apud
761 1254 998 1300 Brunymryc.

162 1313 388 1357 Fredericus,
416 1326 474 1347 rex
501 1313 666 1359 Apuliae,
693 1312 786 1346 filius
810 1312 949 1345 Henrici
970 1311 1213 1357 imperatoriS,
1239 1310 1360 1345 Ottoni
1384 1310 1574 1345 succedens
1596 1312 1632 1344 in

113 1373 262 1420 imperio
275 1400 284 1416 ,
305 1373 384 1418 xxiij
400 1373 500 1406 annis
518 1373 681 1418 imperat.

161 1432 262 1465 Anno
281 1429 474 1474 MCCXIX,
489 1430 689 1473 Johannes,
711 1429 897 1476 episcopus
916 1427 1175 1462 Cameracensis
1187 1454 1196 1471 ,
1217 1427 1316 1461 obiit.
1336 1427 1501 1462 Succedit
1515 1427 1633 1462 Gode-

112 1489 227 1524 fridus
240 1488 285 1523 de
303 1488 462 1523 Condato
476 1516 485 1532 ,
501 1489 554 1523 vir
568 1489 702 1535 probus
716 1494 752 1522 et
769 1487 908 1521 nobilis.
928 1486 998 1528 Qui
1012 1487 1048 1520 in
1064 1486 1189 1520 diebus
1203 1486 1275 1519 suis
1289 1486 1511 1519 temerariam
1527 1485 1632 1519 auda—

113 1549 204 1583 ciam
227 1554 263 1582 et
286 1547 480 1594 potentiam
503 1547 634 1581 civium
658 1545 985 1589 Cameracensium,
1014 1545 1076 1591 qui
1103 1551 1273 1591 tanquam
1299 1544 1360 1577 filii
1382 1544 1488 1578 Belial
1511 1550 1634 1577 contra

113 1613 270 1642 sanctam
284 1606 465 1640 ecclesiam
480 1618 515 1639 se
528 1606 699 1640 hactenus
718 1605 947 1651 opponebant
958 1631 967 1647 ,
989 1604 1195 1650 episcopum
1214 1602 1498 1636 Cameracensem
1515 1608 1550 1636 et
1563 1602 1634 1636 cle—

115 1677 196 1699 rum
216 1664 261 1699 de
282 1664 421 1698 civitate
443 1664 648 1710 frequenter
673 1662 903 1709 expellendo,
937 1662 1147 1707 multiplices
1171 1661 1317 1706 injurias
1344 1667 1379 1694 et
1404 1660 1634 1694 contumelias

113 1722 322 1772 irrogandO,
340 1735 402 1769 per
421 1723 604 1756 consilium
620 1729 655 1756 et
673 1722 841 1756 auxilium
857 1722 1005 1755 Romani
1019 1720 1259 1766 imperatoris,
1277 1719 1377 1765 cujus
1392 1718 1534 1752 Camcra
1549 1717 1633 1752 dici-

115 1789 174 1817 tur
182 1782 403 1825 Cameraeus,
416 1785 451 1815 e't
465 1794 484 1816 a
498 1793 570 1828 quo
584 1781 688 1815 etiam
703 1781 833 1814 electus
848 1779 1106 1814 Cameracensis
1121 1778 1249 1825 regalia
1262 1790 1324 1811 sua
1336 1777 1504 1823 recipitet
1517 1778 1632 1823 requi-

115 1841 181 1885 rit,
201 1841 249 1874 ita
268 1840 414 1874 viriliter
431 1840 634 1888 subjugavit
651 1846 686 1873 et
702 1839 913 1881 attenuavit,
936 1845 976 1871 ut
993 1850 1116 1871 eorum
1137 1837 1262 1870 turrim
1283 1836 1406 1879 altam,
1428 1848 1519 1882 quae
1538 1835 1633 1869 Bele—

110 1900 201 1945 froz't
210 1899 401 1947 vulgariter
413 1899 623 1945 appellatur,
640 1905 675 1932 et
687 1899 867 1946 ingentem
878 1898 913 1931 in
923 1910 962 1930 ea
977 1908 1184 1942 campanam
1200 1894 1428 1941 pendentem,
1445 1907 1508 1940 per
1524 1906 1631 1941 quam

114 1958 382 1992 convocationes
391 1970 471 1992 suas
485 1958 673 2001 faciebant,
690 1957 734 1991 ad
743 1964 873 1991 terram
889 1956 1056 2002 dejiceret
1069 1961 1103 1988 et
1117 1954 1370 2002 confringeret,
1384 1960 1421 1987 ut
1435 1953 1479 1986 de
1493 1959 1630 1987 caetero

115 2028 185 2050 non
199 2015 372 2050 auderent
389 2022 512 2050 contra
529 2015 715 2050 dominum
729 2028 834 2049 suum
845 2042 853 2058 ,
870 2014 1156 2048 Cameracensem
1174 2013 1380 2059 episcopum
1391 2039 1399 2055 ,
1419 2024 1507 2045 ausu
1525 2018 1632 2045 teme-

115 2074 206 2108 rario
224 2073 404 2108 rebellare.

163 2134 266 2166 Anno
282 2132 422 2166 Domini
437 2131 593 2166 MCCXX
605 2159 614 2176 ,
634 2138 775 2166 sanctus
791 2131 963 2174 Thomas,
982 2129 1241 2164 Cantuariensis
1255 2129 1458 2175 episcopus,
1475 2128 1630 2162 elevatur

115 2198 150 2226 et
167 2190 414 2225 auctorizatur.
433 2191 534 2224 Anno
553 2191 733 2237 sequenti,
754 2190 863 2224 frater
882 2188 1058 2223 Arnoldus
1076 2187 1120 2221 de
1140 2187 1299 2230 Sualma,
1321 2187 1510 2220 canonicus
1529 2186 1631 2221 Nini-

115 2249 246 2291 vensis,
272 2249 323 2282 vir
346 2249 545 2297 religiosus,
571 2249 670 2283 obiit.
697 2249 766 2290 Qui
788 2249 859 2282 fere
882 2260 943 2294 per
965 2247 1068 2292 xxxiij
1088 2258 1198 2280 annos
1218 2246 1402 2292 presbyter
1420 2245 1629 2291 parochialis

114 2307 278 2342 ecclesiae
297 2306 494 2341 Ninivensis
506 2333 515 2349 ,
534 2319 616 2341 cum
638 2307 674 2340 in
694 2306 905 2340 coemeterio
923 2304 1124 2339 monasterii
1143 2304 1302 2350 sepultus
1321 2310 1410 2337 esset
1422 2330 1431 2346 ,
1453 2303 1630 2337 miraculis

114 2364 366 2412 prodentibus,
388 2364 433 2398 ad
451 2365 630 2399 ecclesiam
652 2364 888 2411 parochialem
907 2363 1035 2397 deferri
1055 2369 1089 2396 et
1103 2361 1235 2396 ibidem
1252 2362 1382 2395 meruit
1396 2361 1546 2407 sepeliri.
1565 2362 1629 2396 Da-

116 2424 234 2467 mieta,
250 2423 336 2456 urbs
351 2423 500 2471 Aegypti
519 2423 732 2457 nobilissima
747 2435 766 2456 a
781 2421 986 2456 Christianis
1001 2420 1062 2455 diu
1077 2432 1233 2467 possessa
1243 2447 1252 2463 ,
1270 2418 1406 2454 reddita
1425 2426 1477 2453 est
1492 2419 1628 2454 soltano

113 2481 336 2528 Babyloniae.

247 2539 335 2574 Tou.
363 2539 409 2573 ΙΙ.
1458 2535 1500 2569 91
