2137 3131
464 397 534 433 768
1073 389 1360 425 APPENDICES.

465 506 560 542 pelago
576 504 608 530 ad
624 501 800 537 tranquillum
816 505 842 526 et
856 498 991 534 placidum
1003 497 1240 533 contemplationis
1255 501 1365 532 portum
1380 501 1563 523 enataverunt
1576 497 1689 532 speciali
1703 497 1858 524 dilectionis
1868 502 1895 524 et
1908 497 1979 524 solli-

463 553 590 580 citudinis
604 548 802 576 necessitudine
816 547 968 582 obligamur
978 566 985 577 ,
1001 550 1032 571 ut
1053 550 1080 571 et
1095 555 1126 571 ex
1143 545 1242 571 nostris
1255 545 1293 570 eis
1310 544 1439 579 prodesse
1449 565 1456 576 ‚
1478 553 1543 579 erga
1557 554 1604 571 eos
1617 544 1809 571 liberalitatem
1823 545 1977 580 approbare

463 606 490 627 ct
504 601 610 626 firmare
623 596 779 622 studeamus
790 615 796 626 ‚
817 594 947 629 quatinus
961 594 1005 628 pia
1020 592 1206 619 vicissitudine
1219 592 1253 618 de
1266 592 1437 618 orationibus
1450 601 1546 618 eorum
1564 592 1676 628 aliquod
1695 592 1894 628 imperfectioni
1915 601 1978 618 nos-

465 654 521 673 trae
534 645 682 671 subsidium
696 649 903 677 comparemus:
919 641 1002 676 igitur
1024 645 1117 666 notum
1136 639 1248 666 l'ecimus
1267 644 1319 665 tam
1338 639 1476 666 modernis
1495 649 1577 675 quam
1595 641 1728 675 posteris,
1749 639 1822 675 quod
1835 638 1976 665 ecclesiam

463 695 496 719 dc
509 693 601 719 Ninive
611 712 617 719 .
634 699 713 725 [ptam
726 699 785 715 cum
801 689 926 714 (mutibus
936 688 991 714 suis
1005 687 1214 723 appertinentiis
1232 687 1292 722 piae
1306 687 1451 713 memoriae
1466 687 1662 722 praedecessor
1675 692 1768 713 noster
1782 686 1959 713 Burchardus
1971 706 1979 719 ,

466 738 661 765 Cameracensis
675 737 818 771 episcopus
829 757 836 767 ,
853 735 982 761 Amulrici
995 734 1190 760 constabularii
1202 734 1374 760 Flandrensis
1387 733 1562 760 devotissima
1577 735 1709 769 petitione
1721 734 1835 760 liberam
1849 734 1977 759 effecerat

463 786 652 819 canonicisque
667 783 839 818 delegaverat
852 803 858 814 v
874 792 922 807 nos
936 790 1048 817 quoquc
1061 790 1172 807 assensu
1186 782 1308 816 priorum
1320 780 1570 816 canonicorumque
1582 786 1610 807 et
1621 786 1719 817 rogatu
1732 781 1834 807 domini
1844 780 1957 807 Gerardi
1967 800 1975 812 ‚

466 831 717 868 praesutiAniulrici
729 830 790 861 filii,
806 829 926 863 ejusdem
939 829 1068 855 ecclesiae
1082 828 1224 860 advocati.
1239 828 1371 854 fratribus
1385 828 1536 854 secundum
1550 828 1725 864 apostolicam
1740 829 1939 854 institutionem
1952 832 1980 854 et

464 886 582 906 tenorem
597 877 808 903 praemonstrati
819 875 922 902 ordinis
935 885 996 901 cum
1009 884 1059 901 suo
1071 875 1183 906 abbate,
1199 875 1258 901 loco
1271 875 1393 910 priorum
1404 876 1597 901 canonicorum
1610 875 1710 901 ibidem
1725 875 1881 911 subrogatis
1891 895 1898 907 ‚
1914 884 1976 901 cum

461 926 558 953 eisdem
573 926 628 950 suis
643 923 850 959 appertinentiis
865 922 976 948 liberam
991 927 1018 948 et
1033 922 1066 947 ab
1080 922 1152 947 omni
1174 922 1314 947 exactione
1329 923 1448 957 quietam
1463 922 1665 957 concessimus;
1681 927 1833 948 statuentes
1847 922 1977 957 quatinus

462 984 510 1009 pro
524 973 611 999 anima
626 971 740 1006 praefati
756 970 880 996 Gerardi.
897 974 992 1004 utpote
1005 968 1144 995 fundatori
1156 969 1282 995 abbatiae
1292 990 1298 1000 ,
1315 969 1340 995 in
1356 969 1450 996 eadem
1462 969 1576 995 ecclesia
1589 969 1664 1005 jugis
1684 969 1812 995 memoria
1828 969 1975 995 habeatur.

462 1021 545 1046 Porro
557 1029 589 1045 ne
599 1019 726 1053 deinceps
737 1018 816 1043 iidem
829 1016 927 1046 fratres
941 1021 1113 1052 posterorum
1127 1015 1301 1042 infestatione
1316 1017 1460 1052 inquietati
1474 1017 1653 1052 requietionis
1667 1026 1732 1042 suae
1748 1015 1979 1051 amoenitatejpri-

462 1072 559 1093 ventur
570 1087 576 1095 ,
593 1065 694 1100 placuit
707 1064 837 1100 quasdam
851 1064 1034 1099 possessiones
1050 1064 1189 1098 praefatae
1203 1063 1332 1089 ecclesiae
1344 1064 1488 1099 privilegio
1504 1064 1662 1089 nominatim
1671 1063 1861 1090 commendare
1872 1068 1901 1089 et
1914 1071 1979 1089 nos-

462 1121 502 1141 tra
516 1113 678 1139 auctoritate
693 1117 722 1137 ut
740 1113 917 1137 inconcussae
936 1116 1113 1146 permaneant
1133 1111 1325 1137 corroborare.
1344 1111 1414 1137 Sunt
1433 1116 1523 1137 autem
1542 1111 1613 1137 hae:
1633 1111 1667 1136 de
1686 1116 1760 1136 terra
1777 1110 1928 1145 antiquitus
1943 1109 1979 1135 ab

461 1161 553 1187 eadem
568 1160 680 1186 ecclesia
695 1168 817 1194 possessa
828 1159 886 1193 xxvj
900 1159 1023 1191 bunarii,
1037 1163 1093 1184 tota
1103 1158 1206 1184 decima
1220 1159 1253 1184 de
1268 1159 1362 1184 Ninive
1372 1179 1379 1191 ‚
1395 1168 1488 1184 omnes
1500 1159 1585 1184 mansi
1598 1159 1669 1184 circa
1683 1159 1783 1184 atrium
1797 1157 1920 1192 ejusdem
1933 1166 1979 1184 ee—

459 1208 568 1238 clesiae.
586 1217 600 1232 a
613 1216 705 1232 manso
719 1206 828 1232 Reineri
841 1205 913 1231 ultra
926 1205 1113 1241 Caldenberga
1125 1206 1311 1242 pertingentes
1325 1211 1351 1231 et
1367 1206 1399 1231 ad
1413 1207 1502 1231 rivum
1514 1215 1602 1241 usque
1616 1205 1775 1240 tendentes3
1791 1205 1978 1231 molendinum

461 1255 530 1281 insra
544 1254 644 1280 atrium
660 1253 694 1279 de
708 1253 808 1278 allodio
821 1252 948 1278 Willelmi
962 1252 996 1278 de
1010 1252 1164 1284 merbecca,
1177 1252 1251 1277 aliud
1266 1252 1451 1278 molendinum
1462 1262 1524 1278 cum
1538 1253 1592 1286 xiiij
1607 1253 1730 1278 bunariis
1744 1257 1834 1279 terrae
1846 1257 1877 1278 et
1889 1251 1979 1278 tribus

462 1302 583 1328 bunariis
597 1301 699 1336 sylvae.
714 1300 774 1326 Duo
788 1301 895 1326 bunarii
907 1300 985 1334 juxta
999 1301 1099 1325 atrium
1114 1300 1148 1326 de
1161 1299 1261 1325 allodio
1273 1300 1402 1326 Amulrici
1416 1301 1505 1336 pueri.
1521 1300 1611 1326 Curtis
1627 1300 1728 1326 Rubrae
1742 1310 1803 1326 cum
1817 1300 1980 1334 circajacen-

461 1350 533 1375 tibns
547 1349 627 1374 terris
641 1353 667 1373 et
682 1347 763 1382 sylvis
775 1347 848 1382 apud
864 1347 1017 1382 Gisengem.
1035 1346 1124 1372 Curtis
1138 1346 1251 1372 Gerardi
1263 1347 1296 1373 de
1310 1348 1399 1379 curia,
1416 1356 1476 1373 cum
1489 1347 1583 1373 decem
1596 1352 1623 1373 et
1637 1352 1698 1373 octo
1711 1347 1833 1373 bunariis
1850 1347 1877 1373 in
1896 1347 1978 1373 terris

461 1402 487 1423 et
500 1396 593 1432 sylvis.
610 1395 699 1421 Curtis
717 1394 862 1420 ll‘etlzencot
875 1404 936 1421 cum
954 1394 1108 1430 quindecim
1128 1394 1250 1420 bunariis
1265 1400 1365 1421 terrae.
1390 1395 1429 1421 De
1447 1400 1520 1421 terra
1538 1394 1667 1421 Amulrici
1686 1394 1720 1420 de
1741 1394 1884 1427 Stennsia,
1897 1394 1977 1429 juxta

463 1445 637 1479 Quercetum.
650 1442 775 1477 Quatuor
786 1442 893 1467 bunarii
906 1447 995 1467 terrae
1006 1446 1032 1468 et
1042 1447 1097 1467 tres
1110 1441 1218 1467 bunarii
1227 1441 1319 1476 sylvae
1331 1447 1357 1467 et
1368 1442 1446 1468 tertia
1458 1442 1542 1477 garba
1553 1442 1673 1468 decimae
1687 1441 1721 1468 de
1738 1440 1897 1478 Ol-'enylzem-
1913 1441 1978 1467 Cur-

463 1492 495 1517 tis
506 1491 588 1517 Scora
599 1499 660 1515 cum
671 1489 897 1522 circajaceutibus
912 1489 992 1514 terris
1006 1493 1033 1514 et
1047 1487 1139 1523 sylvis.
1154 1488 1239 1514 Terra
1253 1498 1334 1523 quam
1349 1489 1424 1514 dedit
1439 1489 1618 1514 Herbrandus
1629 1489 1778 1514 advocatus
1791 1488 1824 1514 de
1836 1488 1979 1515 Merbecca

464 1539 490 1564 in
506 1537 608 1563 Rubrae
622 1541 649 1562 et
663 1545 747 1571 super
760 1535 898 1562 culturam
913 1535 947 1561 de
961 1535 1055 1561 Ninive
1068 1535 1198 1561 allodium
1221 1535 1255 1561 de
1269 1536 1371 1562 Trube.
1387 1536 1524 1562 Allodium
1544 1536 1618 1571 quod
1635 1536 1711 1562 dedit
1726 1535 1922 1562 Clarenbaldus
1942 1536 1977 1562 ad

463 1585 598 1611 Tillietum
618 1589 645 1610 et
663 1583 736 1618 quod
751 1583 879 1609 cambivit
898 1583 971 1618 apud
986 1583 1112 1618 Kipsteca
1132 1588 1159 1608 et
1172 1574 1307 1616 mutale,
1328 1583 1457 1609 allodium
1475 1583 1547 1619 quod
1565 1583 1640 1610 dedit
1654 1583 1802 1609 Balduinus
1820 1583 1854 1609 de
1868 1583 1975 1611 Poleca.

465 1633 532 1659 Tota
545 1633 647 1658 decima
660 1631 694 1657 de
706 1631 908 1662 Ilerliuchoven,
923 1631 1022 1656 ibidem
1038 1636 1112 1656 terra
1123 1629 1226 1662 Dnust,
1239 1631 1327 1661 llam,
1342 1631 1483 1666 Kesplant.
1498 1631 1607 1657 ilenrici
1616 1631 1666 1657 Ro!
1677 1637 1749 1657 terra
1757 1631 1835 1665 juxta
1845 1631 1975 1664 Anahov,

464 1680 620 1712 Gaustrata,
638 1679 787 1715 Honyerot,
805 1678 957 1712 Vivwlwoc,
975 1678 1108 1704 Perrelcen
1119 1699 1125 1711 ⁷
1140 1678 1263 1713 Rostwic,
1277 1678 1354 1713 sylva
1368 1679 1502 1715 Allenlvyh,
1522 1678 1592 1704 duae
1607 1679 1708 1714 garbae
1722 1678 1843 1704 decimae
1856 1678 1890 1705 de
1904 1678 1978 1705 Flor-

462 1728 583 1763 seiiqlzeriz
595 1748 601 1753 ,
613 1726 686 1762 apud
699 1725 794 1751 Roslar
804 1725 934 1751 allodium
945 1746 951 1757 ‚
964 1724 1039 1760 quod
1050 1724 1125 1751 dedit
1139 1725 1265 1751 dominus
1279 1725 1429 1757 Gerardus,
1443 1726 1592 1751 advocatus
1604 1726 1638 1751 de
1650 1725 1760 1758 Ninive,
1777 1734 1838 1751 cum
1848 1726 1905 1752 suis
1917 1735 1978 1762 par-

462 1774 598 1809 ticipibus.
616 1773 773 1799 Haereditas
786 1772 852 1799 Oisti
867 1778 894 1798 et
908 1772 1090 1798 cohaeredum
1105 1772 1181 1806 ejus,
1200 1778 1272 1799 terra
1288 1783 1368 1808 quam
1383 1773 1458 1799 dedit
1473 1773 1611 1799 Rohertus
1624 1773 1657 1799 de
1673 1773 1793 1809 Asplur,·
1807 1773 1883 1808 sylva
1894 1783 1975 1809 quam

463 1821 538 1847 dedit
551 1822 662 1856 Sigerus
676 1820 708 1846 de
723 1820 821 1854 Bosca3
838 1825 927 1845 terrae
939 1824 966 1845 et
977 1819 1069 1854 sylvae
1080 1829 1148 1855 quas
1159 1819 1234 1845 dedit
1248 1820 1414 1846 Gillebertus
1427 1821 1460 1846 de
1474 1820 1582 1851 Elzam;
1599 1825 1672 1846 terra
1683 1820 1717 1846 de
1732 1820 1883 1846 Berlee'svelt
1895 1829 1976 1855 quam

464 1868 537 1894 dedit
547 1868 663 1893 Thomas
675 1868 708 1893 de
721 1867 805 1893 Escha
817 1878 823 1902 3
834 1867 910 1902 sylva
918 1876 999 1902 quam
1008 1867 1083 1893 dedit
1094 1867 1221 1893 Hillinus.
1237 1867 1327 1893 Curtis
1338 1868 1489 1894 Reu'nirsart
1503 1878 1564 1894 cum
1576 1868 1670 1903 sylvis,
1685 1868 1779 1899 terris,
1796 1868 1881 1902 pratis
1891 1869 1979 1894 circa-

458 1915 629 1948 jacentibus,
643 1916 676 1941 dc
687 1915 787 1950 quibus
798 1915 877 1950 Hugo
889 1915 996 1950 Pauper
1007 1919 1033 1940 et
1044 1915 1117 1940 filius
1127 1915 1187 1949 ejus
1198 1915 1312 1947 Franco,
1329 1921 1355 1942 et
1368 1915 1509 1942 Gislardus
1519 1937 1525 1946 ,
1540 1916 1626 1942 frater
1636 1916 1721 1951 ipsius
1732 1936 1739 1947 ‚
1751 1925 1829 1941 omne
1837 1915 1884 1950 jus
1895 1925 1975 1942 suum

461 1962 611 1989 dederuut.
624 1962 743 1997 exceptis
757 1962 846 1987 tribus
860 1961 953 1987 solidis
966 1961 1166 1988 Nivellensibus
1180 1971 1229 1997 per
1244 1972 1345 1988 aunum
1357 1968 1384 1988 et
1393 1968 1506 1998 excepta
1520 1962 1622 1988 decima
1635 1968 1724 1988 terrae
1734 1967 1797 1988 ante
1807 1962 1931 1997 arabilis3
1943 1962 1978 1989 de

462 2010 604 2035 novalibus
613 2019 678 2036 vero
691 2010 890 2045 quinquaginta
905 2010 984 2035 sartis
994 2019 1070 2035 suam
1081 2014 1187 2044 partem
1196 2010 1316 2036 decimae
1327 2010 1451 2036 similiter
1460 2010 1608 2038 dederunt.
1624 2010 1658 2036 ad
1667 2010 1797 2036 arcendas
1807 2015 1898 2036 autem
1909 2019 1980 2046 quo-

464 2056 592 2082 rumlibet
604 2057 825 2092 importunitates
835 2077 842 2089 ‚
857 2057 920 2082 data
934 2056 1174 2083 conservatoribus
1191 2056 1384 2083 benedictione
1394 2078 1400 2088 ‚
1418 2058 1443 2083 in
1459 2058 1694 2093 praevaricatores
1708 2057 1798 2092 quoad
1812 2057 1980 2092 resipuerint

463 2104 745 2130 excommunicationis
754 2104 914 2130 sententiam
927 2104 1141 2140 promulgamus,
1152 2110 1234 2140 atque
1242 2105 1370 2131 canonica
1378 2105 1584 2141 subsignatione
1591 2110 1616 2130 et
1626 2105 1706 2140 sigilli
1715 2104 1978 2139 nostriappositione

465 2152 547 2186 hujus
562 2153 646 2178 nostri
661 2152 763 2178 decreti
783 2152 906 2187 paginam
921 2152 1123 2177 confirmamus.
1144 2152 1256 2187 Signum
1270 2152 1449 2179 Theoderici.
1474 2153 1623 2188 praepositi
1637 2152 1664 2179 S.
1680 2152 1769 2188 Petri3
1786 2152 1895 2183 Alardi,
1910 2151 1980 2178 Eve-

464 2199 548 2229 sardi,
561 2199 679 2231 Ostonis‚
692 2199 945 2225 archidiaconorum
957 2210 962 2233 ;
974 2199 1002 2225 S.
1015 2199 1148 2235 Hugonis‚
1161 2200 1267 2227 decani.
1278 2200 1390 2226 Galteri.
1405 2201 1523 2226 cantoris
1533 2211 1538 2234 5
1550 2200 1578 2227 S.
1589 2200 1691 2226 Galteri
1701 2200 1734 2226 de
1745 2201 1820 2231 Dica,
1832 2199 1977 2231 Jobannis‚

464 2247 555 2272 Garini
568 2267 574 2275 ,
590 2246 695 2272 Arnulfi
706 2267 712 2277 ,
730 2246 861 2272 Jobannis
874 2246 907 2272 de
920 2246 1022 2276 Forest,
1039 2246 1282 2281 presbyterorum3
1297 2247 1325 2273 S.
1342 2247 1556 2278 Bartholomaei,
1573 2247 1674 2273 Galteri
1685 2268 1691 2278 ,
1704 2247 1812 2279 Oilrici,
1828 2247 1930 2274 Galteri
1944 2247 1979 2273 de

466 2293 663 2329 Caldenberga,
675 2294 817 2320 levitarum
829 2304 836 2328 3
847 2294 873 2320 S.
884 2293 985 2320 Anselli
994 2294 1027 2320 de
1043 2293 1145 2329 Cymai,
1156 2294 1299 2327 Johannis⁷
1312 2294 1413 2321 Anselli
1422 2295 1456 2321 de
1468 2295 1608 2326 Bealmeis„
1621 2295 1866 2329 subdiaconorum3
1878 2295 1906 2322 S.
1917 2295 1980 2321 Par-

465 2341 529 2371 vini„
541 2340 681 2366 Gilleberti
692 2341 726 2366 dc
738 2341 829 2366 Monte
843 2341 871 2367 S.
884 2341 993 2366 Martini
1003 2362 1009 2373 ⁷
1020 2340 1146 2374 Galandi,
1160 2341 1193 2367 de
1208 2342 1235 2367 S.
1245 2342 1381 2368 Autberto
1395 2342 1538 2368 abbatum.
1554 2342 1652 2368 Actum
1666 2352 1736 2368 anno
1751 2342 1835 2368 Verbi
1845 2341 1979 2368 incarnati

466 2387 593 2420 JICLXV,
609 2388 781 2423 praesulatus
791 2398 856 2415 vero
865 2388 950 2414 nostri
961 2388 1090 2424 vigesimo
1102 2394 1208 2415 octavo.
1220 2389 1275 2425 Ego
1285 2389 1434 2416 Galcherus
1442 2390 1621 2416 cancellarius
1629 2390 1813 2425 subscripsiet
1821 2389 1977 2426 recognovi.

1146 2455 1224 2487 Orig..
1234 2463 1303 2479 sceau
1313 2464 1342 2480 en
1352 2456 1399 2480 cire
1408 2456 1483 2480 bruno
1493 2475 1499 2485 ,
1509 2464 1555 2480 aux
1566 2457 1670 2480 archives
1679 2457 1737 2480 dela
1747 2456 1846 2481 Flandre
1855 2455 1978 2480 orientale.
