2137 3131
480 382 552 418 234
826 375 1000 413 CORPUS
1026 372 1356 410 CHRONICORUM
1384 371 1649 407 FLANDRIAE.

486 538 621 572 Norma
641 543 850 582 treugarum
866 545 956 578 quas
972 534 1252 579 impetraverunt
1268 529 1467 564 cardinales
1484 530 1523 561 in
1537 527 1754 568 Britannia,
1773 538 1861 571 quae
1876 531 1990 559 trans-

637 594 725 627 latae
744 597 844 634 sunt,
858 592 1034 638 proprius
1051 589 1143 635 qnod
1156 588 1241 635 sieri
1251 590 1385 636 potuit,
1411 587 1452 620 de
1466 586 1589 633 yallz'co
1610 587 1648 618 in
1668 584 1833 617 latinum.

530 712 791 748 Concordatum
810 719 863 746 est
880 712 916 745 in
932 710 1125 745 reverentia
1148 708 1312 742 ecclesiae
1333 714 1369 742 et
1390 706 1435 742 ad
1458 705 1741 741 succurrendum
1767 703 1859 737 malo
1884 701 1990 736 statui

483 772 744 808 christianitatis
762 777 796 804 et
809 770 854 804 ad
869 768 1109 804 auxiliandum
1123 766 1273 802 subditis
1286 765 1439 800 dominis
1453 765 1594 813 regibus
1611 764 1773 797 Franciae
1787 768 1820 795 et
1836 760 1993 809 Angliae7

483 839 516 866 et
535 837 681 877 propter
694 829 866 863 honorem
885 827 1117 862 cardinalium
1130 825 1358 859 tractantium
1377 836 1499 870 pacem
1518 829 1553 856 et
1566 821 1791 856 concordiam
1811 821 1901 853 inter
1919 818 1997 853 die-

483 897 537 924 tos
556 901 673 937 reges,
695 887 793 934 quod
814 899 920 933 super
939 898 1061 920 omnes
1083 884 1337 919 controversias
1360 890 1395 917 et
1412 882 1645 916 dissensiones
1664 881 1733 914 sint
1754 879 1847 913 missi
1867 878 1912 913 ad
1930 891 1996 913 cu-

485 949 572 983 riam
592 959 773 981 romanam
788 946 896 991 aliqui
911 944 955 978 de
973 944 1144 992 sanguine
1161 942 1338 977 dictorum
1353 954 1477 990 regum
1497 947 1532 974 et
1549 940 1656 986 aliqui
1672 939 1746 982 alii7
1766 939 1829 985 qui
1843 938 1998 972 habeant

485 1007 679 1054 potentiam
698 1003 929 1046 accordandi5
952 1002 1117 1036 firmandi
1132 1008 1166 1035 et
1187 1000 1400 1035 fortificandi
1416 1012 1522 1046 super
1540 998 1642 1032 dictis
1656 999 1761 1032 rebus
1774 1025 1783 1040 7
1800 996 1998 1031 secundum

484 1072 674 1100 tractatum
700 1063 908 1098 sanctissimi
929 1063 1038 1109 patris
1057 1068 1089 1095 et
1112 1061 1156 1095 de
1182 1061 1222 1094 iis
1245 1060 1307 1106 qui
1333 1072 1403 1093 una
1425 1071 1508 1093 cum
1534 1059 1610 1104 ipso
1633 1064 1715 1091 sunt
1738 1056 1934 1091 tractaturi.
1957 1055 1998 1089 Et

485 1129 654 1171 poterunt
675 1122 789 1156 dictae
814 1128 930 1168 partes
952 1120 1068 1154 dicere
1090 1126 1124 1153 et
1147 1130 1345 1165 proponere
1366 1130 1446 1151 suas
1465 1117 1616 1151 rationes
1639 1128 1758 1150 coram
1779 1115 1998 1149 sanctissimo

486 1189 603 1229 patre‚
625 1188 660 1214 et
678 1193 749 1214 non
764 1179 809 1213 ad
823 1179 930 1213 finem
948 1178 1057 1213 dandi
1071 1177 1280 1211 sententiam
1292 1204 1301 1220 7
1321 1175 1383 1210 sed
1396 1175 1441 1210 ad
1458 1174 1660 1209 faciendum
1676 1174 1856 1208 meliorem
1875 1179 2000 1207 tracta-

486 1248 565 1275 tum
584 1239 690 1287 pacis.

536 1300 625 1334 Item
640 1325 648 1341 7
673 1297 771 1344 quod
798 1296 965 1331 antedicti
985 1296 1080 1329 missi
1104 1301 1208 1328 erunt
1231 1294 1276 1328 ad
1298 1294 1429 1328 dictam
1454 1294 1589 1328 curiam
1615 1290 1706 1327 infra
1732 1294 1862 1327 festum
1887 1292 1998 1326 sancti

487 1357 657 1392 Johannis
677 1356 838 1402 proximo
852 1362 1041 1389 venturum
1055 1381 1062 1397 -,
1079 1353 1177 1400 quod
1195 1352 1309 1386 dictae
1324 1365 1378 1386 res
1391 1359 1497 1386 erunt
1511 1351 1692 1398 expeditae
1706 1364 1768 1397 per
1782 1351 2001 1397 adjutorium

488 1416 569 1459 Dei7
594 1428 656 1461 per
675 1414 934 1448 sanctissimum
954 1420 1090 1459 patrem
1112 1412 1203 1445 infra
1225 1412 1354 1445 festum
1379 1411 1501 1445 natalis
1529 1411 1667 1444 Domini
1689 1411 1850 1456 proximo
1872 1416 2001 1444 ventu-

487 1487 587 1517 rum7
607 1475 634 1507 si
657 1474 829 1507 terminus
847 1485 918 1505 non
942 1472 1049 1505 fuerit
1070 1471 1299 1519 prolongatus
1317 1470 1362 1504 de
1385 1482 1528 1503 assensu
1548 1469 1725 1504 dictorum
1748 1469 1934 1504 nobilium.
1960 1469 2002 1503 Et

488 1533 516 1567 si
534 1532 772 1566 sanctissimus
787 1537 886 1576 pater
900 1536 989 1563 esset
1001 1529 1194 1575 impeditus
1210 1541 1273 1575 per
1287 1529 1441 1574 aliquam
1455 1528 1647 1575 legitimam
1665 1540 1805 1562 causam
1815 1555 1823 1571 a
1842 1529 1889 1562 ita
1903 1527 2003 1575 quod

489 1603 561 1625 non
580 1590 689 1636 possit
707 1588 891 1622 intendere
909 1588 953 1622 ad
973 1587 1151 1633 praedicta
1163 1614 1171 1630 7
1196 1587 1249 1621 vel
1267 1585 1366 1633 quod
1386 1599 1457 1619 non
1476 1587 1583 1632 possit
1600 1587 1684 1632 poni
1704 1586 1893 1621 concordia
1910 1587 2003 1620 inter

489 1649 602 1684 dictos
623 1660 739 1696 reges7
761 1653 906 1693 propter
928 1646 996 1680 hoc
1018 1658 1090 1679 non
1113 1645 1271 1678 manebit
1293 1645 1381 1690 quin
1402 1651 1547 1692 treugae
1570 1644 1677 1679 modo
1696 1644 1798 1678 datae
1820 1645 1952 1680 durent
1968 1652 2004 1680 et

489 1707 671 1741 durabunt
689 1718 802 1752 usque
820 1705 865 1739 ad
882 1712 1022 1750 tempus
1039 1711 1072 1738 et
1090 1704 1284 1737 terminum
1298 1704 1359 1749 qui
1379 1703 1552 1749 sequitur.

539 1766 626 1799 Item
639 1792 648 1808 7
669 1778 710 1799 ex
730 1777 825 1798 nunc
843 1763 888 1797 ad
908 1764 1014 1797 finem
1033 1762 1131 1809 quod
1151 1775 1210 1796 rex
1228 1769 1346 1808 posset
1364 1762 1489 1795 melius
1503 1769 1537 1796 et
1551 1762 1734 1808 pulchrius
1752 1764 1883 1798 habere
1897 1764 2004 1799 effec—

489 1831 588 1866 tum,
610 1830 754 1871 treugae
773 1823 842 1856 sint
856 1821 1088 1856 concordatae
1106 1834 1218 1867 usque
1237 1821 1281 1855 ad
1301 1821 1429 1854 festum
1448 1822 1558 1855 sancti
1573 1822 1769 1866 Michaelis7
1789 1835 1908 1857 mense
1921 1822 2004 1870 Sep-

489 1882 636 1925 tembri7
659 1881 820 1927 proximo
836 1887 1024 1914 venturum
1036 1907 1044 1923 ·,
1065 1887 1098 1913 et
1113 1879 1157 1913 de
1172 1879 1267 1913 dicto
1280 1879 1368 1913 festo
1383 1891 1497 1925 usque
1515 1878 1560 1913 ad
1579 1880 1686 1914 finem
1702 1881 1812 1915 trium
1828 1893 2005 1915 annorum

491 1941 652 1987 proximo
669 1939 894 1985 sequentium
907 1965 914 1982 ·,
936 1951 1000 1984 per
1013 1937 1125 1971 dictos
1144 1950 1243 1985 reges
1258 1937 1420 1971 Franciae
1434 1943 1468 1970 et
1482 1938 1626 1985 Angliae
1637 1965 1646 1981 7
1663 1937 1817 1982 Scotiae,
1838 1940 2005 1974 comitem

491 1999 695 2033 Hannoniae
710 2005 744 2031 et
763 1998 920 2045 alligatos
935 1997 1112 2031 (lictorum
1133 2009 1279 2045 regum,
1301 1996 1462 2030 videlicet
1480 1996 1608 2031 (lucem
1628 1997 1855 2042 Brabantiae„
1876 1998 2005 2033 ducem

491 2057 535 2092 de
558 2057 689 2100 Gedros,
710 2057 913 2090 marcisium
932 2055 976 2090 de
997 2055 1136 2098 Jeders.
1160 2055 1347 2089 dominum
1365 2055 1565 2089 Johanuem
1584 2055 1628 2090 de
1645 2055 1810 2103 Hagsmm
1830 2063 1865 2091 et
1885 2064 2007 2106 gentes

491 2116 689 2159 Flandriae7
709 2122 744 2150 et
758 2116 794 2149 in
809 2116 975 2149 omnibus
990 2115 1092 2149 terris
1111 2127 1255 2163 regum,
1271 2114 1442 2148 comitum
1461 2121 1495 2147 et
1509 2114 1642 2148 ducum
1658 2115 1939 2161 praedictorum,
1960 2116 2006 2151 ad

491 2174 765 2210 custodiendum
780 2174 824 2208 de
840 2181 1000 2220 tempore
1014 2173 1097 2208 dato
1112 2174 1349 2220 praesentium
1364 2173 1560 2207 litterarum
1575 2186 1688 2221 usquc
1702 2187 1766 2220 per
1780 2180 1896 2208 totum
1914 2181 2007 2209 tem-

492 2247 558 2281 pus
575 2233 807 2267 antedictum.

538 2293 627 2326 Item
640 2319 648 2335 ,
666 2291 765 2338 quod
783 2304 843 2326 rex
862 2291 1015 2335 Scotiae,
1036 2304 1153 2325 comes
1168 2291 1372 2325 Hannoniae
1393 2297 1428 2325 et
1445 2291 1575 2339 alligati
1589 2290 1768 2325 dictorum
1783 2304 1908 2340 regum
1922 2293 2007 2326 mit-

493 2357 569 2384 tant
588 2351 731 2384 nuntios
748 2350 793 2384 ad
807 2350 940 2384 curiam
961 2362 1145 2384 romanam
1158 2362 1240 2384 cum
1261 2349 1420 2396 potentia
1437 2349 1680 2384 consentiendi
1699 2356 1733 2384 et
1750 2350 2004 2394 confirmandi,

474 2411 478 2414 ⁴
494 2408 689 2442 secundum
708 2415 897 2443 tractatum
915 2410 977 2456 qui
994 2409 1055 2442 fiet
1073 2421 1192 2443 coram
1208 2409 1427 2444 sanctissimo
1441 2415 1540 2455 patre
1553 2436 1561 2452 7
1583 2414 1757 2455 quantum
1776 2408 1821 2443 ad
1839 2421 1898 2443 eos
1911 2421 2008 2456 spec—

494 2473 562 2512 tat,
584 2468 675 2501 infra
689 2467 783 2501 diem
798 2468 907 2502 sancti
926 2468 1109 2502 Johannis.
