2118 3184
487 419 751 455 CHRONICON
780 421 992 456 BALDUINI
1022 422 1323 457 MNOVIENSIS.
1590 424 1655 458 611

144 526 246 572 bytcr
263 533 297 561 et
324 527 448 562 Petrus
472 528 662 562 exorcista.
690 527 835 574 quando
855 528 1023 562 Damasus
1043 541 1131 575 papa
1151 541 1238 575 puer
1257 536 1348 564 erat.
1371 537 1451 576 post
1468 531 1562 565 varia
1584 538 1659 565 tor-

144 592 262 618 menta
283 585 503 620 decollantur
522 587 589 620 sub
612 586 801 619 Maximino
814 613 822 626 ,
845 593 884 620 ut
904 586 1080 630 creditur.v
1101 588 1152 621 vel
1169 589 1236 622 sub
1251 589 1400 623 Galerio.
1425 590 1450 623 A
1468 589 1658 624 Maximino

141 644 414 689 quoqtiejussus
431 650 483 677 est
495 643 626 685 occidi,
650 644 693 689 vij
711 644 776 677 kal.
801 645 1018 678 Decembris.
1039 646 1226 692 episcopus
1240 646 1488 690 Alexandriae,
1511 648 1654 691 Petrus,

141 703 197 735 cui
216 703 290 748 ipse
304 702 463 736 Christus
481 703 620 736 scissam
640 703 797 736 tunicam
815 714 915 736 suam
936 710 1130 738 monstrare
1149 704 1316 753 dignatus
1336 713 1385 739 est
1399 733 1407 744 ,
1428 719 1536 752 quam
1556 706 1659 740 scidit

144 762 269 803 Arius,
299 762 361 807 qui
391 774 471 795 mox
499 761 666 795 cumdem
695 762 845 807 perculit
858 762 1095 796 anathemate.
1121 763 1316 798 Maxentius
1342 765 1403 810 qui
1431 766 1529 811 xxxvj
1559 765 1658 799 annis

141 820 344 866 imperavit,
373 832 460 853 xxxv
482 832 576 854 anno
598 820 736 866 imperii
759 821 833 854 sui.
860 820 1059 854 katerinam
1079 822 1251 869 virginem
1275 823 1424 868 peremit
1444 824 1479 856 in
1508 824 1658 857 Alexan-

139 879 236 922 dria,
260 891 352 924 quae
371 878 543 924 praedixit
565 879 662 925 quod
686 879 720 912 in
744 879 904 925 proximo
926 879 1086 913 Christus
1105 881 1135 914 ei
1154 881 1337 915 suscitaret
1353 881 1591 916 adversarium
1614 881 1658 916 de

139 936 209 971 fide
224 949 332 983 quam
353 938 586 985 impugnavit.
605 938 715 983 Hujus
733 949 861 983 corpus
881 950 922 971 xx
941 937 1079 972 dicrum
1100 939 1222 973 itinere
1245 940 1280 973 in
1299 948 1418 974 monte
1436 940 1528 987 Syna
1547 953 1657 989 ange-

139 995 212 1030 licis
234 995 398 1028 manibus
419 1002 472 1029 est
494 995 723 1038 translatum.v
758 997 792 1029 in
823 996 923 1041 cujus
946 996 1081 1030 honore
1105 997 1235 1031 ibidem
1263 999 1405 1032 ecclesia
1433 999 1580 1033 mirifice
1607 1006 1658 1033 est

139 1054 329 1087 fabricata.
354 1054 389 1087 in
409 1066 479 1100 qua
503 1054 537 1087 in
556 1054 652 1087 omni
673 1054 819 1088 sabbato
839 1055 930 1101 ignis
951 1054 1120 1089 divinitus
1143 1056 1367 1099 accenditur,
1397 1058 1459 1091 ubi
1481 1058 1555 1103 ejus
1581 1070 1657 1092 ossa

136 1112 214 1146 oleo
232 1113 424 1160 irrigantur
446 1119 481 1145 ct
501 1111 677 1158 quidquid
704 1112 886 1146 fructuum
912 1112 963 1145 vel
988 1114 1229 1158 quorumlibet
1251 1115 1413 1149 ciborum
1433 1116 1523 1149 infra
1541 1116 1656 1149 claus-

138 1178 234 1205 trum
253 1171 416 1205 ecclesiae
436 1170 633 1217 praedictae
650 1171 785 1205 illatum
807 1170 914 1204 fucrit
936 1183 954 1204 a
973 1183 1035 1204 sua
1054 1172 1207 1206 novitate
1226 1179 1259 1206 et
1279 1174 1479 1220 integritate
1498 1187 1568 1207 non
1588 1175 1656 1207 im-

141 1236 310 1264 mutatur.

187 1288 332 1336 Legitur
354 1289 390 1321 in
418 1288 573 1322 Romana
599 1287 745 1321 historia
776 1287 875 1333 quod
907 1288 1163 1331 Diocletianus,
1192 1302 1327 1323 veneno
1358 1298 1483 1336 sponte
1506 1291 1653 1333 hausto,

138 1347 328 1389 interierit,
354 1358 436 1380 cum
459 1347 701 1392 increparetur
723 1358 743 1379 a
764 1345 898 1379 Licinio
924 1352 959 1379 et
980 1346 1184 1381 Constantio
1210 1348 1334 1382 favisse
1359 1356 1437 1395 post
1455 1349 1656 1396 depositum

138 1411 318 1452 sceptrum
339 1405 515 1439 Maxentio
540 1411 574 1438 et
596 1404 820 1438 Maximiano.
844 1404 913 1444 Qui
933 1411 1050 1438 tamen
1076 1417 1158 1439 cum
1184 1407 1304 1440 multis
1325 1408 1529 1442 submersus
1552 1409 1658 1442 fuisse

137 1463 324 1506 scribitur,
348 1463 385 1496 in
404 1463 564 1509 passione
593 1462 720 1496 Luciae
746 1469 781 1496 et
810 1462 1029 1505 Geminiani,
1059 1475 1142 1497 cum
1166 1476 1224 1498 eos
1251 1466 1436 1499 tormentis
1463 1465 1654 1507 affecissctg

136 1521 234 1569 quod
253 1520 565 1555 determinandum
588 1521 777 1554 exercitato
793 1520 915 1555 lectori
936 1521 1116 1568 relinquo,
1136 1534 1216 1556 cum
1238 1529 1357 1557 tamen
1376 1524 1487 1572 magis
1506 1537 1658 1571 apocry-

137 1581 209 1628 pha
225 1579 347 1614 eadem
363 1579 450 1613 mihi
474 1579 587 1626 passio
605 1578 778 1613 videatur.
802 1579 954 1613 Licinius
975 1581 1255 1625 persecutionem
1274 1594 1295 1615 a
1313 1582 1528 1617 Diocletiano
1550 1595 1658 1629 coep-

137 1646 209 1674 tam
229 1638 461 1673 atrocioribus
485 1637 608 1672 edictis
627 1638 833 1671 cumulavit.

185 1697 455 1740 Constantinus,
475 1696 669 1731 Constantii
690 1708 731 1730 ex
757 1697 955 1731 concubina
978 1698 1108 1732 Helena
1130 1698 1240 1742 filius,
1266 1700 1301 1732 ivn
1321 1700 1499 1734 Britannia
1520 1707 1656 1734 creatus

139 1758 344 1803 imperator,
360 1755 436 1800 xxxj
451 1755 552 1789 annis
566 1755 754 1800 imperavit
767 1782 775 1798 ,
791 1755 853 1801 qui
869 1755 1015 1789 Romam
1033 1763 1155 1790 contra
1169 1756 1385 1791 Maxentium
1400 1759 1656 1804 rempublicam

136 1821 319 1849 vexantem
339 1813 495 1848 directus
518 1820 582 1847 est.
608 1813 678 1854 Qui
704 1825 785 1847 cum
809 1814 888 1848 belli
915 1815 1120 1849 necessitate
1143 1816 1253 1849 multa
1274 1816 1493 1859 volveretur,
1518 1818 1654 1852 coelum

137 1873 261 1908 anxius
281 1872 418 1918 saepius
444 1878 662 1917 respectans,
687 1871 775 1905 vidit
795 1871 839 1906 ad
862 1871 1063 1915 Orientem,
1089 1873 1203 1907 media
1225 1873 1294 1908 diei
1316 1875 1489 1918 claritate,
1515 1876 1655 1924 signum

136 1931 250 1966 crucis
265 1943 347 1965 cum
361 1930 660 1977 superscriptione
677 1943 683 1963 z
706 1929 755 1964 In
769 1929 830 1964 hoc
847 1933 957 1965 vince.
975 1931 1056 1972 Quo
1071 1932 1144 1966 viso
1166 1945 1247 1966 mox
1267 1934 1409 1982 signum
1427 1935 1542 1969 crucis
1556 1947 1656 1969 exer-

136 1990 247 2024 citum
275 1988 485 2035 praecedere
503 1989 617 2034 jubet.
643 1988 840 2022 Maxentius
864 2001 968 2031 vero,
996 1989 1149 2024 adventu
1177 1991 1252 2036 ejus
1279 1999 1423 2038 repente
1449 2001 1652 2039 comperto,

136 2054 261 2082 contra
282 2048 398 2093 ipsum
419 2059 438 2081 e
454 2048 566 2081 Roma
584 2046 629 2080 ad
649 2047 781 2080 bellum
800 2059 882 2081 cum
904 2048 1128 2082 festinatione
1146 2061 1403 2096 prorumpens,
1424 2063 1487 2097 per
1507 2051 1656 2097 decipu-

137 2106 205 2140 lam
225 2105 341 2151 pontis
360 2117 467 2151 quam
485 2111 668 2151 paraverat
687 2104 917 2140 Constantino
931 2105 1101 2152 deceptus
1115 2113 1222 2153 atque
1240 2108 1444 2143 submersus
1462 2116 1526 2143 est.
1550 2110 1656 2144 Navi-

137 2165 203 2199 bus
220 2164 314 2198 enim
329 2164 532 2209 compositis
550 2163 658 2197 sterni
677 2163 831 2197 Tiberim
851 2171 885 2198 et
898 2165 1127 2211 superpositis
1142 2167 1311 2211 pontibus
1329 2168 1472 2214 aequari
1487 2169 1652 2213 jusserat,

137 2229 176 2257 ut
195 2222 325 2256 inscius
342 2221 414 2255 doli
434 2221 658 2267 deciperetur
675 2221 926 2256 Constantinus
942 2235 1005 2268 per
1023 2223 1140 2269 pontis
1158 2224 1358 2258 machinam
1378 2226 1630 2261 simulatoriam
1645 2255 1653 2264 ,

135 2280 197 2315 sed
215 2292 278 2326 per
296 2279 424 2314 Christi
444 2280 593 2327 gratiam
612 2279 647 2312 in
666 2279 803 2313 foveam
822 2292 930 2326 quam
949 2280 1031 2315 fecit
1046 2287 1217 2327 tyrannus
1236 2282 1380 2327 incidit,
1402 2291 1509 2331 atque
1526 2284 1570 2319 de
1591 2286 1655 2320 hac

135 2339 354 2374 Constantini
374 2338 517 2372 victoria
535 2338 673 2372 canitur
692 2338 727 2371 in
745 2340 928 2384 sequentia
952 2352 960 2372 :

695 2427 779 2454 Roma
794 2438 875 2455 naves
891 2430 1031 2456 universas

699 2474 729 2500 ln
743 2475 882 2510 profundo
898 2476 966 2502 vidit
981 2485 1094 2505 mersas,

738 2524 796 2551 Una
810 2533 871 2550 cum
884 2524 1031 2551 Maxentio.
