2118 3184
743 386 1030 422 APPENDICES.
1579 387 1649 423 799

128 495 186 531 lege
200 494 253 530 poli
264 495 328 528 juro
341 500 414 520 staro
424 504 476 520 non
490 497 581 520 renuit
596 504 638 521 me
651 503 764 530 quoque
777 499 803 520 et
819 500 943 530 posteros
957 503 1030 520 meos
1044 503 1138 521 omnes
1149 495 1214 529 jure
1231 495 1399 522 successorio
1411 494 1503 531 obligo
1516 499 1546 520 ut
1560 496 1649 520 omnia

128 542 195 568 hace
207 542 337 567 ecclesiae
351 542 501 567 &iuis-ensis
516 541 648 567 fratribus
660 541 732 567 tueri
743 546 769 566 ct
781 541 873 567 illaesa
885 550 1048 567 conservare
1061 547 1196 577 perpetuo
1209 547 1369 575 teneantur-3
1383 541 1450 568 haec
1459 546 1549 568 antem
1561 544 1650 567 omnin

130 595 160 616 ut
174 595 233 616 rata
247 594 273 615 cl
287 589 378 615 illaesa
388 590 447 616 sine
460 590 513 615 line
526 593 701 624 perseverent
716 594 860 624 praesente
874 589 977 624 scripto
993 589 1083 625 sigillo
1095 598 1155 615 meo
1169 591 1291 625 signato,
1308 598 1413 616 necnon
1428 589 1567 615 hominum
1582 598 1652 616 meo-

130 646 190 663 rum
201 642 227 663 cl
238 637 352 663 aliorum
362 636 482 662 fidelium
490 645 614 672 congruo
622 637 778 663 [estimonio
786 637 929 662 confirmo.
942 636 970 662 S.
985 637 1101 663 nazonis
1111 637 1144 663 de
1153 638 1271 670 (ἔπει-εις
1282 637 1310 663 S.
1321 637 1434 663 walteri
1444 637 1478 663 dc
1485 636 1633 673 Sollenqem
1643 649 1650 662 .-

129 684 158 710 S.
175 683 308 710 Roman-di
323 684 357 709 de
371 683 570 709 uester-bocla.

168 731 225 767 Ego
244 730 407 758 Balduinus,
426 730 586 756 Hainoensis
606 739 710 759 comes,
729 730 830 757 suturis
846 736 873 756 ct
894 731 1097 766 praesentibus.
1117 731 1196 766 Quod
1212 730 1368 756 Evcrardus
1383 730 1495 766 Raditlf,
1517 735 1649 766 cognatus

130 787 220 809 meus,
233 777 363 804 ecclcsiae
374 777 521 807 §inis-ensi,
537 782 567 802 ut
581 786 710 812 praeseus
725 778 889 803 testificatur
903 778 1046 813 scriptum.
1060 778 1195 804 concessit
1206 782 1232 803 et
1248 777 1336 813 sigillo
1350 786 1400 803 suo
1414 778 1586 804 confirmavit
1598 787 1649 813 pro

130 825 246 861 eoquod
259 824 326 850 illud
335 824 369 850 de
380 834 422 850 me
436 825 462 850 in
477 824 586 850 feodum
598 824 708 850 tenebat
720 825 805 860 ipsius
818 830 915 861 rogatu
924 845 930 855 ,
945 825 983 851 sic
993 825 1049 860 ipso
1061 824 1232 851 confirmavit
1243 830 1270 851 et
1280 834 1331 861 ego
1344 824 1434 861 sigillo
1447 834 1506 851 meo
1518 826 1650 851 confirmo

127 877 155 899 et
169 872 310 899 hominum
325 881 446 898 meorum
462 871 635 908 aliorumque
648 873 822 899 attestatione
838 873 989 899 auctorizo.

1136 940 1258 972 Original.
1271 947 1339 963 sceau
1352 948 1381 963 en
1394 939 1442 964 cire
1453 939 1537 964 brunc.

859 1034 930 1045 l

857 1251 929 1285 Lx.

131 1350 275 1387 Ge'rard
289 1351 330 1385 de
352 1350 557 1398 Grimherye
572 1352 737 1398 yar-amit
756 1348 780 1384 ἀ
801 1350 821 1383 Γ
822 1351 957 1397 abbaye
981 1351 1017 1384 la
1037 1354 1232 1398 possession
1249 1352 1308 1386 des
1326 1352 1423 1386 hiens
1441 1356 1508 1399 qui
1521 1353 1576 1387 lui
1592 1360 1652 1388 ont

455 1409 509 1443 e'te'
520 1408 682 1443 conce'dek
698 1420 743 1443 ou
761 1409 893 1443 donne's
909 1407 933 1443 ἀ
948 1409 1104 1444 Pamele.
1118 1431 1165 1436 --
1176 1410 1317 1444 Pium.

780 1609 796 1630 A
810 1607 915 1631 Nineve.
930 1607 1003 1630 1188.

168 1688 224 1724 Ego
239 1687 378 1714 Gerardus
393 1687 426 1713 de
444 1687 619 1723 Grimberga.
638 1688 755 1722 posteris
768 1692 795 1713 et
815 1687 1017 1722 praesentibus.
1035 1687 1215 1714 Rationaliter
1230 1693 1290 1715 acta
1308 1689 1347 1715 sic
1365 1688 1466 1715 debent
1478 1688 1597 1716 firmari.
1618 1699 1651 1715 ne

128 1736 293 1771 antiquitate
308 1740 440 1771 pereant,
456 1744 489 1761 ne
502 1735 643 1761 bominum
659 1734 760 1761 malitia
772 1735 973 1771 infringantur,
988 1744 1038 1761 seu
1054 1741 1278 1771 corrumpantur.
1295 1735 1332 1762 Ea
1351 1741 1466 1772 propter
1477 1736 1512 1761 sit
1525 1736 1651 1762 omnibus

128 1788 224 1809 notum
236 1782 311 1818 qnod
321 1781 475 1808 willelmus
485 1781 519 1807 de
528 1781 688 1818 Ledeberga
697 1802 703 1813 ,
714 1781 786 1807 filius
796 1781 912 1808 Walteri
920 1781 1024 1807 Haweli
1032 1803 1039 1814 ‚
1054 1782 1129 1808 dedit
1140 1782 1271 1809 ecclesiae
1281 1783 1419 1809 Ninivensi
1427 1803 1434 1815 ³
1450 1791 1509 1808 meo
1523 1792 1648 1810 assensn.

126 1831 153 1856 in
171 1830 372 1865 eleemosynam
388 1834 444 1855 tres
464 1829 596 1854 bunarios
615 1833 706 1855 terrae
723 1828 796 1864 apud
817 1828 966 1861 Pamelam‚
990 1838 1040 1864 pro
1055 1829 1144 1855 anima
1158 1830 1244 1864 patris
1260 1830 1301 1855 sui
1321 1834 1348 1855 et
1367 1830 1487 1855 omnium
1504 1834 1649 1865 parentum

127 1886 252 1904 suorum.
265 1876 377 1902 Constet
390 1876 470 1902 etiam
484 1875 536 1901 hoc
547 1875 674 1902 omnibus
689 1876 716 1901 in
727 1875 785 1909 jam
799 1875 886 1902 dictae
901 1875 1090 1910 eleemosynae
1104 1876 1176 1902 dono
1191 1881 1218 1902 et
1232 1875 1386 1910 adjectione
1399 1885 1441 1902 me
1455 1881 1483 1902 et
1496 1876 1650 1912 praefatum

130 1923 297 1951 Willelmum
313 1924 432 1950 scienter
449 1927 477 1949 et
495 1928 646 1958 spontanee
659 1923 698 1949 sic
718 1922 855 1959 obligatos
868 1928 899 1949 ut
913 1932 1008 1950 omnes
1025 1924 1227 1958 possessiones,
1247 1933 1315 1959 quas
1332 1923 1446 1950 ecclesia
1462 1924 1496 1950 de
1514 1924 1610 1950 Ninive
1624 1925 1650 1950 in

129 1971 268 2006 praedicta
283 1970 412 2007 parochia
425 1970 459 1996 de
473 1970 581 1996 Pamela
594 1970 636 1996 vel
656 1970 691 1996 de
703 1970 824 1997 dominio
836 1970 939 1997 castelli
954 1971 988 1997 de
1002 1970 1162 2007 Ledeberga
1171 1992 1178 2003 ‚
1192 1972 1302 1997 vivente
1315 1971 1439 1998 XValtero
1451 1971 1542 1998 Hawel
1557 1981 1652 2007 posse-

127 2017 221 2045 derat.
237 2018 288 2053 ipsi
302 2018 441 2044 Ninivensi
455 2016 587 2043 ecclesiae
597 2017 727 2053 deinceps
739 2022 881 2044 teneamur
895 2018 980 2050 tueri,
997 2023 1024 2043 et
1034 2022 1066 2043 ut
1081 2018 1107 2044 in
1122 2027 1188 2053 pace
1197 2023 1224 2044 et
1238 2018 1331 2053 quiete
1341 2018 1463 2044 detineat
1475 2027 1649 2046 conservare.

129 2065 201 2091 Haec
213 2070 304 2092 autem
316 2065 458 2100 utjugiter
466 2069 493 2090 et
504 2064 596 2090 illaesa
606 2069 796 2100 perseverent,
804 2065 908 2100 scripto
919 2065 971 2091 hoc
981 2064 1071 2101 sigillo
1083 2074 1143 2091 meo
1154 2066 1261 2101 signato
1269 2086 1275 2097 ,
1283 2070 1311 2092 et
1320 2065 1440 2091 omnium
1451 2074 1574 2092 meorum
1583 2066 1652 2092 alio-

129 2121 247 2148 rumque
261 2112 383 2139 fidelium
397 2112 572 2138 attestatione
587 2113 680 2138 munio
690 2117 718 2138 et
729 2113 880 2138 auctorizo.
894 2112 922 2138 S.
939 2112 1065 2147 Symonis
1076 2112 1110 2138 de
1123 2112 1305 2148 Grimbergis,
1320 2112 1349 2139 S.
1361 2112 1523 2139 Theoderici
1536 2112 1570 2139 de
1587 2113 1652 2139 Geth

132 2159 278 2191 abbatum,
293 2158 321 2185 S.
334 2159 438 2194 Sigei-i,
449 2158 573 2190 Hobosc,
590 2158 715 2192 Davidis,
731 2158 862 2191 fratrum,
879 2159 908 2186 S.
922 2159 1125 2195 WalteriRong
1135 2164 1161 2185 et
1175 2158 1292 2185 fratrum
1305 2168 1432 2192 suorum2
1446 2159 1475 2186 S.
1489 2159 1603 2186 Gerardi
1617 2160 1651 2186 de

131 2205 306 2239 Oldenborcb‚
327 2205 444 2231 Goswini
463 2205 498 2231 de
519 2205 688 2241 Adenqhem,
709 2206 798 2233 Rolini
821 2206 855 2232 de
878 2205 1004 2232 strithem
1026 2211 1054 2232 et
1074 2205 1187 2232 Arnoldi
1210 2206 1260 2232 filii
1281 2207 1323 2232 sui
1334 2227 1341 2237 ‚
1361 2206 1491 2233 Willelmi
1509 2206 1543 2233 de
1564 2207 1631 2234 Vico
1643 2229 1649 2237 ,

130 2253 245 2279 Walteri
256 2253 290 2280 de
306 2253 451 2289 lserqhm,
470 2252 602 2279 willelmi
620 2253 654 2280 de
674 2254 797 2287 Pamela,
813 2253 943 2280 Willelmi
956 2253 990 2280 ‹le
1007 2253 1174 2290 Okenqhem,
1188 2253 1304 2280 Walteri
1320 2253 1433 2286 Willin,
1452 2253 1601 2281 Giselberti
1615 2255 1650 2280 de

130 2300 242 2327 Lanibec
256 2300 497 2335 presbyterorum,
515 2300 637 2336 magistri
651 2299 752 2337 Sigeri=
769 2301 891 2337 magistri
907 2300 1035 2336 Philippi.
1053 2300 1150 2327 Actum
1164 2300 1258 2327 Ninive
1272 2301 1299 2327 in
1316 2301 1417 2337 templo
1428 2322 1435 2334 ,
1453 2310 1525 2328 anno
1543 2301 1650 2328 Domini

130 2346 358 2379 MCLXXXV{11‚
373 2347 438 2373 dum
454 2346 544 2373 flawel
559 2346 756 2374 tumularetur.

1085 2413 1192 2444 Original
1200 2432 1206 2443 ,
1220 2420 1288 2437 sceau
1303 2413 1401 2437 driu-uit.

851 2528 926 2538 l
