2118 3184
749 412 1036 449 APPENDICES.
1581 411 1648 445 2397

133 530 257 551 curatur.
273 524 349 550 [nde
361 533 410 550 nos
421 524 468 559 qui
481 523 602 549 fidelium
614 523 736 558 ipsorum
747 531 840 548 curam
856 523 976 557 gerimus
989 520 1144 557 generalem
1153 540 1159 551 ‚
1172 528 1233 545 cum
1245 527 1310 554 prae
1321 518 1448 544 omnibus
1459 527 1530 554 quae
1539 523 1648 544 nostrae

133 571 295 597 incumbunt
310 570 486 597 sollicitudini
509 570 543 596 ad
565 569 723 596 eorumdem
741 570 857 595 salntem
875 569 1018 595 intendore
1037 573 1195 598 teneamur,
1218 566 1294 592 multi
1315 566 1452 592 desiderio
1474 567 1599 601 cupimus
1620 571 1650 591 ut

131 618 240 645 illorum
252 619 418 644 memoriam.
431 626 501 652 quos
508 616 668 649 exutosjam
678 625 794 651 corpore
806 616 875 642 stota
886 616 990 651 gloriae
1001 615 1089 641 induit
1102 623 1147 640 rex
1161 613 1283 646 coelesti,
1293 613 1489 639 venerabiliter
1497 613 1650 640 recolentes

133 667 255 701 ipsorum
271 665 340 691 festa
353 670 380 690 et
391 663 492 690 celebri
510 669 593 699 agant
608 663 782 689 observantia
800 669 827 689 et
841 663 999 689 solemniter
1019 666 1239 697 prosequantur.
1255 670 1285 686 ac
1301 665 1330 686 ut
1350 666 1426 687 tanto
1444 661 1599 687 accuratius
1617 661 1650 686 ad

135 721 230 739 eorum
244 711 349 738 cultum
363 720 391 737 se
407 715 590 746 praeparent,
610 715 714 745 quanto
732 710 794 745 plus
808 710 896 745 ipsum
911 709 1052 735 animabus
1071 709 1206 734 senserint
1220 707 1411 742 profuturum,
1433 717 1494 734 cum
1514 717 1567 733 non
1582 717 1652 733 nun-

135 759 351 796 quaminsigniis
365 757 529 793 quibusdam
545 757 735 792 spiritualibus
754 757 932 793 indulgentiis
949 756 1077 782 videlicet
1093 760 1121 781 et
1139 754 1344 781 remissionibus
1366 755 1541 790 magnificare
1560 754 1653 780 stude—

136 816 214 837 mus,
229 806 301 841 ipsas
321 805 420 831 devote
433 804 509 830 illum
525 804 726 839 exequentibus
746 804 914 840 benignitate
933 803 1082 839 apostolica
1098 802 1276 828 servientum.
1294 801 1362 827 llinc
1375 806 1417 827 est
1435 801 1509 836 quod
1527 811 1587 828 cum
1610 810 1654 827 ec-

133 854 213 881 clesia
229 858 319 879 vestra
333 852 360 878 in
374 851 478 877 honore
490 856 647 877 sanctorum
662 850 778 877 Cornelii
795 857 821 877 et
834 851 962 886 Cypriani
977 854 1134 876 constructa
1150 858 1208 874 esse
1221 848 1330 874 dicatur
1340 869 1346 880 ,
1367 858 1415 874 nos
1434 849 1491 884 ipsa
1506 848 1588 884 digna
1602 848 1654 874 coli

136 899 290 927 reverentia
303 899 446 934 cupientes
456 919 462 928 ,
479 899 606 924 omnibus
618 907 682 924 vere
693 899 900 933 poenitentibus
913 903 939 924 et
954 897 1084 924 confessis
1100 897 1147 932 qui
1159 895 1191 921 ad
1203 895 1323 921 eamdem
1337 895 1478 922 ecclesiam
1493 896 1519 922 in
1531 897 1652 931 ipsorum

136 946 206 974 festo
217 955 287 982 pura
301 946 454 972 intentione
467 946 649 976 accesserint,
664 946 803 971 annuatim
818 945 852 971 de
868 945 1062 981 omnipotentis
1077 944 1125 969 Dei
1140 942 1325 969 misericordia
1339 947 1365 968 et
1386 943 1528 969 beatorum
1542 943 1614 969 Petri
1628 948 1655 969 et

136 993 211 1020 Pauli
225 992 412 1029 apostolorum
425 993 485 1026 ejus
498 1002 528 1018 ae
542 1002 572 1018 ea
582 1013 588 1025 ‚
604 1002 686 1028 quam
698 993 777 1019 nobis
791 993 925 1019 concessit
935 1013 941 1024 ‚
958 992 1121 1018 auctoritate
1132 990 1226 1017 conlisi
1240 990 1335 1026 viginti
1348 990 1407 1016 dies
1419 990 1453 1016 de
1467 991 1589 1024 injuncta
1603 990 1654 1016 sibi

137 1041 304 1077 poenitentia
323 1040 537 1067 misericorditer
551 1040 713 1067 relaxamus.
735 1041 833 1067 Datum
850 1040 977 1077 Lugduni
994 1040 1035 1073 xvj
1051 1038 1181 1065 kalendas
1196 1038 1257 1064 Maii
1270 1058 1277 1071 ,
1294 1038 1469 1072 pontificatus
1480 1038 1565 1064 nostri
1583 1047 1653 1063 anno

137 1089 244 1124 quinto.

1127 1131 1248 1163 Original,
1263 1138 1331 1155 sceau
1343 1138 1372 1154 en
1385 1130 1475 1161 plomb.

870 1194 929 1205 11

840 1389 908 1424 CCI
912 1390 939 1423 V
946 1418 951 1423 .

142 1489 188 1524 Le
206 1488 378 1524 chevalier
396 1488 568 1523 Bernarcl
580 1488 621 1522 de
637 1474 780 1522 Pameile
797 1485 936 1532 confere
944 1493 1138 1534 purement
1157 1494 1190 1522 et
1200 1488 1421 1535 simplement
1437 1488 1460 1523 (ὶ
1479 1490 1654 1537 l’ahbaye,

505 1546 540 1580 la
557 1545 767 1593 chapellem'e
789 1545 830 1579 de
848 1545 1073 1592 Ledeberqhe.
1093 1567 1138 1571 —
1153 1546 1296 1580 Pmm.

769 1722 786 1743 Α
804 1720 924 1744 Bruxeltes
937 1739 943 1749 ,
966 1721 1038 1745 1247.

183 1804 322 1832 Universis
333 1807 493 1839 praesentes
506 1802 613 1828 litteras
625 1802 725 1828 visuris
739 1801 896 1828 Bernardus
908 1823 915 1835 ,
933 1801 1008 1828 miles
1021 1801 1055 1828 de
1068 1801 1176 1828 Pamela
1185 1822 1192 1834 ‚
1214 1803 1362 1830 advocatus
1382 1804 1425 1830 vel
1441 1809 1517 1830 tutor
1533 1803 1659 1830 Willelmi

145 1852 225 1889 pueri
235 1850 338 1877 domini
350 1849 384 1875 de
397 1849 558 1885 Ledeberga
568 1870 575 1881 ,
591 1848 707 1875 salutem
721 1849 748 1875 in
768 1849 894 1875 Domino.
910 1849 1087 1875 Universitati
1100 1854 1208 1875 vestrae
1219 1854 1314 1876 tenore
1326 1852 1511 1886 praesentium
1525 1852 1661 1888 significo.

144 1898 219 1936 quod
236 1906 287 1934 ego
306 1897 340 1923 de
355 1895 469 1922 consilio
483 1895 619 1922 bonorum
631 1896 755 1922 virorum
764 1917 771 1928 ‚
785 1896 821 1922 ob
834 1896 886 1922 mei
900 1905 1079 1931 meorumque
1094 1896 1251 1922 memoriam
1261 1896 1431 1924 salutiferam
1444 1899 1471 1924 in
1488 1898 1602 1925 ecclesia
1616 1899 1660 1926 Ni—

144 1946 250 1974 nivensi
262 1948 398 1981 perpetuo
415 1943 587 1975 habendam,
607 1943 785 1978 capellaniam
800 1943 834 1969 de
852 1943 1012 1979 Ledeberga
1023 1963 1030 1975 ‚
1043 1942 1124 1977 cujus
1137 1943 1248 1970 donatio
1265 1944 1300 1970 ad
1319 1954 1415 1971 manus
1436 1954 1510 1972 meas
1529 1946 1639 1972 devenit
1653 1968 1659 1977 ‚

145 2003 216 2030 quae
228 1993 280 2019 sita
290 1996 333 2018 est
345 1991 372 2017 in
385 1995 535 2026 personatu
547 1990 636 2016 dictae
649 1990 778 2017 ecclesiae
788 2011 794 2023 ‚
808 1990 936 2016 videlicet
949 1990 975 2015 in
987 1990 1117 2025 parochia
1130 1990 1164 2016 de
1175 1990 1283 2017 Pamela
1292 2012 1299 2024 ‚
1315 1996 1343 2017 et
1355 1991 1468 2018 fundata
1482 1997 1523 2018 est
1535 1992 1570 2019 de
1582 1999 1660 2028 parte

145 2039 390 2074 decimaejacentis
403 2038 430 2064 in
446 2037 539 2064 eadem
553 2037 683 2073 parochia
697 2042 725 2063 et
736 2038 885 2073 spectantis
896 2037 930 2064 ad
943 2037 1043 2063 dictam
1057 2038 1198 2064 ecclesiam
1211 2039 1318 2065 ratione
1332 2044 1494 2074 patronatus
1503 2061 1509 2072 ‚
1527 2040 1553 2066 in
1566 2050 1661 2067 manus

148 2086 313 2115 venerabilis
324 2107 331 2119 ‚
345 2085 380 2111 ad
394 2094 464 2121 opus
479 2090 631 2111 conventus
645 2085 767 2119 ejusdem
777 2085 828 2111 loci
837 2106 843 2118 ‚
855 2085 959 2112 contuli
973 2094 1042 2123 pure
1054 2090 1168 2121 propter
1179 2085 1282 2121 Deum3
1296 2087 1333 2112 ita
1345 2087 1420 2122 quod
1435 2087 1534 2122 aliquis
1544 2087 1578 2114 de
1589 2087 1661 2114 dicto

146 2139 283 2162 conventu
297 2142 348 2170 pro
360 2133 503 2160 voluntate
517 2137 544 2158 et
557 2132 672 2158 arbitrio
684 2133 791 2159 abbatis
804 2133 956 2159 Ninivensis
969 2133 1068 2159 dictam
1080 2132 1258 2168 capellaniam
1273 2140 1408 2169 perpetuo
1418 2134 1664 2161 debeatdeservire

146 2188 174 2210 et
183 2182 290 2209 fructus
296 2191 329 2208 ex
339 2180 434 2207 eadem
442 2180 594 2215 capellania
602 2181 794 2215 provenientes
805 2181 838 2206 de
849 2185 958 2206 caetero
967 2180 1085 2207 debeant
1094 2182 1217 2207 converti
1226 2182 1254 2207 in
1263 2181 1479 2208 emendationem
1489 2182 1661 2217 praebendae

147 2233 298 2256 conventus
313 2227 470 2264 praelibati.
486 2226 517 2252 In
532 2227 612 2260 cujus
631 2226 784 2253 collationis
805 2227 990 2253 testimonium
1011 2232 1039 2254 et
1057 2227 1196 2253 munimen
1216 2233 1375 2263 praesentes
1391 2228 1497 2254 litteras
1511 2228 1591 2264 sigilli
1611 2231 1662 2256 mei

147 2276 327 2312 appensione,
340 2283 403 2300 cum
412 2274 532 2306 testium,
548 2273 595 2308 qui
605 2273 692 2299 eidem
705 2273 841 2300 collationi
851 2273 1052 2307 interfuerunt,
1062 2271 1262 2301 'subnotatione
1274 2274 1336 2301 dedi
1349 2274 1438 2301 dictae
1448 2274 1578 2302 ecclesiae
1590 2275 1664 2302 Nini-

149 2325 225 2350 vensi
236 2323 390 2349 roboratas.
407 2321 504 2347 Actum
517 2321 590 2356 apud
603 2320 757 2347 Bruxellam
775 2321 801 2347 in
823 2321 903 2347 domo
920 2321 1053 2348 ,Iohannis
1069 2321 1133 2348 Rufi
1146 2342 1153 2354 ,
1174 2331 1246 2348 anno
1264 2322 1371 2348 Domini
1387 2321 1570 2355 MCCXLVH,
1592 2322 1663 2349 infra

149 2376 259 2398 octavas
281 2368 430 2396 nativitatis
448 2367 566 2394 Domini.
587 2367 682 2394 Testes
698 2368 784 2395 frater
798 2368 933 2395 Hau-enus
951 2373 978 2395 et
999 2368 1084 2395 frater
1097 2368 1236 2395 Gerardus
1256 2368 1289 2395 de
1309 2368 1405 2395 ordine
1424 2369 1660 2404 praedicatorum,

149 2418 236 2445 frater
250 2417 407 2452 Philippus,
423 2415 508 2442 frater
522 2414 685 2442 Lambertus
695 2421 722 2441 et
735 2416 819 2442 frater
831 2415 986 2443 Willelmus
998 2437 1005 2449 ⁷
1019 2416 1142 2443 canonici
1156 2416 1324 2442 Ninivenses.
1467 2407 1471 2413 .

1038 2481 1148 2513 Original
1157 2500 1164 2511 ‚
1176 2488 1244 2505 sceau
1257 2489 1285 2505 en
1298 2481 1346 2505 cire
1355 2481 1439 2506 brune.

250 2579 337 2612 Tou.
368 2578 412 2611 ΙΙ.
1477 2577 1543 2611 113
