2118 3184
456 453 717 488 CHRONICON
746 453 959 488 BALDUINI
987 452 1287 489 NINOVIENSIS.
1553 458 1621 492 693

114 562 206 595 litiae
217 561 454 595 1·‹‘.vertiturd(=
464 562 695 595 Jherusalem.
709 560 903 597 conradus.
921 561 1012 594 filius
1028 561 1260 607 imperatoris.
1278 561 1396 596 adhuc
1410 562 1498 608 patri
1509 563 1622 596 rebel—

114 620 174 662 lis7
194 621 226 653 in
246 620 340 654 ltalia
361 621 522 654 moritur.
541 620 709 653 chricus
731 620 921 664 imperator
940 619 1108 653 ducatum
1135 620 1381 668 Lotharingiae
1401 619 1461 654 dat
1475 620 1623 655 Henrico

114 678 379 726 Leniburgensi.
402 678 605 721 Anselrnus.
628 677 870 711 Lautlunensis
889 677 1031 721 doctor,
1053 678 1165 712 clarus
1185 679 1348 713 habetur.

570 796 724 831 Initium
748 796 908 830 abbatiae
933 796 974 830 de
999 797 1152 832 Foresto.

162 913 376 960 Fulgentius.
393 914 527 959 primus
537 913 645 947 abbas
656 912 884 960 llaffligensis.
898 920 1033 948 sanctas
1043 920 1075 947 et
1085 913 1228 948 devotas
1237 914 1388 962 virgines
1398 917 1622 963 congregavit

114 971 236 1005 inloco
252 972 313 1017 qui
329 971 507 1006 Merchten
525 971 674 1007 dicitur:
694 971 754 1005 sed
770 972 852 1018 quia
868 971 959 1005 idem
977 972 1072 1006 locus
1087 984 1243 1020 congrua
1253 975 1516 1019 opportunitate
1530 988 1622 1009 care-

113 1029 189 1072 bat.
208 1029 420 1075 procedente
435 1037 594 1076 tempore
608 1042 664 1063 eas
677 1030 892 1075 transposuit
906 1030 939 1063 in
960 1031 1035 1064 loco
1049 1031 1111 1076 qui
1127 1031 1305 1064 Forestum
1329 1031 1475 1075 dicitur,
1494 1032 1621 1067 tradito

112 1088 176 1121 sibi
192 1100 210 1121 a
228 1089 404 1122 Francone
417 1116 425 1130 ‚
442 1089 628 1122 castellano
649 1088 860 1121 Bruxelleusi
875 1115 883 1131 ,
905 1089 966 1134 qui
982 1089 1068 1121 inibi
1088 1089 1287 1134 priorissam
1305 1091 1486 1124 constituit
1504 1090 1621 1124 domi-

113 1158 193 1179 nam
214 1146 402 1181 Bertildam
414 1174 422 1190 ·.
439 1160 530 1193 quae
544 1160 609 1180 xxx
628 1153 663 1180 et
677 1159 717 1180 eo
737 1147 886 1192 amplius
905 1147 1003 1180 annis
1019 1147 1054 1180 in
1069 1147 1125 1180 illa
1140 1148 1458 1182 sanctimonialium
1471 1161 1620 1197 congre—

112 1205 252 1252 gatione
270 1212 305 1238 et
323 1206 488 1239 omnibus
506 1211 641 1253 gratam
661 1211 693 1238 et
713 1205 786 1238 sine
807 1204 1077 1250 reprehensione
1095 1218 1130 1238 se
1150 1206 1267 1253 gessit.

159 1262 344 1306 Henricus.
367 1263 457 1296 filius
476 1263 714 1308 imperatoris.
736 1275 754 1296 a
773 1269 870 1308 patre
883 1275 1023 1296 aversus
1046 1263 1174 1296 multos
1194 1264 1238 1296 ab
1260 1275 1301 1296 eo
1325 1265 1469 1307 avertit7
1497 1271 1531 1298 et
1553 1266 1619 1299 sub

111 1321 259 1354 obtentu
274 1327 404 1354 statum
420 1321 582 1354 ecclesiae
598 1320 803 1354 meliorandi
819 1321 854 1353 in
868 1333 949 1354 eum
964 1321 1126 1367 insurgit.
1146 1321 1320 1354 Paschalis
1334 1333 1423 1367 papa
1437 1321 1481 1356 ad
1497 1322 1622 1356 Gallias

110 1380 302 1423 transiens7
325 1386 461 1413 exercet
479 1378 662 1425 synodales
681 1391 819 1421 causas,
841 1385 875 1412 et
893 1390 964 1411 non
987 1385 1177 1424 apparente
1195 1385 1278 1412 nota
1297 1380 1474 1425 symoniae
1493 1380 1621 1425 injuste

110 1437 176 1471 sibi
191 1449 210 1471 a
226 1437 390 1471 Romanis
404 1437 529 1483 injecta
541 1464 549 1480 ,Ι
571 1436 767 1470 honoratur
785 1436 974 1482 apostolica
993 1436 1176 1484 dignitate.
1200 1437 1243 1470 At
1261 1437 1490 1485 Maginolfus,
1511 1439 1571 1484 qui
1587 1445 1621 1472 et

111 1495 284 1542 Sylvester
301 1496 364 1539 IV,
390 1496 578 1530 invasionis
596 1508 694 1539 reus7
716 1508 787 1529 non
806 1495 917 1529 multo
937 1502 1016 1541 post
1033 1495 1243 1541 reprobatur
1260 1508 1279 1529 a
1298 1496 1463 1530 Romanis
1479 1503 1513 1530 et
1529 1497 1620 1530 fama

112 1555 263 1589 nominis
278 1555 352 1601 ejus
370 1555 522 1589 evanuit.

293 1713 346 1747 De
371 1712 545 1747 Norberto
570 1715 635 1758 qui
657 1712 817 1747 ordinem
842 1712 1230 1746 praemonstratensem
1254 1711 1440 1746 inchoavit.

161 1843 388 1877 Adolescebat
405 1842 474 1876 hoe
488 1848 647 1888 tempore
664 1841 780 1888 primo
794 1841 830 1874 in
845 1842 939 1875 curia
955 1840 1147 1885 Frederici7
1168 1842 1419 1888 archiepiscopi
1439 1841 1620 1876 Colonien—

111 1903 172 1943 sis.
193 1900 321 1935 deinde
340 1901 375 1934 in
395 1900 491 1933 curia
506 1900 644 1934 Henrici
664 1900 903 1945 imperatoris,
920 1899 1065 1946 quidam
1090 1900 1232 1934 nomine
1246 1900 1458 1944 Norbertus7
1480 1901 1620 1934 natione

113 1959 343 2003 Teutonicus,
365 1958 558 2004 municipio
577 1957 621 1992 de
639 1957 792 2001 Sanctis,
814 1958 910 2004 quod
926 1958 1009 1992 olim
1029 1958 1132 1992 Troia
1150 1958 1347 2002 dicebatur,
1368 1971 1496 2007 genere
1514 1959 1558 1993 de
1576 1960 1619 1993 il—

111 2018 209 2052 lustri
225 2019 386 2064 prosapia
399 2024 498 2051 ortus
511 2044 519 2060 ,
539 2017 666 2063 opibus
679 2016 867 2061 adauctus,
885 2017 998 2051 forma
1011 2016 1161 2051 decorus
1173 2045 1182 2061 o
1198 2018 1341 2051 scientia
1355 2017 1527 2061 eruditus,
1544 2018 1619 2052 elo—

110 2076 195 2123 quio
209 2076 383 2119 excultus³
399 2075 513 2109 officio
531 2075 695 2119 clericus,
712 2074 836 2109 ordine
853 2074 1110 2119 subdiaconus,
1127 2075 1172 2109 de
1186 2087 1258 2122 quo
1272 2074 1316 2109 ad
1334 2082 1481 2109 matrem
1497 2088 1614 2120 suam7

111 2146 191 2168 cum
211 2134 330 2168 adhuc
349 2147 429 2167 eum
452 2140 604 2182 gestaret
617 2135 653 2168 in
672 2140 793 2178 utero,
814 2146 877 2180 per
890 2134 1068 2168 somnium
1086 2134 1176 2168 facta
1195 2141 1247 2168 est
1260 2147 1327 2168 vox
1343 2134 1588 2180 hujuscemodi
1607 2149 1612 2167 :

114 2206 132 2222 «
149 2194 270 2239 Aequo
284 2193 402 2226 animo
416 2198 489 2225 esto
499 2218 508 2235 s
524 2192 693 2238 quoniam
708 2192 992 2238 archiepiscopus
1007 2192 1149 2225 futurus
1164 2199 1216 2226 est
1233 2204 1339 2238 quem
1355 2198 1467 2239 gestas
1481 2192 1517 2225 in
1531 2204 1617 2226 ven-

109 2257 176 2283 tre.
203 2265 220 2282 »
245 2250 306 2283 Hic
328 2262 410 2283 cum
429 2250 558 2283 levitati
575 2250 738 2283 secularis
760 2262 909 2296 pompae
935 2250 1015 2283 satis
1034 2262 1211 2296 superque
1232 2249 1452 2290 indulsisset„
1473 2257 1616 2295 repente

109 2314 266 2342 mutatus
284 2307 318 2340 in
338 2307 452 2341 virum
472 2307 638 2350 alterum,
655 2306 898 2341 accelerandae
914 2307 1090 2354 religionis
1107 2319 1223 2349 causa,
1240 2319 1260 2340 a
1275 2306 1456 2340 Frederico
1475 2307 1614 2342 archie-

109 2367 254 2413 piscopo
280 2364 380 2410 petiit
405 2370 440 2398 et
461 2364 661 2410 impetravit
685 2364 775 2398 duos
798 2364 901 2398 simul
926 2376 1108 2410 supremos
1130 2364 1290 2407 ordines7
1315 2363 1351 2397 id
1372 2371 1424 2398 est
1447 2364 1614 2400 diacona—

108 2431 186 2458 tum
205 2429 241 2457 et
253 2421 500 2457 sacerdotium.

159 2483 260 2516 Anno
285 2481 432 2524 MCVH,
462 2480 651 2524 Henrieus,
679 2481 770 2515 filius
793 2481 931 2515 Henrici
957 2481 1196 2527 imperatoris,
1221 2481 1409 2528 imperium
1428 2482 1612 2528 invadens,

110 2547 246 2587 patrem
260 2552 364 2574 suum
380 2539 473 2585 cepit
486 2545 520 2573 et
534 2538 712 2573 custodiae
731 2539 954 2585 mancipavit.
972 2540 1016 2573 At
1033 2546 1132 2586 pater
1146 2540 1296 2586 qualiter
1309 2539 1390 2574 dolo
1405 2540 1466 2575 filii
1479 2541 1533 2576 sui
1551 2541 1615 2576 de-
