<?xml version="1.0" encoding="UTF-8"?>
<!DOCTYPE html PUBLIC "-//W3C//DTD XHTML 1.0 Transitional//EN"
    "http://www.w3.org/TR/xhtml1/DTD/xhtml1-transitional.dtd">
<html xmlns="http://www.w3.org/1999/xhtml" xml:lang="en" lang="en">
 <head>
  <title>
</title>
<meta http-equiv="Content-Type" content="text/html;charset=utf-8" />
  <meta name='ocr-system' content='tesseract 3.04.00' />
  <meta name='ocr-capabilities' content='ocr_page ocr_carea ocr_par ocr_line ocrx_word'/>
</head>
<body>
  <div class='ocr_page' id='page_1' title='image "./corpuschronicoru02smetuoft_0040.png"; bbox 0 0 2137 3131; ppageno 0'>
   <div class='ocr_carea' id='block_1_1' title="bbox 412 372 1577 415">
    <p class='ocr_par' dir='ltr' id='par_1_1' title="bbox 412 372 1577 415">
     <span class='ocr_line' id='line_1_1' title="bbox 412 372 1577 415; baseline -0.009 0"><span class='ocrx_word' id='word_1_1' title='bbox 412 380 454 415; x_wconf 81' lang='lat'><strong>18</strong></span> <span class='ocrx_word' id='word_1_2' title='bbox 751 376 925 412; x_wconf 83' lang='lat' dir='ltr'>CORPUS</span> <span class='ocrx_word' id='word_1_3' title='bbox 951 373 1283 410; x_wconf 72' lang='lat' dir='ltr'>CHRONICORUM</span> <span class='ocrx_word' id='word_1_4' title='bbox 1312 372 1577 408; x_wconf 74' lang='lat' dir='ltr'>FLANDRIAE.</span> 
     </span>
    </p>
   </div>
   <div class='ocr_carea' id='block_1_2' title="bbox 407 478 1933 1703">
    <p class='ocr_par' dir='ltr' id='par_1_2' title="bbox 459 478 1926 530">
     <span class='ocr_line' id='line_1_2' title="bbox 459 478 1926 530; baseline -0.007 -8"><span class='ocrx_word' id='word_1_5' title='bbox 459 485 653 522; x_wconf 72' lang='lat' dir='ltr'>MLXXXV</span> <span class='ocrx_word' id='word_1_6' title='bbox 659 512 666 519; x_wconf 91' lang='lat'><strong>.</strong></span> <span class='ocrx_word' id='word_1_7' title='bbox 679 484 830 519; x_wconf 77' lang='lat' dir='ltr'>Moritur</span> <span class='ocrx_word' id='word_1_8' title='bbox 839 484 933 519; x_wconf 90' lang='lat' dir='ltr'><strong>Bovo</strong></span> <span class='ocrx_word' id='word_1_9' title='bbox 942 484 1062 517; x_wconf 79' lang='lat' dir='ltr'><strong>abbas.</strong></span> <span class='ocrx_word' id='word_1_10' title='bbox 1076 482 1179 530; x_wconf 77' lang='lat' dir='ltr'><strong>Hugo</strong></span> <span class='ocrx_word' id='word_1_11' title='bbox 1188 481 1375 516; x_wconf 89' lang='lat' dir='ltr'><strong>ordinatur</strong></span> <span class='ocrx_word' id='word_1_12' title='bbox 1383 481 1505 523; x_wconf 68' lang='lat' dir='ltr'><strong>abbas7</strong></span> <span class='ocrx_word' id='word_1_13' title='bbox 1516 479 1654 514; x_wconf 88' lang='lat' dir='ltr'><strong>decimo</strong></span> <span class='ocrx_word' id='word_1_14' title='bbox 1665 490 1760 512; x_wconf 92' lang='lat' dir='ltr'><strong>nono</strong></span> <span class='ocrx_word' id='word_1_15' title='bbox 1770 478 1835 512; x_wconf 85' lang='lat' dir='ltr'><strong>kal.</strong></span> <span class='ocrx_word' id='word_1_16' title='bbox 1848 479 1864 512; x_wconf 84' lang='lat' dir='ltr'>J</span> <span class='ocrx_word' id='word_1_17' title='bbox 1869 490 1926 511; x_wconf 78' lang='lat' dir='ltr'><strong>an.</strong></span> 
     </span>
    </p>

    <p class='ocr_par' dir='ltr' id='par_1_3' title="bbox 411 537 1930 638">
     <span class='ocr_line' id='line_1_3' title="bbox 460 537 1930 586; baseline -0.007 -7"><span class='ocrx_word' id='word_1_18' title='bbox 460 544 683 580; x_wconf 68' lang='lat' dir='ltr'><strong>MLXXXVI.</strong></span> <span class='ocrx_word' id='word_1_19' title='bbox 709 542 823 577; x_wconf 89' lang='lat' dir='ltr'><strong>Cnuto</strong></span> <span class='ocrx_word' id='word_1_20' title='bbox 837 569 845 585; x_wconf 62' lang='lat'>7</span> <span class='ocrx_word' id='word_1_21' title='bbox 864 555 923 577; x_wconf 87' lang='lat' dir='ltr'><strong>rex</strong></span> <span class='ocrx_word' id='word_1_22' title='bbox 943 543 1141 583; x_wconf 64' lang='lat' dir='ltr'><strong>Danorum7</strong></span> <span class='ocrx_word' id='word_1_23' title='bbox 1159 547 1258 586; x_wconf 86' lang='lat' dir='ltr'><strong>pater</strong></span> <span class='ocrx_word' id='word_1_24' title='bbox 1272 539 1384 574; x_wconf 87' lang='lat' dir='ltr'><strong>Caroli</strong></span> <span class='ocrx_word' id='word_1_25' title='bbox 1397 566 1405 581; x_wconf 39' lang='lat'>2</span> <span class='ocrx_word' id='word_1_26' title='bbox 1422 539 1560 573; x_wconf 86' lang='lat' dir='ltr'><strong>comitis</strong></span> <span class='ocrx_word' id='word_1_27' title='bbox 1580 539 1601 571; x_wconf 87' lang='lat' dir='ltr'>F</span> <span class='ocrx_word' id='word_1_28' title='bbox 1606 537 1777 579; x_wconf 70' lang='lat' dir='ltr'><strong>landriae7</strong></span> <span class='ocrx_word' id='word_1_29' title='bbox 1794 543 1930 581; x_wconf 82' lang='lat' dir='ltr'><strong>marty-</strong></span> 
     </span>
     <span class='ocr_line' id='line_1_4' title="bbox 411 606 551 638; baseline -0.014 0"><span class='ocrx_word' id='word_1_30' title='bbox 411 606 551 638; x_wconf 86' lang='lat' dir='ltr'><strong>rizatur.</strong></span> 
     </span>
    </p>

    <p class='ocr_par' dir='ltr' id='par_1_4' title="bbox 460 654 1539 696">
     <span class='ocr_line' id='line_1_5' title="bbox 460 654 1539 696; baseline -0.007 -1"><span class='ocrx_word' id='word_1_31' title='bbox 460 659 701 696; x_wconf 65' lang='lat' dir='ltr'>MLXXXYII.</span> <span class='ocrx_word' id='word_1_32' title='bbox 725 659 919 692; x_wconf 84' lang='lat' dir='ltr'><strong>Translatio</strong></span> <span class='ocrx_word' id='word_1_33' title='bbox 938 656 1047 691; x_wconf 83' lang='lat' dir='ltr'><strong>sancti</strong></span> <span class='ocrx_word' id='word_1_34' title='bbox 1067 655 1200 689; x_wconf 76' lang='lat' dir='ltr'><strong>Nicola&#39;i</strong></span> <span class='ocrx_word' id='word_1_35' title='bbox 1215 654 1374 689; x_wconf 83' lang='lat' dir='ltr'><strong>aMirrea</strong></span> <span class='ocrx_word' id='word_1_36' title='bbox 1388 655 1539 689; x_wconf 81' lang='lat' dir='ltr'><strong>civitate.</strong></span> 
     </span>
    </p>

    <p class='ocr_par' dir='ltr' id='par_1_5' title="bbox 410 712 1930 823">
     <span class='ocr_line' id='line_1_6' title="bbox 459 712 1930 758; baseline -0.007 -5"><span class='ocrx_word' id='word_1_37' title='bbox 459 717 717 754; x_wconf 71' lang='lat' dir='ltr'>MLXXXVIII.</span> <span class='ocrx_word' id='word_1_38' title='bbox 740 716 920 751; x_wconf 86' lang='lat' dir='ltr'><strong>Dedicatio</strong></span> <span class='ocrx_word' id='word_1_39' title='bbox 944 715 1107 749; x_wconf 86' lang='lat' dir='ltr'><strong>ecclesiae</strong></span> <span class='ocrx_word' id='word_1_40' title='bbox 1127 714 1167 747; x_wconf 86' lang='lat' dir='ltr'><strong>B.</strong></span> <span class='ocrx_word' id='word_1_41' title='bbox 1192 712 1380 758; x_wconf 60' lang='lat' dir='ltr'><strong>Stephani7</strong></span> <span class='ocrx_word' id='word_1_42' title='bbox 1405 725 1424 746; x_wconf 89' lang='lat' dir='ltr'><strong>a</strong></span> <span class='ocrx_word' id='word_1_43' title='bbox 1443 712 1590 747; x_wconf 88' lang='lat' dir='ltr'><strong>Rabodo</strong></span> <span class='ocrx_word' id='word_1_44' title='bbox 1610 712 1833 746; x_wconf 83' lang='lat' dir='ltr'><strong>Noviomensi</strong></span> <span class='ocrx_word' id='word_1_45' title='bbox 1857 718 1889 744; x_wconf 83' lang='lat' dir='ltr'><strong>et</strong></span> <span class='ocrx_word' id='word_1_46' title='bbox 1912 725 1930 743; x_wconf 83' lang='lat' dir='ltr'><strong>a</strong></span> 
     </span>
     <span class='ocr_line' id='line_1_7' title="bbox 410 772 1318 823; baseline -0.007 -13"><span class='ocrx_word' id='word_1_47' title='bbox 410 777 565 813; x_wconf 77' lang='lat' dir='ltr'><strong>Gerardo</strong></span> <span class='ocrx_word' id='word_1_48' title='bbox 585 777 844 819; x_wconf 64' lang='lat' dir='ltr'><strong>cameracensi,</strong></span> <span class='ocrx_word' id='word_1_49' title='bbox 866 782 991 823; x_wconf 74' lang='lat' dir='ltr'><strong>agente</strong></span> <span class='ocrx_word' id='word_1_50' title='bbox 1010 775 1159 821; x_wconf 75' lang='lat' dir='ltr'><strong>Hugone</strong></span> <span class='ocrx_word' id='word_1_51' title='bbox 1178 772 1318 806; x_wconf 77' lang='lat' dir='ltr'><strong>abbate.</strong></span> 
     </span>
    </p>

    <p class='ocr_par' dir='ltr' id='par_1_6' title="bbox 457 829 1670 875">
     <span class='ocr_line' id='line_1_8' title="bbox 457 829 1670 875; baseline -0.007 -5"><span class='ocrx_word' id='word_1_52' title='bbox 457 835 582 870; x_wconf 84' lang='lat' dir='ltr'><strong>MXCI.</strong></span> <span class='ocrx_word' id='word_1_53' title='bbox 606 835 826 870; x_wconf 77' lang='lat' dir='ltr'><strong>Restauratio</strong></span> <span class='ocrx_word' id='word_1_54' title='bbox 845 833 1005 867; x_wconf 78' lang='lat' dir='ltr'><strong>coenobii</strong></span> <span class='ocrx_word' id='word_1_55' title='bbox 1024 832 1134 865; x_wconf 85' lang='lat' dir='ltr'><strong>sancti</strong></span> <span class='ocrx_word' id='word_1_56' title='bbox 1150 830 1290 864; x_wconf 86' lang='lat' dir='ltr'><strong>Martini</strong></span> <span class='ocrx_word' id='word_1_57' title='bbox 1309 829 1406 875; x_wconf 86' lang='lat' dir='ltr'><strong>apud</strong></span> <span class='ocrx_word' id='word_1_58' title='bbox 1429 829 1670 863; x_wconf 84' lang='lat' dir='ltr'><strong>Tornachum.</strong></span> 
     </span>
    </p>

    <p class='ocr_par' dir='ltr' id='par_1_7' title="bbox 456 887 1605 935">
     <span class='ocr_line' id='line_1_9' title="bbox 456 887 1605 935; baseline -0.007 -7"><span class='ocrx_word' id='word_1_59' title='bbox 456 893 599 928; x_wconf 79' lang='lat' dir='ltr'>MXCH.</span> <span class='ocrx_word' id='word_1_60' title='bbox 617 894 791 927; x_wconf 86' lang='lat' dir='ltr'><strong>Robertus</strong></span> <span class='ocrx_word' id='word_1_61' title='bbox 806 903 923 925; x_wconf 86' lang='lat' dir='ltr'><strong>comes</strong></span> <span class='ocrx_word' id='word_1_62' title='bbox 941 891 1049 933; x_wconf 65' lang='lat' dir='ltr'><strong>obiit,</strong></span> <span class='ocrx_word' id='word_1_63' title='bbox 1072 896 1107 923; x_wconf 86' lang='lat' dir='ltr'><strong>et</strong></span> <span class='ocrx_word' id='word_1_64' title='bbox 1120 888 1217 935; x_wconf 84' lang='lat' dir='ltr'><strong>apud</strong></span> <span class='ocrx_word' id='word_1_65' title='bbox 1231 887 1407 923; x_wconf 85' lang='lat' dir='ltr'><strong>Casletum</strong></span> <span class='ocrx_word' id='word_1_66' title='bbox 1426 887 1605 934; x_wconf 81' lang='lat' dir='ltr'><strong>sepelitur.</strong></span> 
     </span>
    </p>

    <p class='ocr_par' dir='ltr' id='par_1_8' title="bbox 455 947 1336 986">
     <span class='ocr_line' id='line_1_10' title="bbox 455 947 1336 986; baseline -0.007 0"><span class='ocrx_word' id='word_1_67' title='bbox 455 951 617 986; x_wconf 84' lang='lat' dir='ltr'>MXCIII.</span> <span class='ocrx_word' id='word_1_68' title='bbox 640 950 760 985; x_wconf 69' lang='lat' dir='ltr'><strong>Gravis</strong></span> <span class='ocrx_word' id='word_1_69' title='bbox 774 949 967 983; x_wconf 71' lang='lat' dir='ltr'>mortalitas</span> <span class='ocrx_word' id='word_1_70' title='bbox 986 948 1022 982; x_wconf 88' lang='lat' dir='ltr'><strong>in</strong></span> <span class='ocrx_word' id='word_1_71' title='bbox 1037 948 1146 982; x_wconf 86' lang='lat' dir='ltr'><strong>Gallia</strong></span> <span class='ocrx_word' id='word_1_72' title='bbox 1167 947 1258 981; x_wconf 84' lang='lat' dir='ltr'><strong>faeta</strong></span> <span class='ocrx_word' id='word_1_73' title='bbox 1271 953 1336 980; x_wconf 87' lang='lat' dir='ltr'><strong>est.</strong></span> 
     </span>
    </p>

    <p class='ocr_par' dir='ltr' id='par_1_9' title="bbox 408 1004 1930 1117">
     <span class='ocr_line' id='line_1_11' title="bbox 457 1004 1930 1061; baseline -0.004 -17"><span class='ocrx_word' id='word_1_74' title='bbox 457 1009 619 1061; x_wconf 78' lang='lat' dir='ltr'>[MXCV.</span> <span class='ocrx_word' id='word_1_75' title='bbox 651 1009 749 1043; x_wconf 80' lang='lat' dir='ltr'>Obiit</span> <span class='ocrx_word' id='word_1_76' title='bbox 774 1008 990 1042; x_wconf 86' lang='lat' dir='ltr'><strong>Gislebertus</strong></span> <span class='ocrx_word' id='word_1_77' title='bbox 1016 1007 1212 1053; x_wconf 70' lang='lat' dir='ltr'><strong>presbyter.</strong></span> <span class='ocrx_word' id='word_1_78' title='bbox 1246 1006 1365 1040; x_wconf 88' lang='lat' dir='ltr'><strong>Tertio</strong></span> <span class='ocrx_word' id='word_1_79' title='bbox 1387 1004 1466 1040; x_wconf 90' lang='lat' dir='ltr'><strong>idus</strong></span> <span class='ocrx_word' id='word_1_80' title='bbox 1494 1006 1692 1039; x_wconf 82' lang='lat' dir='ltr'><strong>Februarii.</strong></span> <span class='ocrx_word' id='word_1_81' title='bbox 1723 1005 1805 1039; x_wconf 83' lang='lat' dir='ltr'><strong>luna</strong></span> <span class='ocrx_word' id='word_1_82' title='bbox 1833 1017 1930 1051; x_wconf 84' lang='lat' dir='ltr'><strong>passa</strong></span> 
     </span>
     <span class='ocr_line' id='line_1_12' title="bbox 408 1066 674 1117; baseline -0.011 -13"><span class='ocrx_word' id='word_1_83' title='bbox 408 1077 460 1104; x_wconf 87' lang='lat' dir='ltr'><strong>est</strong></span> <span class='ocrx_word' id='word_1_84' title='bbox 484 1066 674 1117; x_wconf 61' lang='lat' dir='ltr'><strong>eclipsim]</strong></span> 
     </span>
    </p>

    <p class='ocr_par' dir='ltr' id='par_1_10' title="bbox 408 1123 1932 1233">
     <span class='ocr_line' id='line_1_13' title="bbox 458 1123 1932 1177; baseline -0.003 -15"><span class='ocrx_word' id='word_1_85' title='bbox 458 1126 634 1177; x_wconf 72' lang='lat' dir='ltr'>[MXCVI.</span> <span class='ocrx_word' id='word_1_86' title='bbox 660 1127 713 1161; x_wconf 85' lang='lat' dir='ltr'><strong>Ab</strong></span> <span class='ocrx_word' id='word_1_87' title='bbox 732 1127 881 1160; x_wconf 80' lang='lat' dir='ltr'><strong>introitu</strong></span> <span class='ocrx_word' id='word_1_88' title='bbox 895 1125 1021 1159; x_wconf 89' lang='lat' dir='ltr'><strong>mundi</strong></span> <span class='ocrx_word' id='word_1_89' title='bbox 1041 1137 1154 1171; x_wconf 89' lang='lat' dir='ltr'><strong>usque</strong></span> <span class='ocrx_word' id='word_1_90' title='bbox 1169 1123 1215 1158; x_wconf 88' lang='lat' dir='ltr'><strong>ad</strong></span> <span class='ocrx_word' id='word_1_91' title='bbox 1234 1124 1423 1158; x_wconf 87' lang='lat' dir='ltr'><strong>concilium</strong></span> <span class='ocrx_word' id='word_1_92' title='bbox 1443 1123 1684 1166; x_wconf 68' lang='lat' dir='ltr'><strong>Clarimontis,</strong></span> <span class='ocrx_word' id='word_1_93' title='bbox 1701 1124 1799 1169; x_wconf 89' lang='lat' dir='ltr'><strong>quod</strong></span> <span class='ocrx_word' id='word_1_94' title='bbox 1813 1150 1821 1165; x_wconf 29' lang='grc' dir='ltr'><strong>Ἴ</strong></span> <span class='ocrx_word' id='word_1_95' title='bbox 1839 1136 1932 1157; x_wconf 88' lang='lat' dir='ltr'><strong>anno</strong></span> 
     </span>
     <span class='ocr_line' id='line_1_14' title="bbox 408 1175 1932 1233; baseline -0.003 -10"><span class='ocrx_word' id='word_1_96' title='bbox 408 1190 548 1224; x_wconf 87' lang='lat' dir='ltr'>Domini</span> <span class='ocrx_word' id='word_1_97' title='bbox 568 1187 730 1231; x_wconf 58' lang='lat' dir='ltr'>MXCYL</span> <span class='ocrx_word' id='word_1_98' title='bbox 752 1200 771 1221; x_wconf 83' lang='lat' dir='ltr'><strong>a</strong></span> <span class='ocrx_word' id='word_1_99' title='bbox 791 1200 880 1233; x_wconf 85' lang='lat' dir='ltr'><strong>papa</strong></span> <span class='ocrx_word' id='word_1_100' title='bbox 900 1186 1043 1220; x_wconf 87' lang='lat' dir='ltr'><strong>Urbano</strong></span> <span class='ocrx_word' id='word_1_101' title='bbox 1062 1186 1280 1220; x_wconf 81' lang='lat' dir='ltr'><strong>celebratum</strong></span> <span class='ocrx_word' id='word_1_102' title='bbox 1295 1191 1363 1228; x_wconf 74' lang='lat' dir='ltr'><strong>est7</strong></span> <span class='ocrx_word' id='word_1_103' title='bbox 1385 1191 1469 1218; x_wconf 89' lang='lat' dir='ltr'><strong>sunt</strong></span> <span class='ocrx_word' id='word_1_104' title='bbox 1482 1185 1564 1218; x_wconf 90' lang='lat' dir='ltr'><strong>anni</strong></span> <span class='ocrx_word' id='word_1_105' title='bbox 1580 1175 1653 1218; x_wconf 63' lang='lat' dir='ltr'><strong>V—Im</strong></span> <span class='ocrx_word' id='word_1_106' title='bbox 1671 1184 1750 1219; x_wconf 91' lang='lat' dir='ltr'><strong>CCC</strong></span> <span class='ocrx_word' id='word_1_107' title='bbox 1765 1191 1801 1218; x_wconf 87' lang='lat' dir='ltr'><strong>et</strong></span> <span class='ocrx_word' id='word_1_108' title='bbox 1820 1182 1932 1233; x_wconf 67' lang='lat' dir='ltr'>XVI]</span> 
     </span>
    </p>

    <p class='ocr_par' dir='ltr' id='par_1_11' title="bbox 407 1243 1928 1341">
     <span class='ocr_line' id='line_1_15' title="bbox 454 1243 1928 1291; baseline -0.003 -10"><span class='ocrx_word' id='word_1_109' title='bbox 454 1247 629 1282; x_wconf 69' lang='lat' dir='ltr'>MXCVII.</span> <span class='ocrx_word' id='word_1_110' title='bbox 655 1245 755 1280; x_wconf 86' lang='lat' dir='ltr'><strong>Ordo</strong></span> <span class='ocrx_word' id='word_1_111' title='bbox 775 1245 1011 1280; x_wconf 78' lang='lat' dir='ltr'><strong>cisterciensis</strong></span> <span class='ocrx_word' id='word_1_112' title='bbox 1033 1245 1150 1291; x_wconf 90' lang='lat' dir='ltr'><strong>coepit</strong></span> <span class='ocrx_word' id='word_1_113' title='bbox 1171 1244 1321 1278; x_wconf 82' lang='lat' dir='ltr'><strong>institui.</strong></span> <span class='ocrx_word' id='word_1_114' title='bbox 1339 1243 1439 1278; x_wconf 82' lang='lat' dir='ltr'><strong>Obiit</strong></span> <span class='ocrx_word' id='word_1_115' title='bbox 1460 1243 1644 1278; x_wconf 86' lang='lat' dir='ltr'><strong>Ratbodus</strong></span> <span class='ocrx_word' id='word_1_116' title='bbox 1664 1245 1850 1290; x_wconf 82' lang='lat' dir='ltr'><strong>episeopus</strong></span> <span class='ocrx_word' id='word_1_117' title='bbox 1857 1271 1928 1276; x_wconf 92' lang='grc'><em>.....</em></span> 
     </span>
     <span class='ocr_line' id='line_1_16' title="bbox 407 1306 608 1341; baseline -0.015 0"><span class='ocrx_word' id='word_1_118' title='bbox 407 1306 512 1341; x_wconf 83' lang='lat' dir='ltr'><strong>drieis</strong></span> <span class='ocrx_word' id='word_1_119' title='bbox 519 1332 608 1339; x_wconf 90' lang='grc'><strong>......</strong></span> 
     </span>
    </p>

    <p class='ocr_par' dir='ltr' id='par_1_12' title="bbox 407 1359 1933 1703">
     <span class='ocr_line' id='line_1_17' title="bbox 457 1359 1933 1414; baseline -0.003 -16"><span class='ocrx_word' id='word_1_120' title='bbox 457 1363 672 1414; x_wconf 65' lang='lat' dir='ltr'>[MXCVIII.</span> <span class='ocrx_word' id='word_1_121' title='bbox 705 1363 921 1397; x_wconf 79' lang='lat' dir='ltr'><strong>Hierusalem</strong></span> <span class='ocrx_word' id='word_1_122' title='bbox 948 1374 968 1396; x_wconf 82' lang='lat' dir='ltr'><strong>a</strong></span> <span class='ocrx_word' id='word_1_123' title='bbox 995 1361 1199 1396; x_wconf 81' lang='lat' dir='ltr'><strong>Christianis</strong></span> <span class='ocrx_word' id='word_1_124' title='bbox 1221 1362 1359 1407; x_wconf 84' lang='lat' dir='ltr'><strong>capitur</strong></span> <span class='ocrx_word' id='word_1_125' title='bbox 1389 1368 1425 1395; x_wconf 88' lang='lat' dir='ltr'><strong>et</strong></span> <span class='ocrx_word' id='word_1_126' title='bbox 1450 1373 1537 1394; x_wconf 74' lang='lat' dir='ltr'><strong>crux</strong></span> <span class='ocrx_word' id='word_1_127' title='bbox 1565 1360 1704 1394; x_wconf 89' lang='lat' dir='ltr'><strong>Domini</strong></span> <span class='ocrx_word' id='word_1_128' title='bbox 1728 1359 1933 1394; x_wconf 85' lang='lat' dir='ltr'><strong>Christianis</strong></span> 
     </span>
     <span class='ocr_line' id='line_1_18' title="bbox 407 1419 1930 1469; baseline -0.003 -12"><span class='ocrx_word' id='word_1_129' title='bbox 407 1423 665 1458; x_wconf 63' lang='lat' dir='ltr'><strong>manifestatur.</strong></span> <span class='ocrx_word' id='word_1_130' title='bbox 678 1421 905 1465; x_wconf 48' lang='lat' dir='ltr'><strong>Godefridusn</strong></span> <span class='ocrx_word' id='word_1_131' title='bbox 923 1421 1171 1469; x_wconf 76' lang='lat' dir='ltr'><strong>Lotharingiae</strong></span> <span class='ocrx_word' id='word_1_132' title='bbox 1185 1420 1272 1463; x_wconf 59' lang='lat' dir='ltr'><strong>dux,</strong></span> <span class='ocrx_word' id='word_1_133' title='bbox 1289 1421 1325 1454; x_wconf 89' lang='lat' dir='ltr'><strong>in</strong></span> <span class='ocrx_word' id='word_1_134' title='bbox 1339 1432 1459 1468; x_wconf 78' lang='lat' dir='ltr'><strong>regem</strong></span> <span class='ocrx_word' id='word_1_135' title='bbox 1469 1419 1689 1453; x_wconf 81' lang='lat' dir='ltr'><strong>Jherusalem</strong></span> <span class='ocrx_word' id='word_1_136' title='bbox 1704 1419 1930 1453; x_wconf 89' lang='lat' dir='ltr'><strong>sublimatur.</strong></span> 
     </span>
     <span class='ocr_line' id='line_1_19' title="bbox 408 1476 1932 1528; baseline -0.003 -13"><span class='ocrx_word' id='word_1_137' title='bbox 408 1481 513 1528; x_wconf 77' lang='lat' dir='ltr'><strong>Apud</strong></span> <span class='ocrx_word' id='word_1_138' title='bbox 536 1481 740 1515; x_wconf 76' lang='lat' dir='ltr'><strong>Ascalonam</strong></span> <span class='ocrx_word' id='word_1_139' title='bbox 761 1480 886 1523; x_wconf 75' lang='lat' dir='ltr'><strong>Turci⁷</strong></span> <span class='ocrx_word' id='word_1_140' title='bbox 912 1479 1060 1523; x_wconf 62' lang='lat' dir='ltr'><strong>Arabes7</strong></span> <span class='ocrx_word' id='word_1_141' title='bbox 1087 1491 1170 1513; x_wconf 87' lang='lat' dir='ltr'><strong>cum</strong></span> <span class='ocrx_word' id='word_1_142' title='bbox 1189 1478 1280 1512; x_wconf 86' lang='lat' dir='ltr'><strong>duce</strong></span> <span class='ocrx_word' id='word_1_143' title='bbox 1303 1478 1516 1524; x_wconf 69' lang='lat' dir='ltr'><strong>Babyloniae</strong></span> <span class='ocrx_word' id='word_1_144' title='bbox 1522 1504 1610 1511; x_wconf 92' lang='grc'><em>......</em></span> <span class='ocrx_word' id='word_1_145' title='bbox 1634 1478 1784 1511; x_wconf 64' lang='lat' dir='ltr'><strong>mira...</strong></span> <span class='ocrx_word' id='word_1_146' title='bbox 1812 1476 1932 1511; x_wconf 81' lang='lat' dir='ltr'><strong>divino</strong></span> 
     </span>
     <span class='ocr_line' id='line_1_20' title="bbox 407 1535 1933 1573; baseline -0.002 0"><span class='ocrx_word' id='word_1_147' title='bbox 407 1540 535 1573; x_wconf 85' lang='lat' dir='ltr'><strong>auxilio</strong></span> <span class='ocrx_word' id='word_1_148' title='bbox 549 1551 569 1572; x_wconf 84' lang='lat' dir='ltr'><strong>a</strong></span> <span class='ocrx_word' id='word_1_149' title='bbox 583 1538 787 1572; x_wconf 84' lang='lat' dir='ltr'><strong>Christianis</strong></span> <span class='ocrx_word' id='word_1_150' title='bbox 802 1537 1053 1572; x_wconf 88' lang='lat' dir='ltr'><strong>devincuntur.</strong></span> <span class='ocrx_word' id='word_1_151' title='bbox 1072 1536 1259 1571; x_wconf 81' lang='lat' dir='ltr'><strong>Antiochia</strong></span> <span class='ocrx_word' id='word_1_152' title='bbox 1273 1549 1293 1570; x_wconf 87' lang='lat' dir='ltr'><strong>a</strong></span> <span class='ocrx_word' id='word_1_153' title='bbox 1307 1535 1512 1571; x_wconf 86' lang='lat' dir='ltr'><strong>Christianis</strong></span> <span class='ocrx_word' id='word_1_154' title='bbox 1526 1535 1723 1572; x_wconf 74' lang='lat' dir='ltr'><strong>obsidetur,</strong></span> <span class='ocrx_word' id='word_1_155' title='bbox 1740 1542 1775 1569; x_wconf 88' lang='lat' dir='ltr'><strong>et</strong></span> <span class='ocrx_word' id='word_1_156' title='bbox 1788 1535 1933 1570; x_wconf 87' lang='lat' dir='ltr'><strong>tandem</strong></span> 
     </span>
     <span class='ocr_line' id='line_1_21' title="bbox 407 1593 1933 1645; baseline -0.003 -13"><span class='ocrx_word' id='word_1_157' title='bbox 407 1599 451 1632; x_wconf 83' lang='lat' dir='ltr'><strong>ab</strong></span> <span class='ocrx_word' id='word_1_158' title='bbox 465 1598 548 1644; x_wconf 86' lang='lat' dir='ltr'><strong>ipsis</strong></span> <span class='ocrx_word' id='word_1_159' title='bbox 567 1598 665 1643; x_wconf 89' lang='lat' dir='ltr'><strong>prius</strong></span> <span class='ocrx_word' id='word_1_160' title='bbox 686 1597 790 1645; x_wconf 78' lang='lat' dir='ltr'><strong>longa</strong></span> <span class='ocrx_word' id='word_1_161' title='bbox 811 1595 928 1630; x_wconf 87' lang='lat' dir='ltr'><strong>inedia</strong></span> <span class='ocrx_word' id='word_1_162' title='bbox 951 1595 1119 1630; x_wconf 86' lang='lat' dir='ltr'><strong>confectis</strong></span> <span class='ocrx_word' id='word_1_163' title='bbox 1139 1596 1289 1641; x_wconf 85' lang='lat' dir='ltr'><strong>capitur.</strong></span> <span class='ocrx_word' id='word_1_164' title='bbox 1318 1594 1455 1629; x_wconf 86' lang='lat' dir='ltr'><strong>Ibidem</strong></span> <span class='ocrx_word' id='word_1_165' title='bbox 1474 1601 1554 1641; x_wconf 86' lang='lat' dir='ltr'><strong>post</strong></span> <span class='ocrx_word' id='word_1_166' title='bbox 1578 1593 1760 1628; x_wconf 85' lang='lat' dir='ltr'><strong>modicum</strong></span> <span class='ocrx_word' id='word_1_167' title='bbox 1784 1594 1890 1628; x_wconf 86' lang='lat' dir='ltr'><strong>Turei</strong></span> <span class='ocrx_word' id='word_1_168' title='bbox 1913 1607 1933 1628; x_wconf 84' lang='lat' dir='ltr'><strong>a</strong></span> 
     </span>
     <span class='ocr_line' id='line_1_22' title="bbox 408 1652 900 1703; baseline -0.006 -13"><span class='ocrx_word' id='word_1_169' title='bbox 408 1656 613 1690; x_wconf 85' lang='lat' dir='ltr'><strong>Christianis</strong></span> <span class='ocrx_word' id='word_1_170' title='bbox 632 1652 900 1703; x_wconf 86' lang='lat' dir='ltr'><strong>devincuntur.]</strong></span> 
     </span>
    </p>
   </div>
   <div class='ocr_carea' id='block_1_3' title="bbox 457 1714 615 1749">
    <p class='ocr_par' dir='ltr' id='par_1_13' title="bbox 457 1714 615 1749">
     <span class='ocr_line' id='line_1_23' title="bbox 457 1714 615 1749; baseline -0.006 -1"><span class='ocrx_word' id='word_1_171' title='bbox 457 1714 615 1749; x_wconf 73' lang='lat' dir='ltr'>MXCIX.</span> 
     </span>
    </p>
   </div>
   <div class='ocr_carea' id='block_1_4' title="bbox 806 1761 1509 1949">
    <p class='ocr_par' dir='ltr' id='par_1_14' title="bbox 807 1761 1509 1846">
     <span class='ocr_line' id='line_1_24' title="bbox 807 1761 1509 1802; baseline 0 -14"><span class='ocrx_word' id='word_1_172' title='bbox 807 1761 949 1802; x_wconf 74' lang='lat' dir='ltr'><strong>[Virginis</strong></span> <span class='ocrx_word' id='word_1_173' title='bbox 965 1771 981 1788; x_wconf 86' lang='lat' dir='ltr'><strong>a</strong></span> <span class='ocrx_word' id='word_1_174' title='bbox 995 1766 1082 1799; x_wconf 87' lang='lat' dir='ltr'><strong>partu</strong></span> <span class='ocrx_word' id='word_1_175' title='bbox 1098 1761 1210 1789; x_wconf 90' lang='lat' dir='ltr'><strong>Domini</strong></span> <span class='ocrx_word' id='word_1_176' title='bbox 1225 1761 1276 1799; x_wconf 93' lang='lat' dir='ltr'><strong>qui</strong></span> <span class='ocrx_word' id='word_1_177' title='bbox 1289 1761 1412 1800; x_wconf 77' lang='lat' dir='ltr'><strong>contigit</strong></span> <span class='ocrx_word' id='word_1_178' title='bbox 1426 1766 1491 1789; x_wconf 80' lang='lat' dir='ltr'><strong>ortu</strong></span> <span class='ocrx_word' id='word_1_179' title='bbox 1504 1783 1509 1788; x_wconf 85' lang='lat'>.</span> 
     </span>
     <span class='ocr_line' id='line_1_25' title="bbox 810 1811 1412 1846; baseline -0.002 -7"><span class='ocrx_word' id='word_1_180' title='bbox 810 1814 893 1839; x_wconf 71' lang='lat' dir='ltr'><strong>Anno</strong></span> <span class='ocrx_word' id='word_1_181' title='bbox 909 1811 1026 1838; x_wconf 86' lang='lat' dir='ltr'><strong>milleno</strong></span> <span class='ocrx_word' id='word_1_182' title='bbox 1042 1816 1070 1838; x_wconf 86' lang='lat' dir='ltr'><strong>et</strong></span> <span class='ocrx_word' id='word_1_183' title='bbox 1085 1816 1209 1838; x_wconf 81' lang='lat' dir='ltr'><strong>centeno</strong></span> <span class='ocrx_word' id='word_1_184' title='bbox 1225 1811 1321 1838; x_wconf 87' lang='lat' dir='ltr'><strong>minus</strong></span> <span class='ocrx_word' id='word_1_185' title='bbox 1336 1820 1412 1846; x_wconf 88' lang='lat' dir='ltr'><strong>uno,</strong></span> 
     </span>
    </p>

    <p class='ocr_par' dir='ltr' id='par_1_15' title="bbox 806 1860 1506 1949">
     <span class='ocr_line' id='line_1_26' title="bbox 810 1860 1506 1899; baseline -0.001 -10"><span class='ocrx_word' id='word_1_186' title='bbox 810 1861 989 1889; x_wconf 84' lang='lat' dir='ltr'><strong>Hierusalem</strong></span> <span class='ocrx_word' id='word_1_187' title='bbox 1004 1861 1107 1888; x_wconf 79' lang='lat' dir='ltr'><strong>Franci</strong></span> <span class='ocrx_word' id='word_1_188' title='bbox 1119 1861 1240 1899; x_wconf 79' lang='lat' dir='ltr'><strong>capiunt</strong></span> <span class='ocrx_word' id='word_1_189' title='bbox 1253 1860 1363 1888; x_wconf 87' lang='lat' dir='ltr'><strong>virtute</strong></span> <span class='ocrx_word' id='word_1_190' title='bbox 1375 1861 1506 1899; x_wconf 77' lang='lat' dir='ltr'><strong>potenti,</strong></span> 
     </span>
     <span class='ocr_line' id='line_1_27' title="bbox 806 1909 1506 1949; baseline -0.001 -10"><span class='ocrx_word' id='word_1_191' title='bbox 806 1910 895 1948; x_wconf 84' lang='lat' dir='ltr'><strong>Cujus</strong></span> <span class='ocrx_word' id='word_1_192' title='bbox 910 1910 1065 1949; x_wconf 82' lang='lat' dir='ltr'><strong>magnifico</strong></span> <span class='ocrx_word' id='word_1_193' title='bbox 1080 1919 1205 1949; x_wconf 75' lang='lat' dir='ltr'><strong>regnum</strong></span> <span class='ocrx_word' id='word_1_194' title='bbox 1220 1910 1305 1938; x_wconf 87' lang='lat' dir='ltr'><strong>cessit</strong></span> <span class='ocrx_word' id='word_1_195' title='bbox 1322 1909 1506 1949; x_wconf 79' lang='lat' dir='ltr'><strong>Godefrido.]</strong></span> 
     </span>
    </p>
   </div>
   <div class='ocr_carea' id='block_1_5' title="bbox 408 1988 1934 2258">
    <p class='ocr_par' dir='ltr' id='par_1_16' title="bbox 408 1988 1934 2143">
     <span class='ocr_line' id='line_1_28' title="bbox 458 1988 1934 2035; baseline -0.001 -10"><span class='ocrx_word' id='word_1_196' title='bbox 458 1990 567 2025; x_wconf 85' lang='lat' dir='ltr'><strong>MCll.</strong></span> <span class='ocrx_word' id='word_1_197' title='bbox 591 1990 709 2024; x_wconf 84' lang='lat' dir='ltr'><strong>Mense</strong></span> <span class='ocrx_word' id='word_1_198' title='bbox 728 1989 892 2031; x_wconf 43' lang='lat' dir='ltr'><strong>Octobrn</strong></span> <span class='ocrx_word' id='word_1_199' title='bbox 915 1989 1086 2023; x_wconf 83' lang='lat' dir='ltr'><strong>Henricus</strong></span> <span class='ocrx_word' id='word_1_200' title='bbox 1109 1989 1302 2035; x_wconf 82' lang='lat' dir='ltr'><strong>imperator</strong></span> <span class='ocrx_word' id='word_1_201' title='bbox 1323 1989 1419 2023; x_wconf 69' lang='lat' dir='ltr'><strong>venit</strong></span> <span class='ocrx_word' id='word_1_202' title='bbox 1445 1988 1619 2023; x_wconf 87' lang='lat' dir='ltr'><strong>hostiliter</strong></span> <span class='ocrx_word' id='word_1_203' title='bbox 1640 2001 1746 2035; x_wconf 83' lang='lat' dir='ltr'><strong>super</strong></span> <span class='ocrx_word' id='word_1_204' title='bbox 1768 1990 1934 2024; x_wconf 84' lang='lat' dir='ltr'><strong>comitem</strong></span> 
     </span>
     <span class='ocr_line' id='line_1_29' title="bbox 409 2047 1934 2096; baseline -0.002 -11"><span class='ocrx_word' id='word_1_205' title='bbox 409 2051 603 2085; x_wconf 81' lang='lat' dir='ltr'><strong>Robertum</strong></span> <span class='ocrx_word' id='word_1_206' title='bbox 617 2076 625 2093; x_wconf 63' lang='lat'><em>7</em></span> <span class='ocrx_word' id='word_1_207' title='bbox 647 2056 682 2083; x_wconf 83' lang='lat' dir='ltr'><strong>et</strong></span> <span class='ocrx_word' id='word_1_208' title='bbox 699 2049 791 2095; x_wconf 81' lang='lat' dir='ltr'><strong>cepit</strong></span> <span class='ocrx_word' id='word_1_209' title='bbox 810 2048 1025 2082; x_wconf 85' lang='lat' dir='ltr'><strong>munitiones</strong></span> <span class='ocrx_word' id='word_1_210' title='bbox 1042 2047 1201 2082; x_wconf 77' lang='lat' dir='ltr'><strong>sclusam</strong></span> <span class='ocrx_word' id='word_1_211' title='bbox 1220 2055 1256 2082; x_wconf 87' lang='lat' dir='ltr'><strong>et</strong></span> <span class='ocrx_word' id='word_1_212' title='bbox 1272 2048 1401 2082; x_wconf 61' lang='lat' dir='ltr'><strong>Bolum</strong></span> <span class='ocrx_word' id='word_1_213' title='bbox 1414 2047 1425 2068; x_wconf 79' lang='lat'><strong>¹</strong></span> <span class='ocrx_word' id='word_1_214' title='bbox 1440 2075 1449 2089; x_wconf 64' lang='lat'><em>„</em></span> <span class='ocrx_word' id='word_1_215' title='bbox 1470 2055 1506 2082; x_wconf 86' lang='lat' dir='ltr'><strong>et</strong></span> <span class='ocrx_word' id='word_1_216' title='bbox 1523 2047 1760 2094; x_wconf 86' lang='lat' dir='ltr'><strong>depopulatus</strong></span> <span class='ocrx_word' id='word_1_217' title='bbox 1778 2055 1831 2082; x_wconf 85' lang='lat' dir='ltr'><strong>est</strong></span> <span class='ocrx_word' id='word_1_218' title='bbox 1852 2049 1934 2096; x_wconf 75' lang='lat' dir='ltr'><strong>igne</strong></span> 
     </span>
     <span class='ocr_line' id='line_1_30' title="bbox 408 2108 806 2143; baseline -0.003 -1"><span class='ocrx_word' id='word_1_219' title='bbox 408 2115 523 2143; x_wconf 84' lang='lat' dir='ltr'><strong>totum</strong></span> <span class='ocrx_word' id='word_1_220' title='bbox 542 2108 806 2143; x_wconf 73' lang='lat' dir='ltr'><strong>Ostrevantum.</strong></span> 
     </span>
    </p>

    <p class='ocr_par' dir='ltr' id='par_1_17' title="bbox 409 2165 1934 2258">
     <span class='ocr_line' id='line_1_31' title="bbox 457 2165 1934 2213; baseline 0 -13"><span class='ocrx_word' id='word_1_221' title='bbox 457 2166 584 2201; x_wconf 86' lang='lat' dir='ltr'>MCIII.</span> <span class='ocrx_word' id='word_1_222' title='bbox 620 2167 744 2201; x_wconf 88' lang='lat' dir='ltr'><strong>Comes</strong></span> <span class='ocrx_word' id='word_1_223' title='bbox 774 2166 950 2201; x_wconf 83' lang='lat' dir='ltr'><strong>Robertus</strong></span> <span class='ocrx_word' id='word_1_224' title='bbox 985 2166 1189 2212; x_wconf 85' lang='lat' dir='ltr'><strong>pacificatus</strong></span> <span class='ocrx_word' id='word_1_225' title='bbox 1220 2173 1272 2200; x_wconf 89' lang='lat' dir='ltr'><strong>est</strong></span> <span class='ocrx_word' id='word_1_226' title='bbox 1298 2178 1382 2200; x_wconf 87' lang='lat' dir='ltr'><strong>eum</strong></span> <span class='ocrx_word' id='word_1_227' title='bbox 1414 2167 1626 2213; x_wconf 85' lang='lat' dir='ltr'><strong>imperatore</strong></span> <span class='ocrx_word' id='word_1_228' title='bbox 1656 2166 1806 2200; x_wconf 89' lang='lat' dir='ltr'><strong>Henrico</strong></span> <span class='ocrx_word' id='word_1_229' title='bbox 1837 2165 1934 2212; x_wconf 86' lang='lat' dir='ltr'><strong>apud</strong></span> 
     </span>
     <span class='ocr_line' id='line_1_32' title="bbox 409 2225 594 2258; baseline 0 0"><span class='ocrx_word' id='word_1_230' title='bbox 409 2225 594 2258; x_wconf 90' lang='lat' dir='ltr'><strong>Leodium.</strong></span> 
     </span>
    </p>
   </div>
   <div class='ocr_carea' id='block_1_6' title="bbox 409 2282 1933 2449">
    <p class='ocr_par' dir='ltr' id='par_1_18' title="bbox 409 2282 1933 2449">
     <span class='ocr_line' id='line_1_33' title="bbox 458 2282 1933 2330; baseline 0.001 -15"><span class='ocrx_word' id='word_1_231' title='bbox 458 2283 562 2317; x_wconf 82' lang='lat' dir='ltr'>MCV.</span> <span class='ocrx_word' id='word_1_232' title='bbox 588 2283 685 2317; x_wconf 86' lang='lat' dir='ltr'><strong>Obiit</strong></span> <span class='ocrx_word' id='word_1_233' title='bbox 702 2283 873 2317; x_wconf 87' lang='lat' dir='ltr'><strong>Henrieus</strong></span> <span class='ocrx_word' id='word_1_234' title='bbox 892 2283 1099 2329; x_wconf 67' lang='lat' dir='ltr'><strong>imperator,</strong></span> <span class='ocrx_word' id='word_1_235' title='bbox 1120 2282 1279 2318; x_wconf 82' lang='lat' dir='ltr'><strong>succedit</strong></span> <span class='ocrx_word' id='word_1_236' title='bbox 1300 2284 1392 2318; x_wconf 88' lang='lat' dir='ltr'><strong>filius</strong></span> <span class='ocrx_word' id='word_1_237' title='bbox 1411 2284 1486 2330; x_wconf 88' lang='lat' dir='ltr'><strong>ejus</strong></span> <span class='ocrx_word' id='word_1_238' title='bbox 1511 2284 1702 2327; x_wconf 66' lang='lat' dir='ltr'><strong>Hem-icus,</strong></span> <span class='ocrx_word' id='word_1_239' title='bbox 1724 2291 1759 2317; x_wconf 87' lang='lat' dir='ltr'><strong>et</strong></span> <span class='ocrx_word' id='word_1_240' title='bbox 1780 2289 1933 2318; x_wconf 89' lang='lat' dir='ltr'><strong>cometes</strong></span> 
     </span>
     <span class='ocr_line' id='line_1_34' title="bbox 409 2339 1932 2390; baseline 0.001 -16"><span class='ocrx_word' id='word_1_241' title='bbox 409 2347 483 2374; x_wconf 89' lang='lat' dir='ltr'><strong>toto</strong></span> <span class='ocrx_word' id='word_1_242' title='bbox 499 2353 587 2386; x_wconf 88' lang='lat' dir='ltr'><strong>pene</strong></span> <span class='ocrx_word' id='word_1_243' title='bbox 606 2354 724 2375; x_wconf 85' lang='lat' dir='ltr'><strong>mense</strong></span> <span class='ocrx_word' id='word_1_244' title='bbox 738 2341 928 2375; x_wconf 83' lang='lat' dir='ltr'><strong>Februario</strong></span> <span class='ocrx_word' id='word_1_245' title='bbox 942 2348 1101 2387; x_wconf 87' lang='lat' dir='ltr'><strong>apparet.</strong></span> <span class='ocrx_word' id='word_1_246' title='bbox 1122 2339 1243 2390; x_wconf 83' lang='lat' dir='ltr'><strong>[Stella</strong></span> <span class='ocrx_word' id='word_1_247' title='bbox 1256 2342 1292 2376; x_wconf 92' lang='lat' dir='ltr'><strong>in</strong></span> <span class='ocrx_word' id='word_1_248' title='bbox 1311 2342 1409 2377; x_wconf 85' lang='lat' dir='ltr'><strong>coelo</strong></span> <span class='ocrx_word' id='word_1_249' title='bbox 1423 2343 1587 2389; x_wconf 83' lang='lat' dir='ltr'><strong>apparuit</strong></span> <span class='ocrx_word' id='word_1_250' title='bbox 1609 2342 1771 2376; x_wconf 88' lang='lat' dir='ltr'><strong>emittens</strong></span> <span class='ocrx_word' id='word_1_251' title='bbox 1792 2341 1932 2376; x_wconf 81' lang='lat' dir='ltr'><strong>radium</strong></span> 
     </span>
     <span class='ocr_line' id='line_1_35' title="bbox 410 2397 1049 2449; baseline 0 -16"><span class='ocrx_word' id='word_1_252' title='bbox 410 2400 653 2447; x_wconf 76' lang='lat' dir='ltr'><strong>longissimum</strong></span> <span class='ocrx_word' id='word_1_253' title='bbox 668 2400 704 2433; x_wconf 90' lang='lat' dir='ltr'><strong>in</strong></span> <span class='ocrx_word' id='word_1_254' title='bbox 718 2398 867 2433; x_wconf 89' lang='lat' dir='ltr'><strong>modum</strong></span> <span class='ocrx_word' id='word_1_255' title='bbox 883 2397 1049 2449; x_wconf 67' lang='lat' dir='ltr'><strong>tramae]</strong></span> 
     </span>
    </p>
   </div>
   <div class='ocr_carea' id='block_1_7' title="bbox 449 2485 1452 2523">
    <p class='ocr_par' dir='ltr' id='par_1_19' title="bbox 449 2485 1452 2523">
     <span class='ocr_line' id='line_1_36' title="bbox 449 2485 1452 2523; baseline 0.002 -12"><span class='ocrx_word' id='word_1_256' title='bbox 449 2486 456 2503; x_wconf 83' lang='lat'><strong>¹</strong></span> <span class='ocrx_word' id='word_1_257' title='bbox 478 2486 564 2513; x_wconf 87' lang='lat' dir='ltr'><strong>Hodie</strong></span> <span class='ocrx_word' id='word_1_258' title='bbox 589 2486 740 2512; x_wconf 78' lang='grc' dir='ltr'><em>ΒοιισΙιαίη.</em></span> <span class='ocrx_word' id='word_1_259' title='bbox 766 2486 827 2511; x_wconf 80' lang='lat' dir='ltr'><strong>Vid.</strong></span> <span class='ocrx_word' id='word_1_260' title='bbox 850 2485 922 2513; x_wconf 88' lang='lat' dir='ltr'><strong>Coll.</strong></span> <span class='ocrx_word' id='word_1_261' title='bbox 949 2487 981 2512; x_wconf 90' lang='lat' dir='ltr'><strong>D.</strong></span> <span class='ocrx_word' id='word_1_262' title='bbox 1006 2488 1148 2523; x_wconf 58' lang='lat' dir='ltr'><strong>Bouquet³</strong></span> <span class='ocrx_word' id='word_1_263' title='bbox 1166 2494 1231 2515; x_wconf 86' lang='lat' dir='ltr'><strong>tom.</strong></span> <span class='ocrx_word' id='word_1_264' title='bbox 1248 2488 1326 2521; x_wconf 80' lang='lat' dir='ltr'><strong>xm,</strong></span> <span class='ocrx_word' id='word_1_265' title='bbox 1343 2497 1371 2523; x_wconf 87' lang='lat' dir='ltr'><strong>p.</strong></span> <span class='ocrx_word' id='word_1_266' title='bbox 1389 2488 1452 2514; x_wconf 70' lang='lat'><strong>435.</strong></span> 
     </span>
    </p>
   </div>
  </div>
 </body>
</html>
