2118 3184
580 412 806 446 Ctlltoxtffl
836 410 1159 445 TORMCENSIS.
1559 411 1627 444 ³087

110 521 190 554 liam
211 521 343 554 venisse
371 519 396 554 ¹.
419 521 596 566 passiones
618 532 742 553 eorum
767 525 952 552 testantur.
976 518 1044 559 Qui
1065 518 1194 566 singuli
1214 519 1249 551 in
1273 518 1421 552 urbibus
1439 518 1504 551 sibi
1525 518 1628 551 desti·

109 579 199 612 natis
219 585 460 622 remanentes,
483 579 606 612 beatus
625 578 761 611 Piatus.
785 577 924 610 natione
946 577 1211 610 Beneventanus
1228 603 1235 619 ,Δ
1262 576 1328 610 sub
1347 576 1486 610 occulto
1509 583 1626 610 autem

108 637 225 671 cordis
245 638 474 680 christianus,
494 638 671 671 civitatem
693 636 914 677 lernaeum,
938 636 1087 669 Domino
1110 635 1281 679 ducente7
1309 635 1508 684 ingreditur
1534 643 1568 669 et
1593 637 1626 668 in

110 697 185 730 vico
209 697 270 743 qui
295 696 426 730 dicitur
448 696 563 730 Platea
586 696 805 729 mansionem
825 695 979 740 accepit.
1002 694 1222 741 temporibus
1241 694 1445 728 Diocletiani
1466 701 1501 728 et
1518 694 1629 728 Maxi-

108 755 216 789 miani
235 756 490 801 imperatorum
504 782 512 795 -,
535 767 627 788 anno
642 753 756 788 CCXL
769 781 777 796 .
795 759 982 800 postquam
1001 753 1068 787 sub
1083 753 1222 787 Nerone
1242 753 1456 798 imperatore
1470 766 1488 786 a
1505 753 1629 787 Roma-

107 813 160 847 nis
183 813 404 848 reaedificata
419 821 483 847 est.
504 813 542 846 ln
557 826 629 859 quo
650 825 719 846 non
735 825 842 858 parvo
859 819 1017 858 tempore
1031 811 1236 845 demoratus
1253 810 1362 844 divini
1378 811 1474 844 verbi
1494 812 1627 845 semina

109 871 308 920 spargendo
321 899 329 915 a
351 871 508 917 ejusdem
528 872 626 905 urbis
646 871 818 917 populum
838 870 881 904 ad
901 870 1008 904 fidem
1023 867 1232 904 catholicam
1253 870 1444 912 convertit,
1467 870 1629 903 multitu-

107 930 190 964 dine
204 931 458 965 miraculorum
478 930 612 976 pollens
630 936 663 963 et
683 930 860 975 passiones
879 929 1082 963 innumeras
1100 928 1287 962 sustinens.
1313 928 1527 975 Dignitatem
1547 940 1628 961 vero

110 989 296 1024 flaminum
321 1002 448 1036 quam.
483 989 680 1023 secundum
709 989 815 1022 ritum
842 988 1047 1035 gentilium.
1080 988 1115 1020 in
1142 986 1349 1020 exhibendis
1379 987 1629 1032 superstitiosis

109 1049 287 1083 sacrificiis
306 1048 503 1091 idolorum7
521 1055 556 1082 et
574 1046 851 1081 determinandis
872 1047 984 1080 causis
1003 1046 1202 1079 forensibus
1224 1052 1383 1091 tempore
1403 1046 1606 1094 gentilitatis
1618 1073 1625 1078 .

108 1108 228 1142 civitas
244 1108 475 1141 Tornacensis
492 1108 693 1141 obtinuerat
706 1134 714 1149 7
733 1118 840 1152 super
854 1106 965 1139 vicina
979 1104 1110 1151 oppida
1126 1105 1161 1138 in
1177 1105 1450 1148 christianitate.
1468 1111 1628 1150 tempore

108 1178 219 1200 novae
236 1179 404 1215 guerrae.
428 1166 577 1200 mutavit
600 1167 635 1199 in
659 1165 846 1211 episcopali
865 1164 947 1198 sede
967 1171 1001 1197 et
1019 1163 1225 1197 sacerdotali
1245 1163 1503 1197 benedictione.
1529 1164 1628 1197 Unde

108 1225 243 1258 factum
262 1231 331 1258 est.
363 1231 403 1258 ut
428 1225 463 1258 in
489 1225 572 1270 ipsis
591 1222 794 1270 primordiis
816 1222 1028 1256 christianae
1049 1221 1152 1264 fidei.
1178 1221 1325 1255 domum
1346 1222 1513 1255 orationis
1532 1250 1540 1265 a
1569 1235 1629 1256 ec-

109 1283 248 1316 clesiam
270 1281 432 1316 videlicet
450 1283 572 1316 beatae
597 1282 656 1315 Dei
676 1281 856 1329 genitricis
874 1280 1004 1313 Mariae
1021 1307 1029 1322 a
1051 1292 1143 1325 quae
1165 1279 1319 1313 necdum
1344 1280 1408 1313 illis
1427 1287 1462 1313 et
1489 1281 1628 1326 populis

109 1348 191 1375 nota
210 1347 301 1384 erat7
323 1341 521 1374 secundum
541 1352 642 1386 posse
660 1352 765 1373 suum
785 1339 1003 1381 aedificaret.
1025 1345 1060 1372 et
1078 1339 1195 1372 locum
1215 1339 1454 1384 baptismatis.
1477 1352 1548 1385 quo
1569 1340 1627 1372 lilii

106 1399 306 1446 adoptionis
324 1406 592 1433 renascerentur
604 1426 612 1441 7
630 1400 665 1432 iu
685 1411 725 1432 ea
743 1404 976 1432 construeret.
992 1397 1170 1431 Ministros
1184 1409 1353 1444 quoque„
1377 1410 1486 1431 novae
1511 1399 1628 1446 gregis

108 1458 242 1492 clerum
269 1458 418 1501 scilicet.
447 1459 509 1505 qui
532 1457 660 1492 divinis
683 1457 956 1491 charismatibus
980 1455 1104 1490 sedulo
1126 1455 1352 1498 desserviret‚
1384 1457 1628 1502 novellamque

108 1517 363 1564 plantationem
380 1517 538 1551 fidelium
555 1517 697 1551 monitis
710 1516 922 1550 salutaribus
932 1516 1128 1559 roboraret7
1146 1516 1310 1561 probatas
1322 1527 1489 1561 personas
1504 1517 1630 1550 consti-

110 1577 189 1610 tuit.
217 1575 285 1610 Per
311 1575 406 1610 idem
433 1583 575 1622 tempus
599 1582 675 1609 orta
702 1581 754 1609 est
779 1575 978 1621 persecutio
1004 1574 1156 1608 nominis
1182 1574 1385 1617 christiani7
1413 1574 1630 1608 Diocletiano

108 1642 144 1670 et
162 1635 374 1671 Maximiano
393 1635 668 1682 imperatoribus
680 1662 688 1678 7
710 1635 777 1668 sub
797 1646 868 1681 qua
887 1634 1010 1667 beatus
1028 1633 1147 1667 Piatus
1161 1661 1169 1677 ,Ι
1190 1633 1216 1666 T
1220 1634 1467 1667 ornacensium
1487 1640 1630 1679 aposto—

110 1695 164 1729 tus
176 1722 185 1738 ,
207 1707 279 1730 una
292 1707 375 1729 cum
387 1694 533 1728 caeteris
548 1693 594 1727 XI
610 1693 824 1736 cultoribus7
842 1705 905 1738 per
919 1692 1117 1738 passionem
1138 1692 1261 1725 mortis
1280 1699 1548 1726 consummatus
1562 1699 1627 1726 est.

107 1760 142 1787 et
155 1760 196 1788 ut
208 1754 244 1788 in
259 1754 366 1802 gestis
380 1754 455 1799 ejus
469 1753 611 1800 legitur7
633 1753 668 1786 in
684 1752 761 1786 loco
778 1752 840 1798 qui
853 1751 1037 1785 Siclinium
1052 1757 1212 1794 vocatur,
1225 1763 1243 1784 a
1253 1750 1453 1784 christianis
1469 1751 1628 1797 sepultus

108 1819 172 1846 est.
199 1811 358 1846 Fundata
385 1812 493 1860 igitur
518 1811 708 1845 venerabili
734 1811 878 1845 ecclesia
906 1809 1119 1843 Tornacensi
1147 1822 1166 1843 a
1192 1809 1297 1843 beato
1324 1809 1443 1851 Piato.
1475 1816 1630 1855 martyre

106 1871 260 1919 glorioso
273 1897 281 1912 ,
299 1869 420 1904 fideles
438 1870 474 1903 in
490 1869 650 1903 Tornaco
669 1868 881 1915 supradictis
896 1868 1116 1913 temporibus
1135 1874 1170 1901 et
1190 1880 1231 1901 ex
1249 1874 1330 1913 post
1344 1875 1605 1901 commorantes
1620 1896 1625 1900 .

107 1929 260 1975 plurima
283 1929 373 1975 passi
391 1935 475 1962 sunt
493 1929 685 1975 opprobria
704 1934 740 1961 et
761 1927 993 1961 contumelias
1012 1933 1158 1973 propter
1176 1938 1308 1960 nomen
1329 1927 1488 1970 Domini.
1511 1928 1629 1960 omnia

109 1989 284 2034 patienter
302 1988 503 2022 tolerantes.
528 1987 667 2034 Expulsi
687 1987 781 2020 enim
799 1992 835 2020 et
853 1986 981 2019 exulati
1001 1986 1046 2019 ab
1065 1985 1268 2019 infidelibus
1280 2012 1289 2027 7
1309 1991 1417 2031 atque
1437 1986 1508 2019 suis
1528 1986 1629 2019 bonis

109 2047 363 2093 temporalibus
382 2047 508 2093 privati
521 2074 529 2089 Ἴ
553 2047 587 2080 in
608 2047 685 2080 loco
708 2046 771 2092 qui
789 2057 885 2079 nunc
905 2044 1130 2078 Blandinium
1147 2044 1345 2090 appellatur
1365 2044 1625 2086 convenientes.

108 2105 241 2140 ibidem
259 2106 441 2140 ecclesiam
457 2106 493 2139 in
507 2105 644 2139 honore
659 2104 770 2138 sancti
782 2104 875 2137 Petri
891 2103 1060 2149 principis
1079 2103 1320 2148 apostolorum
1336 2102 1624 2135 aedificaverunt.

111 2164 261 2198 Domino
280 2164 488 2206 famulante,
516 2170 551 2197 ct
569 2162 798 2197 Theodorum
822 2163 858 2196 in
882 2162 1089 2208 episcopum
1110 2161 1306 2195 consecrari
1327 2166 1626 2206 procuraverunt.

107 2223 169 2269 qui
195 2223 316 2269 paucis
341 2222 466 2256 diebus
492 2222 640 2256 evolutis
667 2221 788 2255 divino
815 2233 1001 2267 percussus
1026 2219 1162 2266 spiculo
1184 2219 1330 2252 interiit.
1361 2218 1442 2259 Quo
1465 2224 1625 2260 mortuo.

108 2282 276 2316 successit
298 2282 329 2315 ei
349 2280 469 2315 Sereni
488 2281 598 2323 filius.
620 2281 743 2314 beatus
758 2279 998 2321 Eleutherius7
1021 2279 1082 2324 qui
1102 2283 1326 2312 consecratus
1347 2276 1415 2310 fuit
1434 2277 1471 2310 in
1491 2277 1630 2322 episco-

109 2352 194 2386 pum
214 2339 474 2374 Tornacensem
489 2350 583 2372 anno
601 2337 899 2380 CCCCLXXXIV,
921 2344 955 2371 et
970 2336 1123 2383 praefuit
1136 2336 1237 2370 annis
1252 2334 1354 2378 XLV,
1371 2334 1534 2369 videlicet
1547 2341 1628 2369 octo

110 2397 284 2432 Blandinii
299 2404 333 2431 et
348 2396 510 2431 XXXVII
529 2396 556 2429 T
559 2396 692 2430 ornaci.
710 2395 818 2442 Cujus
832 2395 1053 2441 temporibus
1068 2393 1298 2437 Clodovaeus.
1317 2405 1376 2426 rex
1392 2393 1604 2427 Francorum
1618 2421 1625 2426 .

151 2527 158 2544 ¹
181 2527 284 2554 Similia
297 2526 432 2562 Guysius,
450 2532 515 2552 tom.
533 2526 564 2558 V,
582 2535 644 2561 pag.
661 2525 706 2552 28.
