2118 3184
546 413 771 448 CHRONICx
801 413 966 448 AEGIDll
998 414 1037 447 LI
1067 412 1232 447 mmsis.
1582 416 1652 450 299

141 533 222 555 cum
249 522 320 555 suis
348 522 494 555 navibus
520 528 552 554 et
582 522 789 555 mercaturis
809 522 842 554 in
869 522 1064 555 Flandriam
1090 521 1331 556 deduxerunt.
1355 522 1651 568 Flandrensesquv

136 580 229 626 ipsos
246 592 327 614 cuin
349 592 477 627 niagno
495 579 626 627 gaudio
646 587 865 626 receperunt.
895 580 950 613 Ob
969 592 1075 626 quam
1096 593 1236 615 causan]
1259 581 1428 615 dissensio
1451 593 1578 629 magna
1596 588 1651 615 at·

136 650 206 684 que
223 651 349 686 guerra
364 645 457 672 mota
473 645 523 671 est
544 639 634 672 inter
653 639 814 686 Anglicos
828 646 861 672 ct
883 639 1068 685 Hispanos.
1091 641 1174 685 quia
1195 653 1253 674 rex
1273 641 1416 689 Angliae
1435 653 1541 687 super
1555 641 1647 675 facto

139 697 320 742 praedicto
337 703 387 730 est
406 696 711 742 quamplurimum
732 699 978 732 conturbatus.

187 757 235 790 De
262 757 366 790 rebus
390 756 550 802 plurimis
573 762 605 789 et
626 756 744 789 inultis
770 756 1030 790 accidentibus.
1060 769 1166 803 super
1187 759 1318 804 quibus
1345 771 1508 792 murmur
1526 759 1650 806 ingens

136 821 210 848 erat
232 815 267 848 in
294 813 473 848 Flandria.
502 814 536 847 in
558 814 740 848 Hannonia
765 821 797 848 et
819 816 852 848 in
873 815 1005 849 ducatu
1034 816 1240 850 Brabantiae
1265 817 1392 851 omitto
1418 818 1591 851 scribere.
1617 824 1649 850 et

137 881 187 907 est
207 885 309 907 causa
323 900 331 906 .
353 873 486 906 malens
508 873 604 919 quod
627 885 689 918 per
710 873 818 907 alium
839 874 969 907 futuris
989 874 1197 908 innotescat.

187 931 227 965 ln
248 931 305 965 illo
325 943 418 964 anuo
438 931 602 965 balistarii
623 931 879 965 Tornacenses.
903 933 1010 978 petita
1029 939 1061 966 et
1082 934 1225 967 obtenta
1246 934 1383 967 licentia
1401 946 1420 967 a
1439 935 1652 981 gubernato-

138 991 238 1024 ribus
255 991 424 1025 civitatis.
445 990 696 1024 ordinaverunt
719 990 815 1037 quod
843 991 939 1025 fieret
958 1003 1050 1025 unus
1069 992 1206 1038 cyphus
1227 1004 1308 1026 cum
1332 992 1422 1038 pede
1444 999 1479 1026 et
1501 1004 1650 1038 cooper-

138 1049 214 1083 tulo
228 1055 415 1097 argenteus
435 1048 624 1082 deauratus
636 1076 643 1081 .
664 1049 790 1082 valoris
805 1050 982 1097 sexaginta
1003 1050 1218 1084 florenorum
1237 1050 1282 1084 de
1301 1051 1491 1094 Florentia7
1509 1058 1543 1084 et
1562 1063 1653 1084 unus

138 1108 276 1154 cyphus
294 1114 482 1155 argenteus
500 1107 689 1141 deauratus
707 1108 781 1141 sine
800 1108 907 1154 pede.
929 1108 1054 1142 valoris
1072 1108 1194 1143 decem
1214 1109 1429 1143 florenorum
1449 1110 1493 1144 dc
1511 1110 1654 1144 Floren—

138 1168 204 1209 tia,
226 1173 261 1200 ct
279 1166 451 1199 miserunt
470 1165 514 1199 ad
536 1166 711 1208 civitates.
738 1166 851 1200 villas.
877 1173 990 1200 castra
1009 1173 1041 1199 et
1061 1167 1212 1212 oppidai
1236 1168 1473 1216 significantes
1494 1175 1528 1202 et
1551 1181 1653 1202 man—

139 1225 263 1260 dantes
281 1224 378 1272 quod
402 1236 524 1258 omnes
549 1224 687 1258 trahere
706 1225 860 1258 volentes
881 1225 925 1259 de
947 1226 1078 1259 balistis
1102 1225 1147 1259 ad
1165 1233 1296 1259 certam
1319 1226 1413 1260 diem
1434 1228 1468 1261 in
1492 1228 1652 1261 Tornaco

139 1283 367 1318 convenirent
381 1309 389 1315 .
411 1289 447 1316 et
464 1281 561 1328 quod
581 1288 695 1315 essent
717 1283 752 1315 in
775 1283 935 1316 Tornaco
953 1283 989 1316 in
1008 1283 1064 1316 die
1083 1284 1332 1329 assumptionis
1351 1284 1503 1333 Virginis
1521 1286 1653 1334 glorio—

139 1353 214 1384 sae.
239 1347 274 1375 et
291 1340 389 1387 quod
407 1340 555 1386 quilibet
581 1340 722 1374 trahens
742 1340 887 1374 haberet
909 1348 1063 1387 quatuor
1089 1347 1222 1375 tractus
1244 1343 1315 1376 sive
1335 1344 1445 1387 ictus.
1466 1351 1500 1378 et
1518 1345 1574 1378 ille
1592 1346 1652 1391 qui

139 1399 375 1447 propinquius
397 1397 553 1432 traheret
578 1410 659 1431 suos
686 1398 776 1431 ictus
803 1405 957 1444 quatuor
983 1399 1036 1432 vel
1055 1406 1126 1433 tres
1148 1401 1330 1446 sequendo
1351 1408 1387 1435 et
1411 1403 1630 1437 meliorando
1645 1431 1652 1443 .

138 1459 217 1493 talis
242 1457 386 1491 trahens
410 1456 557 1489 haberet
580 1462 614 1489 et
639 1456 836 1490 lucraretur
862 1469 919 1490 vas
946 1469 1027 1490 cum
1051 1457 1140 1503 pede
1166 1458 1383 1493 ordinatum.
1414 1460 1510 1494 Alius
1536 1469 1654 1495 autern

139 1523 271 1551 tractor
290 1515 414 1549 melior
432 1521 511 1560 post
527 1514 694 1548 eumdem
712 1526 771 1548 vas
792 1515 865 1548 sine
884 1514 974 1561 pede
994 1516 1202 1550 lucraretur.
1224 1517 1405 1552 Venerunt
1423 1525 1542 1553 autem
1561 1527 1655 1554 trae—

138 1583 233 1610 tores
255 1574 300 1609 de
323 1574 467 1622 triginta
489 1580 523 1606 et
542 1586 599 1607 sex
621 1573 727 1617 villis,
754 1585 836 1608 cum
859 1575 1033 1620 paraturis
1058 1576 1348 1610 vestimentorum
1362 1604 1371 1621 a
1395 1579 1536 1625 pompis
1554 1586 1588 1613 et
1608 1581 1656 1613 in-

140 1634 345 1669 strumentis
372 1639 649 1679 comparuerunt
676 1632 770 1667 dicta
799 1633 868 1667 die.
904 1633 1004 1667 Unde
1035 1635 1136 1668 multi
1162 1636 1334 1681 sapientes
1359 1643 1393 1670 et
1419 1637 1581 1681 discreti³
1613 1638 1655 1672 (le

141 1692 419 1728 dissensionibus
445 1690 669 1733 dubitantes7
700 1692 833 1725 factum
856 1704 927 1725 uon
950 1693 1195 1738 approbabant
1215 1700 1249 1727 et
1268 1706 1374 1741 super
1399 1696 1654 1743 gubernatores

141 1752 290 1787 civitatis
312 1750 584 1784 murmurabant
613 1763 619 1783 :
648 1751 855 1796 praesertim
875 1763 957 1785 cum
982 1752 1205 1785 communiae
1227 1754 1446 1799 temporibus
1474 1756 1654 1789 retroactis

142 1812 178 1845 in
196 1809 358 1856 pluribus
377 1808 460 1842 loeis
482 1815 563 1842 sunt
585 1808 799 1843 dominatae.
824 1810 948 1844 Habita
973 1816 1090 1843 autem
1110 1809 1363 1845 deliberatione
1381 1812 1586 1846 ordinatum
1605 1820 1656 1847 est

142 1868 218 1903 fieri
236 1868 271 1902 in
291 1867 368 1901 foro
388 1867 536 1900 civitatis
560 1868 660 1915 signa
684 1868 729 1901 al)
754 1874 905 1914 utraque
931 1875 1046 1914 parte7
1071 1874 1107 1902 et
1131 1868 1179 1901 ibi
1204 1869 1417 1904 traheretur.
1443 1871 1655 1917 Inceperunt

142 1933 260 1961 autem
279 1925 420 1959 trahere
434 1925 469 1958 in
491 1925 548 1959 die
566 1926 686 1969 lunae7
708 1932 901 1973 posteaque
919 1926 976 1960 die
994 1927 1132 1971 Martis„
1153 1927 1210 1962 die
1228 1927 1411 1972 Mercurii.
1434 1929 1490 1963 die
1508 1930 1603 1964 Jovis
1622 1938 1653 1964 et

141 1985 199 2020 die
216 1985 372 2019 Veneris.
400 1985 497 2018 Unus
514 1991 634 2018 autem
655 1984 700 2019 de
718 1985 797 2018 villa
816 1986 986 2034 Brugensi
1004 1998 1062 2020 vas
1080 1998 1162 2021 cum
1178 1987 1268 2033 pede
1285 1995 1337 2022 est
1356 1988 1528 2030 lucratusg
1550 2001 1655 2034 super

143 2057 216 2092 quo
243 2044 439 2092 Brugenses
465 2044 770 2090 quamplurimum
801 2051 883 2078 sunt
913 2044 1033 2092 gavisi.
1061 2045 1158 2079 Unus
1180 2052 1298 2080 autem
1325 2046 1370 2080 de
1398 2047 1477 2081 villa
1504 2047 1653 2092 Yprensi

142 2103 299 2137 lucratus
317 2107 369 2136 est
387 2108 422 2135 et
439 2101 566 2135 habuit
581 2101 678 2135 aliud
694 2114 769 2146 vas,
792 2102 952 2136 videlicet
969 2103 1127 2149 cyphum
1149 2105 1222 2138 sine
1241 2105 1352 2151 pede,
1372 2111 1407 2139 et
1425 2106 1473 2139 sic
1493 2106 1654 2153 Brugen-

143 2173 196 2195 ses
217 2167 252 2194 et
270 2160 445 2206 Yprenses
466 2172 548 2194 cum
568 2160 699 2208 gaudio
716 2167 934 2195 recesserunt
948 2188 955 2194 .
981 2167 1015 2195 et
1033 2161 1089 2195 alii
1108 2162 1267 2196 similiter
1285 2163 1329 2197 de
1348 2164 1436 2197 villis
1459 2164 1533 2198 aliis
1551 2176 1655 2210 repa-

143 2220 338 2253 triaverunt
359 2217 404 2252 ad
427 2230 489 2251 sua
517 2218 590 2251 loea
620 2218 857 2264 properando.
890 2219 962 2253 Nee
986 2226 1037 2252 est
1063 2221 1416 2265 praetermittendum
1438 2221 1536 2268 quod
1560 2234 1655 2256 nun-

143 2289 252 2325 quam
270 2277 384 2310 visum
408 2282 459 2309 est
477 2281 612 2309 tantam
632 2277 942 2324 congregationem
965 2277 1119 2311 virorum
1141 2278 1332 2313 adunatam
1356 2279 1391 2312 in
1415 2280 1534 2326 aliquo
1555 2281 1632 2315 loco
1645 2309 1652 2314 .

144 2336 181 2370 in
198 2341 296 2369 tanta
314 2335 568 2381 tranquillitate
588 2347 628 2368 ac
650 2347 735 2380 pace
759 2334 941 2379 recedere7
965 2336 1048 2382 quia
1071 2348 1136 2382 pro
1162 2343 1258 2371 certo
1276 2337 1373 2372 nulla
1391 2337 1560 2373 dissensio
1585 2340 1655 2373 sive

146 2394 247 2442 briga
266 2394 334 2428 fuit
352 2394 443 2427 inter
456 2394 568 2439 ipsos7
589 2393 650 2427 sed
669 2393 794 2427 diebus
812 2405 852 2427 ac
868 2395 1030 2428 noctibus
1043 2401 1113 2428 tam
1130 2395 1297 2443 gaudiose
1315 2403 1350 2430 et
1362 2397 1531 2444 gratiose,
1548 2398 1655 2432 cereis

145 2460 181 2487 et
201 2452 355 2487 candelis
378 2453 552 2495 accensis.
579 2453 614 2486 in
633 2452 771 2486 civitate
792 2464 828 2486 se
854 2460 1058 2501 gesserunt,
1082 2453 1180 2501 quod
1198 2467 1341 2499 omnes⁷
1369 2462 1442 2490 tam
1460 2456 1524 2491 viri
1546 2469 1653 2503 quam

148 2512 311 2546 mulieres
323 2539 332 2556 7
354 2524 460 2558 super
478 2512 546 2546 hoc
563 2517 646 2545 sunt
668 2511 796 2545 mirati.
