2137 3131
441 407 511 441 852
1047 397 1334 433 APPENDICES.

444 520 539 541 ventus
551 513 659 547 Symoni
672 511 766 546 viginti
783 508 884 536 solidos
897 507 1021 533 alborum
1032 526 1038 537 ‚
1054 506 1132 531 etsie
1144 506 1196 531 erit
1211 510 1284 531 terra
1298 504 1454 531 haereditas
1466 504 1619 531 Ninivensis
1633 505 1772 531 ecclesiae.
1789 505 1858 532 ltem
1873 507 1957 541 septi-

445 571 511 588 mam
526 565 628 595 partem
643 556 788 583 molendini
807 555 931 590 Symonis
942 574 948 585 ‚
967 562 1048 588 quam
1063 552 1114 578 sibi
1130 552 1214 578 abbas
1233 557 1261 578 et
1279 556 1430 578 conventus
1445 551 1622 578 vindicabant
1640 556 1668 578 et
1687 551 1860 578 medietatem
1879 551 1957 579 fundi

444 606 584 644 praelibati
593 605 706 639 recipiet
718 603 816 637 Symon
825 601 859 627 ab
870 600 969 626 abbate
981 600 1007 625 in
1022 598 1132 625 feodum
1143 619 1149 627 .
1164 603 1190 624 et
1200 608 1284 633 super
1297 598 1339 624 his
1353 597 1433 624 saciet
1443 599 1467 624 ei
1478 598 1640 624 hominium.
1653 610 1664 621 n
1677 598 1862 625 Mediantibus
1873 599 1958 634 igitur

442 656 498 682 istis
511 653 597 688 sopita
609 651 661 677 erit
673 659 754 676 causa
768 654 828 675 octo
844 656 996 674 marcarum
1018 651 1045 672 et
1059 646 1146 672 omnis
1160 646 1347 672 controversia
1365 654 1436 681 quae
1454 645 1574 672 habebat
1588 650 1679 672 ortum
1698 645 1741 672 vel
1755 650 1815 672 erat
1829 645 1957 672 habitura

442 703 476 728 ab
488 699 608 727 articulis
619 697 792 733 supradictis.
809 696 846 722 Ne
857 696 941 731 igitur
952 695 978 720 in
992 698 1132 729 posterum
1146 693 1292 728 quisquam
1305 692 1351 718 tali
1364 693 1480 719 arbitrio
1494 697 1588 719 nostro
1601 693 1699 720 canino
1709 693 1791 720 dente
1801 714 1808 726 ‚
1825 692 1899 728 quod
1913 693 1960 719 ab·

442 750 491 775 sit.
508 750 661 782 praesumat
675 744 813 770 oblatrare
822 763 828 768 .
841 747 1011 777 praesentem
1024 740 1157 766 cartulam
1169 740 1314 765 arbitrium
1326 739 1398 765 istud
1411 749 1424 765 a
1434 739 1558 774 partibus
1571 745 1743 775 acceptatum
1756 741 1940 766 continentem
1951 761 1958 771 ‚

441 794 534 831 sigillis
544 793 643 819 nostris
657 791 768 827 dignum
781 790 908 816 duximus
922 788 1055 814 roborare
1066 809 1072 820 7
1089 793 1116 814 et
1130 788 1194 822 quia
1208 796 1260 822 ego
1273 786 1336 818 Ph„
1351 787 1498 822 presbyter
1517 786 1551 813 de
1566 787 1664 822 Brun,
1680 788 1824 823 proprium
1838 787 1957 824 sigillum

443 851 494 867 non
510 840 608 870 habui,
630 847 757 874 praesens
778 837 910 871 scriptum
928 834 1018 870 sigillo
1036 834 1235 860 Mei-beccensis
1257 833 1388 860 ccclesiae
1405 833 1456 860 feci
1475 833 1618 860 roborare.
1639 834 1734 861 Testes
1754 834 1838 869 hujus
1851 834 1959 861 arbitrii

441 893 504 914 sunt
516 886 668 916 lohannes,
688 885 808 920 Sygerus
819 904 825 915 ‚
844 882 978 908 Hem-icus
988 903 995 914 ‚
1008 890 1069 907 can.
1087 881 1302 914 Merheccensis3
1320 880 1438 906 Leonius
1449 901 1456 912 ,
1472 881 1660 916 praepositus;
1677 880 1763 908 frater
1777 882 1938 908 Ambrosius
1949 902 1957 913 ‚

440 934 564 961 sacerdos
577 955 583 960 .
599 938 625 959 et
640 931 753 963 Daniel,
772 931 917 957 diaconus.
935 939 995 956 can·
1011 928 1174 955 Ninivensis.
1192 928 1288 955 Actum
1301 927 1374 964 apud
1388 927 1558 954 Merbeccam
1575 938 1646 955 anno
1666 928 1773 955 Domini
1787 929 1956 961 MCCXXW,

441 982 521 1008 tertio
534 980 663 1007 kalendas
676 979 760 1005 Junii.

1485 1022 1603 1054 Originat.
1616 1029 1702 1047 sceaux
1715 1023 1826 1047 detruits.

1143 1292 1258 1327 CXLI.

451 1390 637 1433 lee'odore,
653 1391 765 1437 (loyen
781 1389 822 1423 de
840 1389 1070 1431 Grammont,
1087 1389 1223 1423 de'clare
1241 1401 1306 1434 que
1326 1386 1478 1422 Thomas
1493 1388 1534 1421 de
1554 1387 1678 1421 Pollar
1694 1401 1717 1422 α
1735 1400 1893 1422 reconna
1916 1401 1959 1422 eu

491 1462 528 1483 sa
542 1449 706 1496 presence
723 1448 811 1494 qzc'z'l
821 1449 882 1481 n’a
894 1448 979 1495 plus
993 1450 1071 1482 rien
1085 1446 1109 1481 ἀ
1122 1449 1241 1494 θῑιζᾳρν
1253 1447 1294 1481 de
1312 1446 1470 1492 l’ahhaye
1485 1445 1526 1480 cle
1543 1445 1693 1480 le'nove.
1707 1467 1753 1472 —
1765 1446 1906 1480 Loe'rns.

1063 1634 1079 1655 A
1093 1632 1250 1656 Grammont.
1271 1631 1343 1655 1225.

485 1704 619 1730 [nivei-sis
638 1704 738 1739 quibus
756 1709 913 1739 praesentes
931 1703 1036 1730 litteras
1056 1702 1150 1729 videre
1173 1702 1320 1738 contigerit
1333 1701 1537 1734 Theudoricus,
1558 1701 1678 1727 decanus
1700 1701 1908 1728 christianitatis
1927 1701 1960 1728 de

444 1751 642 1778 Geraldimonte
655 1772 661 1783 ‚
680 1751 795 1777 salutem
809 1751 835 1777 in
849 1750 975 1776 Domino.
993 1750 1113 1786 Dignum
1130 1754 1158 1775 et
1171 1749 1271 1775 rationi
1285 1749 1450 1775 conveniens
1465 1757 1524 1775 esse
1540 1747 1694 1774 dinoscitur
1714 1757 1747 1773 ea
1765 1747 1868 1774 scilicet
1889 1757 1960 1784 quae

444 1799 512 1825 hene
531 1804 606 1835 gesta
626 1804 691 1825 sunt
708 1798 820 1825 litterali
833 1798 1024 1824 commendare
1045 1798 1203 1829 memoriae,
1224 1797 1354 1832 quatinus
1374 1797 1412 1822 sic
1425 1797 1570 1832 sopiantur
1583 1795 1677 1831 jurgia
1696 1800 1723 1821 et
1739 1796 1962 1831 importunitates

445 1846 626 1872 cavillantium
637 1846 744 1872 valeant
753 1846 904 1872 coherceri.
918 1845 955 1871 Ea
966 1850 1080 1881 propter
1090 1845 1197 1871 noverit
1208 1845 1372 1870 universitas
1383 1849 1485 1875 vestra,
1498 1842 1573 1879 quod
1584 1842 1701 1869 Thomas
1711 1842 1746 1868 de
1757 1842 1961 1869 Geraltlimonte

447 1893 572 1919 scabinus
584 1893 672 1919 dictus
685 1893 718 1919 de
730 1893 833 1927 Pollar,
848 1893 1014 1919 constitutus
1025 1892 1052 1918 in
1067 1892 1223 1927 praesentia
1236 1896 1330 1917 nostra
1342 1890 1504 1926 recognovit
1517 1899 1609 1916 coram
1619 1889 1698 1915 nobis
1709 1909 1716 1921 ‚
1728 1889 1802 1925 quod
1815 1899 1878 1916 cum
1889 1890 1962 1916 inter

446 1940 614 1967 Ninivensem
623 1940 763 1967 ecclesiam
773 1946 799 1967 et
808 1941 896 1976 ipsum
906 1940 1010 1976 pluries
1024 1940 1236 1966 intervenissent
1247 1944 1326 1974 pacta
1337 1960 1344 1971 ‚
1359 1939 1556 1965 conventiones
1567 1959 1574 1971 ,
1589 1937 1773 1970 conditiones,
1789 1937 1961 1964 venditiones

446 1992 472 2013 et
487 1988 637 2022 emptiones
652 1997 683 2014 ac
701 1987 746 2014 alii
761 1987 938 2023 quamplures
949 2008 956 2019 ‚
977 1987 1177 2023 cujuscumque
1191 1987 1263 2013 modi
1281 1986 1385 2013 suerint
1398 1991 1571 2018 contractus,
1593 1985 1627 2011 de
1642 1985 1777 2011 universis
1788 1984 1921 2011 satisfecit
1937 1986 1963 2012 ei

447 2035 584 2070 praedicta
599 2035 712 2062 ecclesia
728 2040 929 2071 competenter,
946 2035 982 2061 ita
1001 2035 1075 2070 quod
1093 2036 1120 2061 in
1134 2034 1210 2061 nullo
1225 2035 1250 2060 ei
1266 2044 1380 2069 prorsus
1397 2034 1559 2060 remanserit
1577 2032 1707 2069 obligata.
1729 2032 1816 2058 Unam
1834 2037 1861 2059 et
1876 2033 1960 2068 ipsam

446 2081 584 2108 ecclesiam
593 2082 681 2109 dictus
689 2082 806 2109 Thomas
815 2082 849 2108 de
858 2083 984 2109 omnibus
991 2083 1018 2108 in
1027 2083 1128 2118 quibus
1136 2083 1160 2109 ei
1170 2091 1291 2118 unquam
1300 2082 1420 2118 obligata
1431 2081 1583 2113 exstiterat,
1593 2080 1702 2116 publice
1710 2080 1814 2115 quitam
1824 2079 1960 2113 clamavit,

447 2134 588 2163 praeterea
598 2128 696 2163 adjecit
707 2129 780 2165 quod
791 2130 816 2155 in
830 2129 933 2156 decima
943 2129 976 2156 de
987 2129 1156 2165 Flursemylze
1164 2129 1230 2155 nihil
1238 2129 1310 2163 juris
1323 2129 1443 2155 habebat
1451 2149 1458 2161 ‚
1471 2128 1519 2155 sed
1530 2137 1589 2154 eam
1601 2127 1723 2153 totaliter
1733 2127 1822 2153 dictae
1833 2126 1962 2153 ecclcsiae

446 2176 591 2211 resignavit
604 2177 720 2211 quitam,
734 2176 846 2202 liberam
859 2181 885 2202 et
898 2176 1061 2202 absolutam.
1075 2176 1173 2202 Actum
1185 2176 1258 2211 apud
1271 2175 1502 2202 Geraldimontem
1512 2195 1519 2208 ,
1534 2174 1586 2201 snb
1597 2174 1752 2210 praesentia
1763 2174 1878 2200 istorum
1890 2183 1898 2200 :
1911 2174 1963 2200 Ar-

447 2222 519 2248 noldi
536 2222 661 2249 videlicet
674 2223 826 2258 presbyteri
838 2223 871 2249 de
885 2223 1082 2258 Scendelbeca5
1097 2223 1231 2249 Johannis
1242 2244 1249 2256 ,
1266 2223 1315 2248 filii
1336 2222 1459 2259 magistri
1471 2222 1506 2248 de
1519 2221 1740 2255 Geraldimonte5
1756 2220 1850 2247 Hillini
1860 2241 1868 2254 ‚
1884 2230 1962 2257 pres-

449 2270 535 2304 byteri
548 2270 581 2296 de
594 2270 811 2307 Badenlenghem
822 2292 828 2303 ,
845 2276 871 2297 et
882 2270 976 2297 Jacobi
987 2292 993 2304 ,
1014 2271 1116 2298 scabini
1131 2271 1165 2297 de
1182 2270 1395 2298 Geraldimonte.
1414 2270 1493 2296 Anno
1506 2269 1612 2306 gratiae
1629 2267 1791 2300 MCCXXV‚
1813 2267 1881 2295 feria
1899 2274 1962 2305 post

449 2321 555 2343 octavas
569 2317 745 2352 Epiphaniae.

1536 2361 1667 2387 Carnulaire
1677 2361 1706 2386 de
1719 2361 1827 2386 Malines.

1167 2444 1229 2455 Η

2125 2620 2126 2624 ⁴
2124 2439 2137 2576 Alf——
2129 2241 2137 2425 *dd-an...-
2128 2160 2137 2229 .¹=-v.-
2135 2130 2137 2139 a
2132 2107 2137 2115 .

2123 3022 2137 3131 ,ΔΑ-«4.,
2124 2763 2137 3005 ,hanan—*fi
