2118 3184
819 431 1107 466 APPENDICES.
1656 435 1724 469 917

858 557 1074 593 CCXXVIH.

207 634 328 677 Gilles,
352 637 515 682 seigneur
535 634 730 676 d'Arkene,
755 634 869 668 donne
886 633 909 668 (ὶ
929 635 1104 681 l'ahhaye,
1128 648 1258 671 comme
1281 640 1445 684 seeffitem·
1466 638 1518 672 dn>
1533 639 1611 684 sies,
1638 640 1721 673 delr-

252 692 330 726 lzm'e
347 693 511 726 bonnam-s
523 692 564 726 de.
578 698 668 726 terre
682 690 704 725 ἁ
718 692 874 734 Arkene,
895 705 960 738 que
973 693 1020 727 les·
1029 694 1287 740 proprietati-es·
1301 698 1499 730 tenancz'ers
1512 702 1572 730 ont
1587 698 1718 732 sendus

253 764 302 785 au
319 755 477 785 convent.
495 770 542 776 —-
554 750 753 785 Rfflmnsnnr.

925 898 998 922 1232).

239 968 296 1005 Ego
309 967 439 1004 Aegidius
452 968 528 995 miles
538 989 545 1000 ‚
560 968 686 995 dominus
700 969 734 995 de
749 969 853 995 Arkene
864 990 871 1001 ‚
893 975 988 996 notum
1004 969 1072 996 facio
1087 975 1141 996 tam
1155 971 1348 1006 praesentibus
1362 980 1444 1007 quam
1464 971 1566 998 suturis
1580 973 1606 999 in
1622 982 1722 1009 perpe-

199 1021 278 1042 tuum
289 1036 295 1047 ,
311 1015 384 1051 quod
397 1024 459 1041 cum
476 1016 527 1042 viri
541 1015 728 1048 venerabiles,
743 1016 828 1042 abbas
840 1021 867 1042 et
881 1022 1033 1043 conventus
1047 1017 1178 1044 eeclesiae
1191 1018 1343 1044 Ninivensis
1354 1039 1360 1049 ‚
1376 1018 1470 1045 decem
1488 1024 1514 1045 et
1529 1024 1592 1046 octo
1607 1020 1720 1047 bonaria

198 1067 291 1089 terrae
303 1061 428 1094 arabilis,
443 1071 540 1097 parum
552 1062 614 1097 plus
624 1062 666 1089 vel
680 1063 782 1089 minus.
797 1063 830 1088 ad
843 1072 997 1095 mensuram
1012 1063 1188 1090 nivellensem
1198 1085 1204 1096 ‚
1217 1065 1268 1090 sita
1281 1065 1307 1090 iu
1320 1065 1460 1091 territorio
1474 1066 1509 1092 de
1520 1066 1624 1093 flu-kene
1633 1088 1639 1098 ,
1655 1077 1721 1103 erga

201 1110 288 1136 virum
307 1109 426 1135 nobilem
441 1108 575 1145 Sygerum
586 1130 592 1141 7
610 1109 723 1136 militem
740 1109 774 1136 de
788 1110 910 1144 Art-ene,
929 1115 956 1136 et
973 1110 1128 1146 Drogonem
1139 1131 1146 1143 ‚
1164 1111 1398 1146 consanguineum
1416 1112 1482 1138 dicti
1497 1112 1594 1149 Sygeri
1610 1114 1718 1141 militis.

200 1156 377 1192 acquisierint
384 1155 462 1190 justo
473 1155 553 1182 titulo
562 1157 708 1191 emptionis
716 1166 766 1192 pro
774 1162 849 1183 certa
860 1166 964 1183 summa
973 1158 1106 1192 pecuniae
1114 1163 1274 1184 numeratae
1282 1178 1289 1190 ‚
1300 1158 1406 1184 solutae
1414 1158 1489 1185 dicto
1498 1159 1614 1196 Sygero,
1625 1161 1717 1188 militi.

200 1208 228 1230 et
239 1203 313 1230 dicto
324 1203 445 1239 Drogoni
455 1224 462 1235 ‚
477 1204 541 1229 etin
553 1203 698 1230 utilitatem
707 1205 829 1239 ipsorum
837 1214 985 1231 conversae
993 1225 1000 1232 .
1010 1210 1037 1231 et
1047 1205 1112 1231 dicti
1121 1205 1149 1232 S.
1162 1205 1238 1231 miles
1248 1210 1275 1232 et
1290 1205 1323 1231 D.
1334 1205 1434 1232 dictam
1444 1212 1546 1233 terram
1559 1217 1640 1243 quam
1652 1218 1667 1235 a
1677 1219 1718 1235 me

199 1250 331 1277 tenebant
346 1251 372 1276 in
386 1250 497 1276 feodum
507 1270 513 1282 ‚
528 1250 679 1277 secundum
698 1250 785 1287 legem
800 1256 827 1277 et
840 1251 1067 1278 consuetudinem
1084 1252 1263 1288 approbatam
1275 1252 1365 1278 dictae
1377 1253 1457 1279 villae
1469 1253 1504 1280 de
1517 1255 1638 1289 ⁴:fr-Imm,
1655 1265 1721 1282 con-

199 1297 315 1324 tulerint
333 1297 423 1324 dictae
442 1297 571 1323 ecclesiae
589 1297 726 1323 Ninivensi
746 1298 798 1324 sub
813 1307 904 1324 annuo
919 1307 1019 1330 censu,
1035 1299 1108 1325 dicto
1127 1299 1155 1325 S.
1173 1298 1251 1325 militi
1269 1303 1297 1325 et
1316 1299 1373 1325 suis
1390 1301 1595 1327 successorihus
1614 1312 1629 1328 a
1649 1302 1719 1329 dicta

201 1345 338 1372 Ninivensi
351 1345 465 1371 ecclesia
480 1345 675 1380 persolvendo,
693 1345 758 1379 jure
773 1345 957 1372 haereditario
971 1346 1173 1381 possidendam.
1189 1346 1246 1382 Ego
1261 1351 1391 1382 tanquam
1405 1347 1532 1374 dominus
1545 1348 1618 1375 feodi
1635 1349 1671 1375 ob
1685 1350 1720 1376 fa-

199 1401 293 1419 vorem
303 1393 351 1428 qui
359 1391 485 1427 religioni
497 1391 625 1424 debetur,
638 1393 776 1427 praesenti
786 1393 940 1420 contractui
951 1393 1106 1428 emptionis,
1117 1393 1283 1419 venditionis
1293 1398 1320 1419 et
1331 1393 1498 1427 collationis,
1510 1400 1540 1421 ut
1551 1395 1654 1422 dictum
1667 1403 1717 1423 est-

198 1440 270 1466 inter
277 1447 409 1475 personas
419 1443 581 1464 memoratas
590 1448 674 1474 super
684 1439 756 1465 dicta
767 1444 840 1465 terra
849 1460 855 1471 ‚
871 1448 919 1465 seu
931 1440 1012 1465 etiam
1022 1440 1196 1475 acquisitioni
1206 1439 1322 1466 aliorum
1333 1440 1469 1466 bonorum
1478 1441 1612 1468 hactenus
1622 1452 1637 1469 a
1647 1443 1719 1470 dicta

198 1486 312 1514 ecclesia
325 1495 528 1522 possessorum,
544 1495 615 1521 quae
629 1486 692 1512 olim
707 1487 741 1512 ad
754 1486 865 1512 feodum
880 1495 969 1512 meum
984 1488 1149 1522 pertinuisse
1162 1486 1335 1519 dicebantur,
1350 1497 1513 1514 consensum
1528 1498 1616 1516 meum
1635 1495 1662 1516 et
1678 1500 1721 1517 as-

197 1543 306 1561 sensum
320 1533 449 1566 adhibeo,
465 1539 492 1560 et
507 1534 597 1560 omnia
611 1534 762 1569 praelibata
776 1534 874 1566 laudo,
891 1535 1016 1570 approbo
1030 1539 1057 1561 et
1068 1535 1149 1561 etiam
1161 1544 1193 1561 ea
1210 1534 1405 1562 ratihabitione
1418 1536 1562 1562 confirmo.
1576 1537 1611 1563 [t
1626 1543 1717 1564 autem

196 1586 356 1617 praetaxata
374 1581 464 1606 omnia
481 1589 610 1607 successu
626 1581 757 1616 temporis
771 1581 864 1617 aliqua
881 1581 1091 1616 importunitate
1107 1582 1215 1607 turbari
1227 1587 1368 1617 nequeant
1381 1582 1423 1608 vel
1439 1582 1568 1619 infringi,
1589 1594 1718 1619 praesens

195 1629 328 1665 scriptum
344 1629 372 1654 in
386 1628 525 1654 munimen
542 1633 570 1654 et
588 1629 772 1654 testimonium
787 1629 999 1664 praemissorum
1017 1629 1099 1665 sigilli
1116 1630 1168 1655 mei
1184 1630 1352 1664 appensione
1366 1629 1454 1656 dictae
1473 1630 1603 1657 ecclesiae
1616 1632 1721 1658 contuli

197 1676 370 1703 roboratum.
387 1675 485 1702 Datum
501 1685 572 1702 anno
586 1676 738 1702 dominicae
752 1676 950 1703 lucarnationis
963 1676 1092 1703 MCCLIX
1102 1697 1109 1709 ‚
1125 1686 1217 1703 mense
1231 1676 1339 1703 Martio.

1197 1741 1306 1774 Origiual
1315 1761 1321 1766 .
1334 1750 1402 1766 sceau
1416 1743 1515 1767 deu-uie.

863 1972 1045 2008 CCXXlX.

195 2059 245 2094 H.
258 2087 268 2103 ‚
293 2060 406 2108 doyen
425 2060 467 2094 de
486 2059 574 2102 Hal,
594 2059 729 2103 Henri,
757 2059 928 2095 clzmzoz'ne
951 2061 992 2094 de
1016 2059 1170 2102 Nz'nove,
1196 2066 1230 2094 et
1248 2059 1294 2094 A.
1305 2088 1316 2103 ,
1343 2062 1434 2096 cure'
1454 2063 1494 2097 cle
1512 2063 1714 2112 Liefi'l'nfle:

243 2118 401 2154 de'czzlent
416 2131 482 2165 que
499 2119 532 2153 la
541 2118 727 2166 proprie'te'
739 2125 774 2153 et
789 2119 824 2153 la
841 2117 936 2154 clime
947 2119 1006 2154 cles
1021 2125 1130 2153 terres
1143 2131 1187 2153 en
1205 2119 1296 2166 le'tzye
1313 2117 1337 2153 ἁ
1351 2119 1565 2169 Ζειῐρὸωῃήρ
1582 2136 1714 2170 appar-

243 2177 422 2211 tiendront
440 2176 634 2211 dekormais
655 2174 678 2211 ἁ
700 2175 856 2224 ἰἸιόΡίίαΖ
872 2177 1024 2212 St-Jean
1043 2177 1066 2212 ἀ
1088 2177 1291 2219 Bruxelles,
1311 2175 1334 2211 ἀ
1350 2177 1477 2226 charge
1498 2180 1605 2215 d'une
1619 2181 1714 2215 rede-

243 2247 351 2269 vance
364 2234 526 2269 annuelle
541 2247 590 2268 au
607 2234 696 2269 cure'
707 2235 749 2269 de
765 2235 908 2270 Pamele
924 2235 965 2270 de
978 2241 1103 2282 quatre
1118 2247 1272 2269 mesures
1289 2241 1323 2269 et
1339 2235 1466 2279 demie,
1481 2238 1603 2272 moite'e'
1615 2239 1713 2286 sezyle

243 2298 278 2326 et
291 2291 412 2326 moitie'
418 2295 552 2327 avoine.
574 2313 623 2318 —
639 2293 781 2327 Pium.

918 2433 989 2457 1260.

232 2503 372 2530 Universis
385 2508 544 2538 praesentes
557 2503 664 2530 litteras
676 2505 776 2531 visuris
785 2525 792 2538 ‚
813 2504 860 2537 IL,
875 2505 996 2531 decanus
1009 2504 1043 2531 de
1057 2504 1126 2538 Hal,
1149 2504 1234 2530 frater
1254 2504 1389 2531 Henricus
1398 2525 1406 2538 ‚
1421 2505 1510 2532 dictus
1525 2506 1560 2532 de
1574 2506 1693 2533 Lovauio
1703 2528 1710 2539 7

195 2551 343 2578 canonicus
355 2550 508 2577 Ninivensis
518 2571 526 2583 ,
535 2556 562 2578 et
573 2551 619 2585 A„
628 2552 774 2588 presbyter
788 2552 822 2579 ‹le
834 2552 1017 2588 Lifrenqliem,
1030 2551 1144 2578 salutem
1158 2552 1184 2578 in
1195 2551 1321 2578 Domino.
1337 2552 1403 2579 Cum
1414 2553 1486 2580 inter
1498 2553 1588 2580 virum
1602 2554 1712 2591 relig‘io-
