2118 3184
749 385 1040 421 APPENDICES.
1586 388 1653 423 781

134 493 199 528 quia
219 491 266 519 lilii
284 493 391 519 Domini
407 494 580 520 vocabuntur
592 504 597 527 ς
622 502 670 529 spe
691 498 782 519 autem
803 493 886 526 hujus
907 493 1044 520 filiationis
1065 494 1263 529 promerendae
1282 504 1376 530 pacem
1398 495 1469 521 inter
1487 495 1656 522 Ninivenseni

135 539 276 566 ecclesiam
291 546 317 566 et
326 541 478 567 walterum
487 541 521 567 de
535 541 707 576 [ledeberga.
725 546 907 576 cognomento
921 541 1028 575 Marcel,
1045 543 1186 577 composui
1200 542 1251 568 hoc
1262 542 1368 569 ordine.
1386 543 1543 569 l‘raedictus
1559 544 1661 570 Walte-

135 597 182 613 rus
199 587 304 620 Hine-el,
319 598 410 614 coram
425 598 466 614 me
480 593 505 614 et
521 588 580 614 aliis
592 588 697 614 idoneis
711 588 827 613 testibus
838 609 845 617 ,
861 588 1003 615 consessus
1016 594 1057 615 est
1074 599 1102 615 se
1116 589 1202 615 altare
1217 590 1250 616 de
1265 590 1371 616 l¹amele
1382 595 1408 616 et
1425 590 1531 617 l'ructns
1542 591 1603 625 ejus
1617 592 1661 617 in-

133 634 210 667 juste
223 636 343 661 tenuisse
353 656 359 665 ,
375 640 403 661 et.
413 635 521 661 cosdem
535 634 644 661 fructus
655 644 716 660 cum
728 635 800 660 omni
815 635 881 668 jure
896 635 990 661 altaris
1008 636 1147 670 praefatae
1168 636 1304 663 Ninivensi
1317 637 1447 663 ecclesiae
1460 639 1620 673 recognovit
1633 644 1661 664 et

138 682 311 708 exfestucans
324 682 411 709 libere
423 683 551 718 deinceps
568 682 708 718 possidere
723 683 857 708 concessit
867 703 873 709 .
889 683 1014 718 obligans
1029 693 1058 709 se
1073 683 1126 709 side
1141 684 1205 710 data
1219 689 1246 710 et
1259 693 1382 721 congruo
1398 685 1553 712 testimonio
1564 707 1571 717 ,
1587 686 1661 721 quod

139 729 228 755 omnia
239 729 304 763 jura
317 729 447 755 ecclesiae
459 729 492 755 de
504 729 611 755 Pamela
629 734 656 755 et
670 729 821 764 appenditii
836 729 921 764 ipsius
941 729 1099 766 Ledeberga
1115 730 1148 756 ad
1165 730 1311 757 utilitatem
1326 737 1353 758 et
1368 732 1539 758 commodum
1551 734 1663 759 canoni-

139 786 233 803 corum
246 776 430 803 Ninivonsium
445 776 562 802 fideliter
573 781 700 802 tueretur
713 781 739 802 et
753 777 858 812 integre
873 782 1049 803 conservaret.
1059 798 1066 805 ,
1079 778 1257 813 omniumque
1272 779 1491 814 propinquorum
1506 789 1619 806 snorum
1635 781 1660 806 in

138 823 190 849 hoc
206 823 316 859 negotio
333 823 460 858 querelas
474 823 641 858 deponeret.
655 823 822 858 eosdemque
834 822 920 849 iubae
935 832 1016 849 causa
1027 829 1226 851 consentaneos
1241 824 1342 851 faceret
1355 847 1361 857 ,
1377 826 1480 852 addens
1492 827 1572 853 ctiam
1587 828 1660 863 quod

139 869 253 896 ecclesia
272 870 307 896 de
323 870 418 896 Ninive
432 871 458 896 in
473 871 545 896 omni
558 869 687 905 parochia
700 870 734 896 dc
748 870 855 896 l'amela
868 876 895 896 et
906 870 1065 907 Ledeberga
1079 880 1249 898 communem
1262 882 1341 899 usum
1358 874 1384 899 in
1404 874 1498 909 aquis³
1514 875 1621 910 pascuis
1636 881 1663 901 et

138 917 254 944 caeteris
267 918 456 944 communibus
470 917 610 944 hominum
625 917 767 944 usualibus
781 918 808 943 in
823 923 988 953 perpetuum
1006 918 1092 945 libere
1107 918 1231 945 haberet.
1253 920 1321 946 Huic
1333 921 1483 947 conditioni
1498 931 1566 948 uxor
1576 923 1662 957 ipsius

142 964 258 990 walteri
268 964 361 990 llmcel
370 985 377 993 ,
391 964 494 1000 Luqar!
503 969 529 991 et
539 964 587 990 lilii
597 965 657 998 ejus
668 964 830 991 Willielmns
839 970 867 990 et
877 964 1027 995 walterus,
1043 975 1092 1000 per
1101 966 1191 992 omnia
1201 975 1341 993 assensum
1351 968 1549 1002 praebuerunt.
1566 969 1664 1004 Hujus-

139 1011 244 1037 cemodi
257 1016 347 1037 autem
360 1011 522 1037 concordiae
536 1017 562 1037 et
575 1011 649 1046 pacis
663 1011 867 1038 conservandae
877 1032 884 1042 ,
904 1012 1035 1047 petitione
1048 1012 1171 1046 ejusdem
1184 1012 1298 1039 Walteri
1314 1013 1417 1047 mmet,
1434 1014 1545 1048 adjutor
1556 1021 1582 1042 et
1597 1026 1663 1042 con-

140 1063 265 1084 servator
286 1058 452 1084 constitutus
470 1066 529 1084 sum
540 1079 546 1086 .
568 1063 595 1084 et
621 1058 746 1084 dominus
768 1058 827 1092 ejus
837 1079 844 1089 ‚
872 1057 998 1084 dominus
1016 1058 1154 1085 (ierardus
1173 1059 1206 1085 de
1232 1060 1414 1096 GrimbergiS‚
1440 1062 1574 1097 quidquid
1592 1063 1665 1097 juris

141 1105 207 1131 inibi
221 1105 324 1131 habere
336 1105 480 1131 dicebatur
497 1104 628 1131 ecclesiae
645 1104 782 1131 Ninivensi
800 1104 885 1130 libere
899 1105 1044 1131 concessit.
1060 1105 1149 1140 Hujus
1163 1107 1243 1132 ctiam
1258 1108 1297 1133 rei
1314 1110 1398 1133 testes
1416 1113 1443 1134 et
1457 1115 1664 1136 conservatores

141 1157 206 1178 sunt
217 1151 356 1178 Gerardus
369 1152 402 1178 de
417 1152 599 1188 Grimbergis‚
615 1151 687 1177 Razo
700 1151 734 1177 de
749 1151 852 1178 Gavera
863 1172 870 1183 ‚
882 1151 1070 1178 Theodericus
1085 1152 1118 1178 de
1132 1152 1268 1185 Bevema,
1284 1153 1422 1180 Gerardus
1436 1154 1470 1181 de
1486 1155 1606 1187 flasselt,
1623 1157 1665 1184 Si-

141 1209 224 1236 gerus
240 1199 275 1226 de
293 1199 380 1233 Gaul,
401 1199 539 1225 Gerardus
559 1198 594 1225 de
613 1197 768 1235 Solertqen1‚
791 1198 930 1225 Walterus
949 1199 983 1225 de
995 1199 1150 1236 ⁸Canplzynq
1168 1199 1295 1227 Oliverus
1311 1201 1345 1228 de
1364 1201 1485 1238 Maylin,
1501 1203 1613 1239 Sigerus
1630 1204 1664 1230 dc

143 1248 264 1280 camai,
278 1247 390 1282 Sigerus
401 1267 408 1278 ‚
421 1245 585 1272 castellanus
597 1244 630 1271 de
644 1245 730 1271 Alost.
743 1245 776 1270 Ili
788 1254 881 1271 omnes
894 1245 957 1271 data
967 1245 1021 1271 fide
1032 1245 1084 1272 hoc
1097 1251 1207 1281 pactum
1219 1256 1248 1273 se
1260 1247 1398 1274 Ninivensi
1410 1248 1540 1275 ecclesiae
1553 1260 1665 1276 conser-

142 1300 254 1321 vaturos
269 1293 382 1330 polliciti
400 1297 474 1318 sunt.
490 1292 613 1318 Fuerunt
631 1296 659 1317 et
676 1291 721 1317 alii
734 1296 833 1323 testes,
853 1292 937 1317 abbas
954 1291 988 1318 de
1004 1292 1103 1325 Pareo,
1120 1292 1279 1328 Philippus,
1292 1299 1319 1320 et
1337 1295 1421 1321 abbas
1435 1295 1469 1322 de
1492 1296 1540 1322 Get
1551 1318 1558 1330 7
1570 1297 1664 1323 Hilde-

144 1341 266 1368 brandus
274 1362 281 1374 ,
291 1340 470 1369 wilhelmus,
482 1339 610 1365 sacerdos
620 1338 654 1365 de
664 1338 772 1364 Pamela
781 1359 788 1371 ⁷
799 1338 968 1365 Giselbertus
977 1339 1011 1365 de
1020 1339 1150 1375 Poperotlz
1159 1345 1187 1366 et
1199 1340 1247 1366 filii
1257 1341 1331 1375 ejus,
1345 1342 1479 1369 Henricus
1490 1349 1517 1369 et
1526 1344 1663 1380 lngelbev

143 1395 188 1416 tus
206 1388 338 1422 Amekin,
358 1392 386 1413 et
397 1386 442 1412 alii
456 1385 644 1422 quamplures.
658 1385 716 1411 Hoc
732 1390 823 1411 autem
843 1390 875 1411 ut.
893 1385 990 1412 stabile
1003 1391 1030 1412 et
1046 1386 1237 1413 inconvulsum
1250 1388 1278 1413 in
1299 1394 1463 1424 perpetuum
1486 1397 1661 1425 permaneat,

143 1437 307 1464 auctoritate
322 1444 381 1462 mea
394 1439 420 1461 et
433 1433 513 1470 sigilli
527 1434 580 1460 mei
590 1433 761 1469 appositione
776 1433 958 1459 corroborare
969 1438 997 1459 et
1011 1433 1174 1460 confirmare
1187 1435 1291 1461 curavi.
1305 1436 1403 1462 Actum
1417 1437 1490 1472 apud
1502 1438 1662 1465 Lidekerca.

144 1494 215 1511 anno
230 1483 336 1510 Domini
348 1481 519 1509 MCLXXXII
531 1502 538 1514 ‚
551 1481 640 1517 pridie
652 1490 738 1507 nonas
752 1481 869 1518 Augusti
880 1502 887 1514 ‚
904 1486 1000 1516 epacta
1010 1481 1115 1508 decima
1126 1487 1235 1517 quarta.

861 1548 970 1581 Original
978 1567 986 1580 ‚
1001 1557 1070 1573 sceau
1084 1557 1113 1573 en
1125 1549 1173 1573 cire
1188 1550 1264 1575 brune
1275 1551 1435 1585 endommage
1445 1571 1452 1584 ,
1465 1560 1512 1577 aux
1521 1553 1627 1578 archives
1636 1554 1665 1577 dc

894 1591 915 1615 la
933 1591 1034 1616 Flandre
1045 1591 1168 1616 orientale.

841 1879 962 1914 XLIV.

146 1978 211 2013 Les
233 1978 336 2013 ahhe's
359 1977 401 2012 de
425 1977 631 2024 Grimberqe
650 1982 683 2010 et
701 1977 742 2010 de
760 1975 848 2010 Jette
873 1976 1053 2010 declarent
1068 1979 1170 2010 avoir
1186 1990 1234 2011 vu
1256 1978 1354 2012 l'acte
1371 1978 1479 2013 d'une
1498 1979 1665 2015 donatz'on

658 2035 746 2079 faite
766 2033 790 2068 ἀ
807 2034 979 2081 l’ahhaye.
998 2055 1047 2061 —
1064 2034 1171 2069 ΜΕΝΖ.

872 2228 944 2252 1182.

188 2309 372 2346 Engelbertus
382 2308 416 2335 de
426 2307 610 2343 Grimbergis,
624 2307 828 2334 lindebi-andus
839 2307 874 2334 de
887 2308 935 2334 Get
944 2328 951 2341 7
964 2307 1014 2334 Dei
1027 2308 1115 2344 gratia
1128 2308 1241 2335 abbates
1252 2329 1258 2341 ‚
1276 2310 1403 2336 omnibus
1415 2310 1515 2337 Christi
1526 2311 1664 2339 fidelihus.

150 2357 249 2384 Notum
262 2356 297 2382 sit
307 2355 434 2382 omnibus
447 2360 502 2380 tam
518 2354 620 2381 suturis
633 2363 716 2390 quam
729 2354 921 2390 praesentibus
931 2375 938 2387 ‚
955 2354 1030 2390 quod
1041 2354 1195 2381 Willelmus
1206 2354 1240 2381 (le
1255 2355 1413 2383 Craienlaem
1426 2366 1488 2384 cum
1498 2367 1585 2385 uxore
1598 2368 1647 2386 sua
1659 2381 1665 2391 ‚

147 2403 383 2431 consentientibus
395 2402 528 2428 fratribus
538 2402 604 2434 suis,
615 2401 728 2428 Daniele
737 2407 766 2428 et
778 2402 905 2435 Reinero,
919 2407 1004 2437 atque
1014 2411 1109 2429 sorore
1120 2403 1243 2438 ipsorum
1254 2403 1430 2440 Hildegarde,
1444 2405 1568 2432 vendidit
1580 2411 1607 2432 et
1620 2407 1668 2433 de-

146 2450 188 2478 dit
200 2451 228 2477 in
239 2450 439 2484 eleemosynam
447 2448 577 2475 ecclesiae
586 2448 724 2475 Ninivensi
733 2448 868 2484 quidquid
877 2448 950 2483 juris
958 2448 1056 2475 habuit
1066 2449 1094 2475 in
1105 2448 1209 2476 decima
1218 2449 1292 2485 apud
1303 2450 1379 2477 Men:
1390 2456 1418 2477 et.
1432 2450 1533 2488 Ophem
1545 2458 1573 2479 et
1585 2453 1670 2480 Lend-

150 2498 208 2525 bose
225 2503 253 2525 et
271 2496 373 2524 Rotden
385 2517 392 2528 ‚
413 2501 523 2532 praeter
540 2495 672 2523 decimam
691 2496 725 2523 de
741 2496 850 2523 cultura
869 2496 955 2532 ipsius
969 2497 1043 2532 apud
1061 2497 1151 2529 Mem,
1169 2505 1241 2532 quae
1256 2496 1366 2524 cultura
1383 2500 1468 2525 trium
1486 2499 1531 2526 vel
1548 2505 1668 2536 quatuor
