2137 3131
480 392 550 427 606
820 390 994 425 CORI'US
1021 388 1354 423 CHRON‘ICORUM
1384 388 1646 423 FLANDRIAE.

530 501 692 534 Catienus
711 506 788 545 post
807 505 942 544 patrem
964 498 1157 543 imperium
1183 497 1298 543 primo
1322 497 1485 539 feliciter7
1511 509 1592 530 mox
1616 497 1820 531 commode.
1843 499 1887 532 ad
1908 499 1992 533 ulti-

483 572 579 592 mum
596 557 789 604 perniciose.
804 557 922 604 gessit.
944 556 1029 589 Nam
1046 556 1112 588 sub
1127 567 1180 588 eo.
1199 567 1288 601 penc
1303 554 1488 601 desperato
1505 555 1671 601 imperio.
1689 568 1885 602 purpuram
1900 558 1992 591 acci-

482 618 581 663 piunt
602 617 635 649 iu
656 615 763 648 Gallia
786 615 946 647 Tetricus
964 620 1124 655 senator.
1148 613 1278 646 Marius
1298 620 1332 646 et
1350 613 1589 656 Victorianus.
1611 620 1646 647 et
1664 614 1904 648 Posthumius.
1923 614 1992 655 Qui

481 688 542 722 per
560 688 578 708 x
603 686 712 707 annos
731 674 907 719 imperans
927 673 1123 718 provincias
1149 684 1238 718 pene
1258 673 1478 717 recuperavit
1499 678 1606 718 atque
1628 673 1676 706 ita
1698 673 1887 718 imperium
1907 685 1993 707 con-

481 740 657 768 servatum
683 739 751 766 cst.
775 733 808 765 in
830 731 1022 766 Occidente
1045 731 1190 777 quidem
1221 743 1282 776 per
1305 730 1574 774 Posthumium.
1596 731 1632 764 in
1654 731 1797 765 Oriente
1825 743 1906 765 vero
1932 743 1994 777 per

481 792 712 827 Odcnachum
731 791 759 833 ¹.
785 791 847 837 qui
875 797 1017 824 strenue
1038 790 1158 824 Persas
1182 789 1397 836 perdomuit.
1419 789 1583 823 Galienus
1601 801 1682 823 vero
1706 790 1741 823 in
1761 790 1851 824 bello
1871 796 1994 824 contra

482 851 658 885 Aurelium
676 849 863 883 Mediolani
879 848 1066 883 occiditur.

529 909 695 944 Claudius
711 910 879 955 imperat.
900 920 918 941 a
941 907 1120 942 Gordiano
1132 934 1139 946 .
1163 914 1201 940 ut
1224 913 1370 953 putatur
1382 934 1390 949 -,
1414 913 1509 940 satus
1522 934 1530 950 -,
1555 906 1643 941 dum
1659 906 1860 941 adolescens
1874 920 1893 941 a
1912 919 1994 941 mu-

481 971 562 1003 liere
577 975 713 1002 matura
728 967 971 1001 institueretur
985 966 1030 1000 ad
1044 978 1204 1000 uxorem.
1219 966 1281 999 Hic
1296 978 1438 999 auream
1454 972 1605 999 statuam
1621 966 1656 999 in
1672 966 1836 1011 capitolio
1850 967 1993 1008 meruit„

479 1028 561 1075 quia
572 1028 707 1069 Gottos7
725 1026 786 1072 qui
801 1038 841 1058 xv
856 1025 956 1059 annis
971 1025 1147 1058 Romanos
1163 1025 1381 1066 attriverant.
1399 1024 1577 1070 superavit
1591 1030 1623 1057 et
1638 1024 1683 1057 ab
1698 1024 1836 1069 Illyrico
1845 1024 1991 1070 expulit.

481 1087 542 1120 Hic
574 1085 698 1119 morbo
721 1085 851 1118 interiit
878 1083 973 1130 apud
999 1083 1187 1125 Sirmium.
1212 1083 1313 1127 cujus
1334 1082 1443 1115 frater
1465 1082 1657 1123 Quintilius
1681 1082 1747 1127 xvij
1776 1081 1832 1115 die
1856 1083 1993 1128 imperii

481 1152 557 1192 post
577 1158 658 1179 eura
683 1145 818 1178 occisus
840 1150 902 1177 est.
928 1142 1074 1177 Claudio
1093 1142 1260 1187 jubente.
1286 1141 1352 1187 xlvj
1377 1141 1483 1174 millia
1506 1147 1709 1174 sanctorum
1729 1140 1890 1175 decollati
1913 1148 1996 1175 sunt

480 1205 537 1250 viij
563 1204 630 1237 kal.
662 1201 891 1242 Novembris.
917 1201 1020 1234 simul
1047 1214 1065 1234 a
1088 1200 1253 1246 Dionysio
1277 1212 1366 1246 papa
1386 1199 1563 1245 baptizati.
1590 1199 1681 1232 Felix
1707 1211 1798 1245 papa
1826 1200 1994 1246 martyrio

481 1268 673 1297 coronatur
691 1261 726 1305 iij
746 1260 811 1293 kal.
829 1259 939 1293 Junii.
960 1259 1049 1292 Huic.
1071 1258 1264 1292 succedens
1279 1258 1481 1291 Euticianus
1503 1256 1659 1291 decrevit
1676 1263 1716 1290 ut
1734 1270 1821 1292 uvae
1842 1265 1877 1292 et
1895 1258 1995 1292 fabae

481 1329 515 1356 et
537 1333 627 1355 nova
649 1331 811 1367 quaeque
833 1330 939 1364 super
960 1318 1068 1351 altare
1094 1316 1340 1351 benedictione
1363 1315 1553 1350 sacerdotis
1575 1316 1771 1350 initientur.
1794 1316 1883 1350 Felix
1906 1329 1996 1364 papa

482 1381 563 1414 alibi
582 1380 650 1425 iiij.
673 1379 753 1412 alibi
772 1390 790 1410 v
809 1377 909 1411 annis
922 1404 929 1410 .
954 1377 1082 1424 legitur
1104 1376 1296 1422 praefuisse
1319 1375 1502 1416 ecclesiaeg
1526 1374 1621 1408 unde
1645 1387 1716 1409 non
1736 1375 1913 1410 immerito
1933 1389 1996 1410 nos

483 1445 617 1478 movet.
636 1435 817 1484 quomodo
831 1436 898 1469 sub
914 1434 1059 1469 Claudio
1073 1435 1134 1480 qui
1149 1433 1291 1467 duobus
1309 1440 1446 1467 tantum
1462 1434 1561 1467 annis
1579 1434 1750 1480 regnavit,
1770 1440 1805 1467 et
1819 1434 1853 1467 in
1868 1447 1995 1481 papam

482 1499 612 1532 electus
627 1496 731 1530 simul
750 1501 783 1528 et
798 1495 864 1528 sub
878 1493 1002 1527 eodem
1022 1493 1212 1527 defunctus
1226 1493 1374 1540 legatur.

534 1555 740 1589 Aurelianus
759 1552 945 1598 imperavit
958 1551 1058 1585 annis
1076 1563 1096 1583 v
1112 1563 1194 1584 cum
1213 1550 1379 1589 dimidio.
1398 1549 1495 1584 haud
1512 1549 1689 1583 dissimilis
1703 1562 1832 1598 magno
1847 1552 1996 1585 Alexan-

483 1614 548 1649 dro
570 1615 605 1647 in
627 1613 802 1659 probitate
823 1623 883 1644 seu
905 1610 1041 1644 Caesari
1068 1609 1232 1643 dictatori
1249 1636 1257 1651 e
1283 1608 1319 1642 id
1338 1615 1389 1642 est
1411 1609 1516 1642 Julio.
1544 1608 1669 1642 Occiso
1693 1608 1905 1652 Odenacho7
1934 1611 1996 1657 qui

483 1673 666 1707 Orientem
680 1671 838 1711 tenebat„
860 1681 1006 1702 uxorem
1026 1668 1101 1714 ejus
1120 1668 1210 1714 cepit
1227 1668 1438 1711 Zenobiam.
1457 1679 1612 1713 cumque
1626 1666 1820 1702 industriae
1839 1668 1999 1703 militaris

483 1729 803 1777 experientissimus
818 1734 924 1770 esset.
943 1727 1225 1761 Christianorum
1245 1727 1358 1760 factus
1376 1733 1598 1772 persecutor.
1620 1726 1784 1760 felicitate
1802 1726 1945 1762 decidit.

531 1786 779 1836 Augustoduni
800 1785 1082 1832 Symphorianhs
1104 1785 1300 1818 sacrificare
1325 1785 1448 1818 nolens
1466 1791 1545 1830 post
1567 1785 1713 1818 verbera
1734 1784 1927 1819 decollatus
1947 1794 2000 1821 est

483 1849 515 1894 xj
538 1847 603 1881 kal.
632 1845 858 1892 Septembris.
887 1843 990 1890 Apud
1010 1844 1221 1877 praenesten
1239 1844 1362 1877 beatus
1382 1844 1569 1891 Agapitus‚
1591 1850 1779 1890 postquam
1800 1843 1946 1892 flagellis
1963 1852 1999 1879 et

484 1907 556 1955 igni
576 1918 615 1939 ac
633 1904 752 1938 bestiis
772 1904 986 1949 praevaluit,
1012 1903 1160 1949 punitur
1178 1902 1308 1950 gladio.
1332 1903 1535 1936 Euticianus
1557 1915 1703 1949 quoque
1723 1915 1835 1949 papa⁷
1855 1904 1917 1950 qui
1940 1904 1997 1950 viij

484 1965 664 1999 mensibus
691 1963 855 1997 ecelesiae
887 1962 1040 2008 praefuit
1056 1989 1064 1995 .
1097 1962 1266 2007 martyrio
1294 1967 1497 1995 coronatur.
1530 1961 1738 1995 Aurelianus
1765 1961 1851 1995 dum
1878 1969 2001 1996 contra

484 2024 700 2058 Christianos
714 2022 880 2056 atrociter
898 2021 1005 2054 saevit
1019 2048 1026 2063 7
1048 2021 1183 2054 fulmen
1197 2027 1278 2053 ante
1293 2032 1374 2053 eum
1395 2032 1476 2054 cum
1493 2032 1622 2067 magno
1636 2032 1765 2066 pavore
1784 2019 1999 2054 adstantium

486 2083 574 2123 ruit,
595 2093 634 2115 ac
649 2093 719 2114 non
736 2086 815 2126 post
829 2079 940 2112 multo
956 2091 975 2112 a
989 2079 1161 2112 militibus
1179 2078 1316 2112 occisus
1329 2084 1393 2111 est.
1410 2077 1512 2112 Caius
1526 2090 1634 2124 papa.
1651 2078 1713 2124 qui
1728 2078 1759 2124 xj
1775 2078 1876 2112 annis
1893 2078 1995 2122 sedit,

485 2140 667 2175 constituit
683 2166 691 2181 .
712 2145 752 2172 ut
770 2137 887 2171 nullus
910 2143 1108 2183 martyrum
1127 2137 1200 2170 sine
1224 2135 1411 2170 dalmatica
1434 2143 1496 2169 aut
1522 2136 1662 2170 colobio
1679 2142 1877 2182 purpurato
1898 2149 2000 2183 sepe-

485 2201 619 2234 liretur.

534 2257 675 2291 Tacitus
690 2257 840 2302 imperat
854 2254 898 2300 vij
919 2254 1100 2288 mensibus
1112 2280 1121 2297 7
1137 2254 1190 2287 vir
1209 2253 1349 2301 egregie
1369 2259 1597 2286 memoratus.
1620 2251 1732 2285 Hicin
1750 2251 1907 2285 Romana
1923 2251 1998 2285 his-

485 2317 575 2350 toria
592 2315 687 2362 apud
708 2315 881 2348 Thai-sum
902 2313 1001 2347 febre
1020 2319 1183 2346 mortuus
1202 2312 1348 2360 legitur,
1373 2312 1409 2345 in
1434 2311 1609 2345 chronicis
1628 2322 1711 2344 vero
1729 2309 1825 2356 apud
1843 2310 1997 2344 Pontum

486 2387 632 2408 occisus.

528 2503 535 2520 ¹
558 2502 705 2537 Conjugem
719 2500 837 2527 famosae
850 2500 1000 2529 Zenobiae.
1018 2499 1243 2534 Palmyrenorum
1259 2500 1380 2535 reginae.

843 2549 863 2566 ς
