2137 3131
395 328 464 361 89-'0
1005 320 1294 355 APPENDICES.

1069 456 1219 490 CXCIX.

396 559 546 599 Amara,
565 558 677 603 (loyen
693 556 733 589 (le
752 555 840 597 Jlal,
860 561 893 588 et
909 553 1037 588 maitre
1056 553 1180 587 Sohier
1198 554 1238 587 cle
1257 553 1452 596 Meerbelte,
1472 554 1630 588 de‘ezklent
1647 568 1718 589 une
1734 562 1906 590 contesta-

441 620 509 650 le'on
525 618 692 649 ea'zlstanle
706 620 801 648 entre
819 613 975 659 l'tzblmye
993 619 1026 646 et
1042 612 1070 646 le
1091 615 1255 659 sezyneur
1271 613 1312 646 de
1331 612 1557 655 Lz'eflelcerlce,
1579 613 1819 648 relata-emeat
1831 628 1906 648 aum

440 675 548 708 dimes·
567 674 607 707 (le
631 673 770 707 Pmmele
789 678 821 705 et
837 685 886 705 av
905 671 1012 705 chrm!
1028 672 1069 704 de
1087 671 1121 704 la
1138 671 1288 717 chapelle
1307 671 1347 704 de
1366 671 1587 705 sz’dekerlce.
1605 673 1804 707 ——PAmzLe

1091 855 1147 878 Vers
1162 855 1232 878 1245.

427 939 579 971 Arnoldus,
599 939 718 964 decanus
739 938 772 963 dc
787 936 858 970 Hal,
880 941 907 963 et
926 937 1055 972 magister
1070 936 1191 973 Sygerus
1207 937 1241 962 de
1259 937 1417 969 Merbecca,
1437 938 1564 963 omnibus
1579 938 1630 965 hoc
1646 939 1779 974 scriptum
1793 939 1906 966 lecturis

388 987 512 1013 salutem.
530 986 627 1012 Notum
645 985 679 1011 sit
693 984 884 1019 praesentibus
902 988 929 1009 et
945 983 1046 1009 futuris
1056 1004 1062 1015 7
1077 983 1151 1018 quod
1168 993 1230 1010 cum
1245 983 1378 1019 quaedam
1393 984 1526 1011 dissensio
1540 985 1612 1011 inter
1622 985 1762 1012 ecclesiam
1777 986 1906 1013 Niniven-

387 1045 441 1061 sem
457 1040 483 1060 et
504 1033 668 1059 Willelmum
686 1032 720 1058 de
736 1032 893 1068 Ledeberga
904 1052 910 1064 ‚
926 1041 977 1067 pro
995 1031 1159 1066 quibusdam
1173 1031 1283 1057 decimis
1297 1032 1324 1057 in
1338 1032 1467 1067 parochia
1484 1032 1517 1058 de
1530 1032 1637 1059 Pamela
1653 1038 1680 1059 et
1692 1038 1774 1059 cantu
1785 1034 1906 1069 capellae

387 1092 450 1109 suae
470 1083 495 1107 in
512 1081 668 1117 Ledeberga
682 1080 776 1106 suisset
792 1085 884 1106 exorta
897 1100 903 1111 ,
920 1089 969 1105 nos
983 1079 1017 1105 ad
1037 1088 1129 1114 pacem
1148 1084 1176 1105 et
1190 1079 1381 1109 concordiam,
1400 1080 1452 1105 sub
1466 1079 1517 1105 hac
1531 1079 1618 1106 forma
1638 1086 1743 1115 partem
1759 1086 1906 1117 utramque

387 1130 551 1156 reduximus.
568 1128 720 1155 Willelmus
738 1137 844 1153 omnem
859 1136 973 1162 prorsus
987 1126 1118 1152 decimam
1133 1135 1204 1162 quae
1219 1126 1290 1152 infra
1304 1126 1404 1153 limites
1416 1127 1627 1153 decimationum
1640 1127 1786 1159 ecclesiae,
1805 1133 1859 1154 tam
1870 1128 1904 1155 de

387 1177 528 1203 novalibus
541 1186 622 1212 quam
635 1175 668 1202 de
685 1175 759 1201 culta
776 1179 850 1200 terra
867 1174 1039 1205 continetur,
1055 1174 1217 1209 recognovit
1229 1173 1473 1208 ecclesiaejustam
1487 1183 1546 1200 esse
1556 1175 1756 1210 possessiouem
1767 1196 1774 1207 ,
1791 1181 1819 1201 et
1831 1176 1858 1202 in
1872 1185 1903 1202 ea

386 1224 450 1250 nihil
464 1225 535 1258 juris
545 1223 645 1250 debere
660 1222 773 1248 habere.
785 1222 824 1248 De
838 1227 920 1248 cantu
933 1222 1013 1247 etiam
1028 1221 1066 1247 sic
1079 1221 1221 1247 diffinitum
1239 1226 1290 1247 est.
1303 1222 1324 1247 A
1338 1227 1420 1248 cantu
1433 1221 1554 1257 capellae
1567 1222 1601 1248 de
1615 1222 1776 1258 Ledeberga
1791 1223 1905 1250 ecclesia

384 1272 469 1298 libera
483 1271 533 1297 erit
546 1291 553 1303 ,
568 1275 595 1296 et
609 1280 658 1305 pro
670 1269 719 1295 hae
735 1269 987 1304 recompensatione
999 1268 1120 1294 altarein
1134 1268 1248 1295 ecclesia
1262 1268 1296 1294 de
1306 1268 1414 1295 Pamela
1423 1274 1486 1295 ante
1497 1278 1606 1295 crucem
1616 1269 1745 1302 habebit,
1762 1271 1806 1296 cui
1817 1271 1905 1306 capel-

385 1320 462 1345 lanus
470 1327 578 1353 semper
589 1317 740 1353 assignatus
753 1317 806 1343 erit
816 1321 843 1342 et
856 1326 947 1342 coram
960 1316 1012 1342 isto
1023 1316 1102 1342 altari
1113 1316 1171 1352 ipse
1184 1321 1211 1342 et
1223 1325 1291 1342 uxor
1303 1315 1363 1350 ejus
1377 1315 1547 1351 sepulturam
1559 1316 1610 1342 sibi
1624 1316 1769 1352 elegerunt
1780 1322 1807 1343 et
1820 1317 1905 1344 eccle-

385 1367 422 1392 sia
442 1367 480 1392 eis
499 1365 641 1391 concessit.
660 1364 720 1390 Jam
738 1364 827 1390 dictus
847 1363 1002 1390 W'illelmus
1023 1364 1123 1390 timens
1139 1362 1313 1389 maledictum
1331 1363 1400 1389 illud
1422 1373 1477 1399 quo
1495 1363 1556 1389 laici
1579 1363 1711 1390 decimam
1729 1365 1902 1400 possidentes

385 1414 560 1440 involvuntur
573 1434 580 1445 ‚
597 1418 624 1439 et
639 1412 731 1438 volens
746 1417 855 1438 cantum
869 1411 990 1447 capellae
1008 1412 1034 1437 in
1048 1411 1207 1447 Ledeberga
1220 1416 1356 1446 perpetuo
1370 1410 1516 1446 providere
1526 1432 1533 1443 ⁷
1549 1410 1624 1437 salvo
1634 1411 1700 1445 jure
1714 1410 1836 1444 totaliter
1850 1421 1904 1438 ma-

386 1462 459 1488 tricis
476 1461 604 1487 ecclesiae
614 1482 620 1493 7
638 1460 767 1486 decimam
785 1469 891 1486 omnem
906 1468 988 1495 quam
1001 1459 1028 1485 in
1048 1458 1178 1494 parochia
1192 1458 1226 1484 de
1243 1458 1350 1484 Pamela
1366 1464 1393 1484 et
1407 1457 1568 1494 Ledeberga
1581 1458 1757 1494 possederat,
1773 1458 1839 1485 mihi
1851 1458 1903 1486 Ar-

385 1509 466 1535 noldo
477 1530 483 1541 ‚
497 1508 599 1534 decano
610 1508 644 1534 de
655 1507 724 1541 Hal,
742 1507 907 1543 resignavit,
927 1511 954 1533 et
967 1516 1018 1543 ego
1035 1515 1168 1542 personae
1183 1505 1287 1532 scilicet
1297 1505 1389 1531 abbati
1404 1505 1542 1531 Ninivensi
1553 1526 1559 1537 ‚
1578 1505 1623 1531 tali
1638 1506 1809 1540 conditione,
1826 1507 1900 1543 quod

384 1557 466 1582 abbas
480 1561 582 1591 partem
595 1556 672 1581 istius
692 1555 811 1581 decimae
825 1555 857 1581 ad
874 1554 1122 1590 praesentationem
1141 1554 1243 1580 domini
1262 1553 1296 1579 de
1314 1553 1474 1589 Ledeberga
1487 1553 1586 1580 idoneo
1604 1553 1728 1580 conferet
1743 1554 1898 1583 sacerdoti.

384 1604 429 1639 qui
441 1603 502 1629 inde
515 1603 613 1629 clerico
625 1603 672 1638 qui
682 1603 782 1628 serviet
793 1602 853 1628 loco
867 1601 988 1628 custodis
1002 1606 1058 1628 tres
1070 1601 1173 1627 modios
1187 1600 1301 1637 siliginis
1315 1605 1341 1626 et
1357 1609 1441 1626 unum
1456 1599 1553 1626 hordei
1567 1605 1594 1626 et
1606 1610 1691 1626 unum
1706 1610 1808 1628 avenae
1819 1606 1902 1637 quot-

383 1651 459 1676 annis
478 1650 624 1686 impendet.
638 1650 783 1686 Reliquum
798 1659 864 1676 vero
883 1649 1003 1676 decimae
1018 1649 1121 1676 Jacobo
1135 1649 1191 1675 filio
1207 1647 1354 1684 saepedicti
1368 1647 1497 1674 Willelmi
1518 1648 1603 1674 abbas
1620 1648 1749 1681 donavit,
1767 1649 1792 1674 si
1809 1654 1900 1675 tamen

383 1698 497 1724 clericus
509 1699 706 1733 permanserit,
718 1698 740 1724 si
753 1707 819 1724 vero
831 1698 947 1724 clericus
957 1707 1011 1723 non
1020 1697 1202 1733 permanserit
1216 1718 1222 1729 ,
1235 1696 1320 1722 abbas
1331 1701 1358 1722 et
1368 1695 1495 1722 dominus
1507 1695 1540 1721 de
1553 1695 1712 1732 Ledeberga
1723 1696 1756 1722 ad
1767 1695 1899 1722 honorem

384 1746 431 1772 Dei
440 1751 467 1771 et
477 1745 604 1771 ecclesiae
617 1745 650 1771 de
661 1755 691 1771 ea
703 1745 870 1771 ordinabunt
881 1749 911 1770 ut
923 1745 949 1770 in
964 1745 1022 1780 ipsa
1035 1743 1139 1780 capella
1152 1743 1185 1770 de
1198 1753 1229 1770 ea
1241 1743 1388 1769 serviatur.
1401 1742 1436 1769 Ut
1448 1748 1539 1769 autem
1553 1742 1621 1769 haec
1633 1747 1691 1768 rata
1705 1748 1899 1778 permaneant,

383 1794 483 1828 scripto
498 1798 590 1819 nostro
606 1793 830 1829 cyrographisalo
843 1798 869 1819 et
887 1792 1020 1829 sigillato,
1039 1797 1066 1818 et
1086 1792 1166 1818 etiam
1185 1791 1291 1817 abbatis
1308 1790 1397 1827 sigillo
1419 1795 1446 1816 et
1461 1789 1578 1816 fratrum
1592 1789 1721 1817 ecclesiae
1736 1791 1816 1817 etiam
1831 1790 1901 1817 Wil-

382 1841 454 1867 lelmi
469 1851 548 1876 quam
563 1841 647 1876 ipsius
666 1841 794 1867 ecelesiae
809 1840 948 1867 hominum
961 1845 988 1867 et
1003 1840 1119 1866 aliorum
1137 1839 1260 1866 fidelium
1279 1839 1434 1865 testimonio
1453 1838 1684 1865 confirmavimus.
1699 1838 1813 1874 Signum
1826 1838 1904 1864 Wal-

384 1889 433 1914 teri
444 1909 451 1920 ‚
464 1888 579 1923 prioris3
595 1888 712 1914 Remacli
722 1909 729 1919 ‚
744 1888 914 1923 supprioris3
929 1887 1086 1919 Gilleberti‚
1102 1887 1267 1923 praepositi3
1282 1885 1397 1912 walteri
1407 1906 1413 1917 7
1429 1886 1572 1920 sacristae3
1586 1885 1732 1917 Johannis,
1749 1885 1900 1920 eellerarii3

383 1935 489 1961 Henrici
504 1940 530 1961 et
546 1935 670 1970 Symonis
681 1956 686 1965 ,
703 1935 874 1961 sacerdotum
887 1945 893 1969 3
916 1934 946 1961 S.
965 1934 1061 1970 Sygeri
1075 1934 1109 1960 de
1124 1933 1293 1968 Holebecca3
1311 1932 1411 1959 Rollini
1423 1931 1457 1958 de
1472 1931 1615 1962 Strithem,·
1630 1931 1732 1958 Nicolai
1745 1937 1772 1958 et
1785 1933 1901 1959 Walteri

385 1982 417 2007 de
435 1981 581 2018 Okenqem3
604 1982 632 2008 S.
649 1983 770 2018 magistri
787 1982 912 2008 Amelrici
927 1987 953 2008 et
967 1981 1081 2008 Gerardi
1092 2003 1098 2013 ,
1114 1982 1307 2007 canonicorum
1322 1980 1355 2006 de
1370 1979 1523 2006 Merbecca.

1445 2036 1569 2067 Original.
1582 2044 1667 2060 sceaux
1677 2037 1786 2060 de'truits.
