2137 3131
440 388 510 423 278
779 386 953 423 CORPUS
980 386 1311 421 CHROMCORUM
1340 387 1603 422 FLANDRIAE.

442 509 547 542 super
569 497 664 529 (licto
686 496 777 528 facto
799 494 935 528 diversa
956 495 1127 527 sentirent
1144 501 1177 528 et
1199 495 1438 528 decertarent.
1464 502 1581 529 tamen
1602 497 1699 542 pium
1723 503 1772 530 est
1792 497 1954 532 cr’edcre.

442 555 539 601 quod
568 556 601 588 iu
621 554 717 587 coelo
739 560 771 586 et
792 553 827 586 in
850 559 943 586 terra
965 553 1066 586 beata
1092 553 1204 587 Mater
1227 560 1259 587 ct
1286 554 1393 602 Virgo
1416 560 1540 600 potens
1562 561 1613 588 est
1630 555 1776 588 virtutes
1799 568 1959 590 exercere

442 621 473 647 et
498 614 759 647 demonstrare.
790 618 829 645 ut
855 612 937 645 boni
965 612 999 645 in
1029 612 1153 645 melius
1179 613 1365 658 proficiant
1392 620 1427 646 et
1450 613 1529 646 mali
1554 614 1759 659 resipiscant
1781 620 1888 660 atque
1914 615 1958 648 ad

441 674 574 706 bonum
594 678 826 704 revertantur.

493 733 590 764 ,limo
611 729 890 773 MCCCXLYIII„
910 737 1032 778 gentes
1054 731 1146 778 regis
1169 731 1351 773 franciae5
1373 731 1409 764 in
1433 730 1467 765 S.
1492 731 1672 765 Odomaro
1693 739 1727 765 et
1747 732 1843 778 apud
1862 732 1960 779 Ayre

442 791 642 832 existentes7
666 789 787 823 habito
808 789 971 823 consilio.
994 790 1175 823 exierunt.
1202 796 1235 823 et
1254 790 1457 823 nuntiatum
1480 797 1531 823 est
1554 791 1602 823 eis
1624 790 1723 837 quod
1743 790 1787 824 ad
1803 791 1960 839 passagia

441 860 567 896 magna
597 848 697 893 copia
727 854 801 881 erat
834 847 1109 895 flamingorum.
1141 847 1211 888 Qui
1238 847 1306 881 hoc
1332 846 1454 881 audito
1483 847 1663 882 redierunt
1703 848 1747 883 ad
1775 849 1872 883 villas
1898 849 1961 883 ubi

440 908 613 941 exierant.
637 913 669 939 et
685 905 741 939 die
760 906 905 939 Veneris
924 907 960 939 in
978 907 1110 940 octavis
1126 907 1402 952 Assumptionist
1421 907 1645 941 mariscalcus
1659 914 1691 941 et
1711 908 1767 941 alii
1787 908 1960 954 capitanei

441 965 619 999 informati
647 964 745 1011 quod
768 965 886 1010 plures
911 965 1108 1011 expiatores
1131 972 1229 999 erant
1256 966 1291 999 in
1314 966 1393 1000 villa
1412 966 1448 1000 S.
1474 966 1643 1000 Odomari
1670 979 1710 1000 ex
1734 974 1833 1013 parte
1859 968 1961 1001 Flan-

440 1025 621 1058 drensium
634 1051 642 1057 .
664 1024 824 1057 fecerunt
840 1024 981 1070 publice
995 1024 1040 1057 ad
1055 1024 1226 1058 cautelam
1243 1025 1451 1071 proclamari
1469 1038 1530 1071 per
1545 1025 1675 1071 plateas
1689 1032 1723 1059 et
1740 1026 1814 1060 loca
1833 1025 1877 1059 ad
1891 1026 1961 1060 hoc

440 1090 520 1129 apta
546 1095 587 1116 ex
611 1088 710 1128 parte
731 1081 867 1115 domini
891 1083 983 1129 regis
1006 1083 1190 1126 Franciae„
1221 1089 1256 1116 et
1278 1095 1319 1117 ex
1342 1090 1441 1129 parte
1465 1083 1695 1117 eorumdem.
1721 1084 1820 1130 quod
1843 1084 1961 1118 nullus

439 1142 658 1188 quicumque
677 1140 799 1173 fuisset
817 1140 890 1174 ille.
912 1141 1040 1174 nobilis
1063 1147 1125 1174 aut
1142 1141 1327 1189 ignobilis„
1354 1142 1561 1176 forefaceret
1581 1154 1688 1188 super
1707 1142 1904 1190 Flamingos
1927 1149 1962 1176 et

440 1201 533 1233 bona
546 1211 687 1242 corum5
710 1210 775 1232 nec
792 1199 840 1232 eis
858 1198 1029 1233 damnum
1050 1200 1180 1233 faceret
1193 1207 1253 1233 aut
1273 1212 1463 1248 gravamen
1482 1200 1626 1233 inferret
1646 1201 1713 1234 sub
1732 1201 1871 1247 capitali
1885 1213 1961 1235 sen-

440 1259 548 1292 tentia
567 1265 602 1291 et
620 1257 818 1303 perditione
837 1270 1028 1304 corporum
1053 1265 1122 1292 autu
1138 1259 1329 1292 bonorum.
1353 1259 1452 1300 Quae
1472 1260 1701 1305 proclamatio
1724 1260 1790 1293 fuit
1814 1260 1961 1294 Flamin—

439 1320 491 1366 gis
512 1317 690 1359 nuntiata3
712 1323 744 1350 et
764 1317 812 1350 sic
832 1316 1015 1350 credentes
1033 1329 1107 1350 esse.
1125 1318 1238 1350 securi
1258 1330 1277 1351 a
1297 1317 1467 1351 custodiis
1486 1318 1557 1351 suis
1576 1325 1808 1351 recesserunt.
1832 1318 1961 1352 Gentes

439 1384 556 1411 autem
583 1376 674 1423 regis
697 1376 733 1409 in
755 1387 898 1421 vespere
924 1376 1110 1409 consilium
1132 1376 1336 1410 habuerunt
1359 1383 1394 1410 et
1411 1389 1446 1410 se
1464 1376 1735 1410 ordinaverunt.
1759 1383 1793 1410 et
1810 1378 1860 1411 sic
1878 1378 1961 1411 sab·-

438 1437 521 1469 bato
540 1436 576 1468 in
595 1441 698 1468 nocte
717 1434 808 1468 beati
824 1434 1082 1468 Bartholomaei
1095 1461 1102 1468 .
1120 1441 1201 1468 ante
1220 1435 1307 1468 lucis
1326 1442 1446 1469 ortum
1464 1435 1625 1469 exierunt
1642 1434 1686 1468 de
1705 1435 1784 1468 villa
1802 1434 1836 1468 S.
1857 1435 1960 1470 Odo-

443 1495 528 1528 mari
549 1501 581 1527 et
601 1493 645 1527 de
664 1493 743 1526 villa
762 1492 806 1527 de
825 1492 940 1539 Ayre,
970 1500 1003 1527 et
1022 1494 1161 1527 iverunt
1182 1506 1302 1528 versus
1320 1494 1539 1537 Flanclriam5
1562 1501 1595 1527 et
1614 1506 1746 1540 paucos
1764 1501 1825 1527 aut.
1844 1495 1960 1529 nullos

440 1554 652 1599 reperientes
668 1553 881 1586 transierunt
892 1579 899 1585 .
918 1559 953 1586 et
967 1553 1055 1586 nihil
1065 1553 1232 1587 facientes
1242 1553 1345 1587 alicui
1359 1581 1366 1586 .
1384 1553 1633 1599 equitaverunt
1645 1559 1679 1586 et
1693 1553 1833 1586 iverunt
1846 1565 1961 1599 usque

439 1611 482 1646 ad
502 1611 656 1657 spatium
674 1611 834 1656 quinque
852 1610 1032 1644 leucarum
1053 1611 1107 1644 vel
1130 1611 1269 1645 circiter
1281 1638 1288 1644 .
1324 1611 1384 1644 ubi
1405 1611 1617 1644 invenerunt
1635 1622 1801 1658 magnam
1821 1611 1960 1656 copiam

438 1671 629 1704 bestiarum
647 1676 680 1703 et
700 1670 877 1703 bonorum
893 1668 937 1702 de
953 1669 1224 1703 Flandrensibus
1237 1696 1245 1712 .„
1267 1676 1301 1702 et
1315 1669 1475 1702 fecerunt
1492 1676 1562 1702 tres
1577 1675 1711 1702 turmas
1723 1675 1956 1703 armatorum.

439 1729 482 1762 de
508 1729 638 1775 quihus
656 1740 727 1762 una
746 1727 1000 1774 praecedebati,
1021 1741 1129 1775 quam
1148 1729 1364 1775 sequebatur
1381 1728 1511 1774 praeda
1524 1756 1532 1771 ·,
1560 1735 1595 1762 et
1611 1727 1767 1762 secunda
1790 1728 1959 1774 praedam

439 1786 672 1821 custodiendo
686 1787 915 1833 sequebatur7
930 1787 1033 1821 tertia
1045 1794 1163 1821 autem
1178 1793 1297 1821 turma
1311 1787 1425 1833 major
1433 1787 1595 1820 aliarum.
1613 1786 1711 1827 Quos
1721 1787 1956 1832 reperiebant,

439 1847 622 1892 capiebant
644 1852 676 1879 et
699 1846 775 1879 illos
794 1845 1004 1880 occidebant
1026 1846 1087 1892 qui
1111 1858 1146 1879 se
1164 1845 1355 1880 defendere
1374 1846 1596 1889 nitebantur„
1620 1852 1654 1879 et
1677 1845 1795 1891 plures
1813 1845 1910 1879 villas
1925 1852 1960 1880 et

439 1904 640 1938 molendina
667 1904 964 1947 combiisse1‘11n17
994 1911 1027 1938 et
1060 1905 1247 1953 Flamingis
1272 1916 1400 1952 magna
1428 1903 1557 1938 damna
1586 1903 1719 1938 ibidem
1746 1904 1955 1938 intulerunt.

440 1963 578 1996 Reversi
599 1969 682 1996 sunt
700 1969 819 1996 autem
837 1975 920 1996 cum
940 1975 1070 2011 magno
1088 1963 1186 1997 lucro
1204 1969 1239 1996 et
1257 1962 1386 2009 praeda
1405 1963 1557 1996 maxima
1579 1962 1772 1996 bestiarum
1790 1969 1826 1996 et
1842 1963 1961 1997 subito

439 2028 597 2055 montem
621 2020 854 2054 Casletensem
880 2022 1115 2065 transierunt7
1143 2034 1208 2055 nec
1231 2022 1356 2067 aliquis
1379 2021 1446 2054 fuit
1469 2021 1518 2054 eis
1536 2021 1675 2055 obviam
1695 2027 1758 2054 aut
1774 2021 1894 2055 intulit
1910 2022 1959 2055 eis

439 2080 592 2126 aliquam
611 2079 824 2122 molestiam7
847 2086 881 2113 et
899 2079 1096 2128 gaudenter
1114 2080 1150 2113 in
1165 2079 1268 2113 dictis
1286 2080 1373 2113 villis
1392 2086 1475 2113 sunt
1492 2079 1636 2125 recepti.

487 2137 619 2171 Eodem
634 2144 807 2183 tempore„
825 2137 1052 2172 Flandrenses
1071 2137 1295 2172 concorditer
1313 2137 1505 2171 duodecim
1520 2149 1688 2184 personas
1703 2138 1903 2186 elegerunt,
1924 2145 1960 2172 et

438 2209 495 2230 eos
527 2196 572 2230 ad
605 2209 725 2244 regem
757 2197 901 2244 Angliae
928 2198 1200 2232 transmiserunt
1213 2224 1221 2240 ,Δ
1250 2203 1291 2230 ut
1319 2197 1449 2230 scirent
1476 2198 1551 2243 ejus
1581 2197 1799 2230 voluntatem
1811 2223 1820 2240 7
1854 2197 1958 2243 quale

438 2255 606 2288 auxilium
626 2255 674 2289 eis
699 2255 813 2289 facere
837 2255 1055 2290 intendebat.
1077 2256 1265 2289 Venientes
1290 2262 1409 2289 autem
1434 2254 1479 2289 ad
1502 2255 1639 2289 dictum
1660 2268 1801 2303 regem,
1826 2256 1958 2302 recepti

439 2320 518 2346 sunt
538 2320 576 2347 ut
595 2312 759 2356 decemp
776 2312 978 2361 auditisque
991 2314 1308 2361 supplicationibus
1323 2313 1531 2348 eorumdem
1542 2341 1551 2349 .
1572 2314 1621 2347 sic
1638 2313 1838 2359 respondit,
1858 2312 1958 2360 quod

439 2378 579 2417 paratus
605 2378 679 2404 erat
703 2372 751 2405 eis
777 2373 947 2406 auxilium
974 2373 1201 2419 impendere,
1230 2373 1322 2407 sicut
1349 2373 1380 2406 ei
1406 2373 1443 2406 in
1469 2372 1540 2406 suis
1561 2372 1668 2420 gestis
1693 2370 1954 2417 impenderant.

438 2430 561 2464 Nuntii
589 2437 708 2464 autem
726 2431 795 2465 hoc
818 2431 941 2465 audito
959 2432 1172 2480 gaudentes7
1198 2432 1375 2466 licentiam
1396 2432 1595 2478 petierunt.
1617 2443 1676 2464 rex
1700 2436 1818 2464 autem
1836 2429 1958 2464 videns

438 2501 495 2523 eos
510 2488 734 2523 laetari.(lixit
747 2490 795 2524 eis
809 2504 815 2523 :
838 2490 1059 2530 «Quomodo
1075 2491 1257 2526 intenditis
1271 2491 1536 2537 responsionem
1551 2489 1731 2524 nostram?
1744 2505 1762 2522 »
1781 2489 1852 2531 Qui
1865 2488 1959 2523 djxe-
