2137 3131
481 363 550 399 3:50
822 363 860 395 C(
868 360 996 395 »tipus
1026 359 1082 393 CH
1089 358 1357 393 RONICORUM
1386 358 1495 392 FLAN
1503 358 1648 392 DRIAE.

483 473 703 510 [etiem-uni.
732 468 894 515 sangnini
920 466 1059 500 Domini
1084 465 1193 498 nostri
1216 464 1297 498 Jesu
1323 463 1470 506 Christi3
1500 464 1620 498 dicens
1647 465 1750 498 etiam
1775 466 1890 511 quod.
1915 473 1993 513 post

481 531 701 565 emissionem
726 526 905 573 sanguinis
927 524 1114 558 Salxatoris
1133 523 1262 565 nostri‚
1287 536 1357 556 non
1386 524 1499 557 fuerat
1526 530 1596 557 tam
1622 524 1748 557 nobilis
1770 524 1894 558 effusio
1912 538 1993 559 san-

481 589 615 637 guinis.
638 587 725 619 sicut
742 591 813 618 crat
831 584 970 617 illorum
985 595 1092 628 quam
1109 594 1144 615 se
1159 581 1378 615 verberando
1393 581 1614 615 en'iittebant.
1633 582 1814 628 Multaque
1833 583 1898 616 alia
1914 595 1994 629 pro-

482 647 595 694 posuit
612 656 766 679 errorem
785 642 979 690 tangentia,
997 648 1032 675 et
1048 640 1117 674 hoc
1131 640 1346 686 scripserunt
1361 640 1468 687 aliqui
1482 641 1543 687 qui
1560 647 1758 686 praesentes
1771 641 1989 675 assistebant.

480 706 659 750 finitaque
686 701 964 748 praedicatione.
993 700 1125 746 placuit
1150 699 1396 733 communitati
1422 700 1514 733 ultra
1540 699 1708 743 modum„
1740 706 1774 733 et
1800 707 1994 746 coeperunt

480 776 568 809 pene
594 774 715 795 omncs
741 766 863 793 contra
891 758 1032 792 ordines
1060 757 1358 800 mendicantium,
1386 763 1421 790 et
1448 758 1554 791 etiam
1579 770 1685 803 supra
1712 764 1826 792 totum
1860 758 1993 792 clerum

482 834 599 856 murm
604 833 625 854 u
630 833 665 854 ra
670 832 717 853 rc.

531 881 689 913 Decanus
707 885 825 912 autem
844 884 879 911 et
899 876 1092 923 capitulum
1111 876 1192 922 qui7
1214 875 1296 910 sede
1314 882 1474 917 vacante.
1495 882 1595 909 erant
1618 875 1786 909 ordinarii
1799 903 1807 919 ·.
1828 888 1997 910 convoca-

482 945 605 972 verunt
634 937 677 971 de
706 937 875 984 religiosis
901 935 1202 977 mendicantibus‚
1238 941 1272 969 et
1301 934 1345 968 de
1373 935 1494 980 peritis
1524 935 1707 980 pluribus.
1738 947 1820 969 cum
1844 935 1911 968 illis
1932 935 1994 982 qui

482 997 693 1042 scripserant
711 996 816 1029 verba
836 994 921 1028 dicti
940 993 1210 1040 praedicatorisff
1228 1000 1263 1027 et
1281 1005 1363 1027 cum
1383 993 1503 1026 multis
1519 993 1593 1026 aliis
1614 994 1771 1039 personis
1785 993 1944 1027 discretis
1962 1000 1998 1028 et

483 1054 708 1097 venerandis.
726 1054 964 1087 examinantes
983 1065 1041 1086 eos
1059 1065 1165 1098 super
1185 1052 1372 1098 propositis
1391 1058 1425 1085 et
1443 1051 1545 1085 dictis
1564 1052 1599 1085 in
1618 1051 1878 1097 praedicatione
1896 1058 1997 1086 ante·-

483 1114 575 1147 dicta
594 1126 612 1147 a
632 1113 727 1147 dicto
747 1113 872 1155 fratre.
894 1119 929 1145 et
946 1124 1052 1157 super
1071 1111 1139 1145 hoc
1158 1110 1442 1144 deliberaverunt
1466 1116 1501 1143 et
1518 1110 1679 1144 fecerunt
1699 1110 1880 1156 publicare
1898 1109 1997 1157 quod

481 1179 576 1206 totus
591 1172 704 1205 clerus
723 1178 757 1204 et
771 1170 921 1218 religiosi
941 1182 1064 1204 omnes
1082 1176 1117 1203 ct
1130 1169 1283 1215 populus
1297 1168 1556 1214 processionem
1578 1167 1739 1202 faciendo
1753 1168 1994 1211 convenirent,

483 1231 587 1265 nudis
604 1230 771 1277 pedibus.
793 1230 866 1263 sine
886 1229 1055 1270 camisiis,
1077 1228 1133 1261 die
1152 1228 1272 1262 Martis
1292 1227 1453 1273 proximo
1471 1227 1641 1261 venientis
1654 1255 1661 1260 .
1683 1234 1718 1261 et
1736 1228 1835 1261 fieret
1853 1239 1997 1274 proces-

483 1291 533 1323 sio
551 1291 586 1323 in
602 1289 811 1335 parrochiali
831 1288 975 1322 ecclesia
994 1288 1032 1321 B.
1050 1287 1278 1329 Catharinae2
1296 1300 1315 1320 a
1330 1299 1402 1333 quo
1422 1286 1498 1320 loco
1513 1285 1670 1320 redirent
1687 1287 1723 1320 in
1744 1288 1996 1322 monasterium

483 1349 517 1382 S.
545 1348 702 1382 Martini.
726 1348 845 1393 ibique
868 1346 1132 1393 praedicaretur
1152 1345 1300 1379 verbum
1320 1345 1393 1378 Dei.
1417 1344 1457 1378 In
1476 1357 1546 1390 qua
1574 1346 1795 1390 processione
1816 1352 1996 1392 portatum

484 1408 551 1441 fuit
567 1420 586 1441 a
600 1406 745 1440 (101111110
756 1406 907 1448 decano7
925 1418 1006 1439 cum
1022 1417 1094 1438 uno
1108 1405 1176 1438 alio
1193 1404 1363 1438 canonico
1378 1402 1575 1445 sacerdote.
1593 1404 1866 1438 sacratissimum
1880 1417 1996 1439 sacra-

485 1472 645 1499 mentum
664 1464 821 1510 corporis
835 1462 969 1497 domini
990 1463 1100 1497 nostri
1114 1463 1195 1496 Jesu
1210 1461 1351 1496 Christi.
1374 1460 1694 1508 Conveneruntque
1712 1474 1834 1496 omnes
1846 1463 1883 1496 in
1901 1462 1997 1498 dicto

486 1525 719 1565 monasterio3
747 1536 818 1557 non
850 1530 967 1556 tamen
993 1523 1061 1555 fuit
1084 1529 1180 1555 tanta
1211 1521 1301 1554 sicut
1332 1520 1447 1554 fuerat
1476 1520 1513 1553 in
1544 1520 1727 1554 Dominica
1757 1521 1994 1567 praecedenti.

486 1584 603 1617 Frater
621 1589 739 1616 autem
758 1581 949 1623 Robertus.
979 1579 1023 1614 de
1043 1579 1167 1613 ordine
1185 1579 1295 1612 sancti
1319 1578 1505 1625 Augustini
1519 1604 1527 1620 τ,
1556 1578 1704 1612 verbum
1727 1579 1788 1612 Dei
1814 1579 1998 1626 praedica-

485 1643 533 1675 vit
547 1669 553 1685 z
576 1647 755 1686 assumpta
774 1639 916 1672 materia
932 1638 976 1672 de
990 1637 1099 1672 surdo
1114 1644 1148 1671 et
1162 1643 1262 1671 muto
1276 1642 1396 1670 sanato
1411 1648 1429 1669 a
1444 1635 1589 1669 domino
1608 1643 1729 1670 nostro
1743 1637 1762 1670 J
1765 1649 1826 1671 esu
1843 1637 1995 1682 Christo,

486 1707 520 1733 et
546 1699 801 1747 elegantissime
828 1705 862 1731 et
887 1697 1111 1732 solertissime
1139 1696 1319 1742 exposuit,
1348 1695 1494 1728 virtutes
1518 1694 1695 1729 laudando
1717 1702 1752 1729 et
1772 1696 1855 1730 vitia
1873 1709 1998 1743 repro-

486 1759 616 1793 bando.
648 1759 687 1791 ln
707 1759 776 1791 fine
801 1764 919 1791 autem
945 1757 1116 1790 sermonis
1141 1754 1303 1789 faciendo
1329 1753 1654 1788 commendationes
1680 1761 1715 1788 et
1735 1755 1930 1800 orationes³
1958 1763 2000 1790 ut

487 1818 594 1852 moris
618 1824 689 1859 est7
712 1817 827 1850 omisit
848 1828 912 1861 pro
932 1814 1137 1861 hujusmodi
1156 1813 1420 1860 poenitentibus
1446 1825 1610 1855 exorareg
1637 1820 1758 1859 postea
1783 1814 1872 1848 dixit
1893 1827 1899 1847 :
1930 1828 1948 1846 c<
1967 1814 1998 1849 Ο

485 1877 598 1910 bonae
621 1882 760 1923 gentes.
786 1875 1012 1908 commissum
1036 1880 1085 1907 est
1108 1873 1195 1906 mihi
1215 1873 1313 1907 vobis
1333 1872 1450 1906 dicere
1471 1871 1515 1906 de
1532 1872 1657 1916 fratre,
1681 1873 1743 1919 qui
1762 1873 1796 1906 in
1815 1873 1998 1908 Dominica

487 1934 710 1980 praecedenti
729 1935 766 1968 in
785 1934 853 1968 hoc
879 1934 955 1967 loco
975 1932 1209 1979 praedicavit.
1232 1932 1329 1979 quod
1349 1933 1422 1978 ipse
1444 1931 1531 1965 dixit
1549 1932 1654 1966 verba
1672 1931 1780 1966 fidem
1798 1933 1995 1981 tangentia,

487 1993 717 2040 exprimendo
738 1994 875 2039 aliqua„
899 2000 933 2026 et
952 1993 1043 2026 inter
1061 1998 1197 2026 caetera
1217 1991 1260 2025 de
1280 1992 1541 2038 comparatione
1563 1991 1743 2039 sanguinis
1761 1991 1897 2025 domini
1915 2003 1999 2026 nos-

488 2053 532 2086 tri
549 2053 631 2086 Jesu
650 2052 779 2086 Christi
798 2058 832 2085 et
853 2051 992 2085 illorum
1014 2051 1202 2084 hominum
1224 2051 1286 2097 qui
1303 2063 1339 2084 se
1361 2050 1637 2084 verberabant...
1654 2065 1672 2082 »
1691 2050 1732 2083 Et
1750 2050 1785 2083 in
1804 2051 1999 2084 continenti

487 2118 676 2157 antequam
697 2116 812 2157 posset
833 2109 934 2142 finire
952 2110 1059 2143 rerba
1078 2121 1157 2152 sua.
1184 2109 1292 2155 aliqui
1313 2115 1436 2143 contra
1457 2108 1629 2142 rationem
1651 2115 1686 2142 et
1705 2108 1999 2142 consuetudinem

488 2176 713 2204 surrexerunt
731 2170 919 2203 clamantes
933 2181 939 2201 :
966 2183 982 2198 «
998 2168 1143 2202 Domine
1156 2195 1164 2211 ·,
1181 2180 1242 2202 vos
1252 2167 1341 2201 male
1351 2168 1431 2201 estis
1443 2167 1653 2201 informatus
1665 2194 1673 2209 3
1690 2167 1773 2213 quia
1781 2167 1888 2200 frater
1897 2179 2000 2213 prae-

488 2229 608 2263 dicans
623 2229 703 2262 talia
714 2241 784 2261 non
794 2228 893 2261 dixit.
912 2243 929 2259 >1
947 2227 987 2260 Et
996 2227 1111 2260 statim
1127 2239 1249 2260 omnes
1264 2227 1328 2260 viri
1343 2233 1376 2260 et
1392 2226 1556 2260 mulieres
1570 2231 1763 2272 coeperunt
1777 2237 1999 2259 murmurare

489 2294 520 2320 et
541 2288 708 2326 clamare„
730 2293 764 2320 et
782 2293 907 2320 mutuo
925 2285 1041 2319 dicere
1065 2284 1164 2332 quod
1183 2285 1290 2319 frater
1310 2284 1516 2331 praedicans
1535 2285 1618 2318 talia
1634 2284 1740 2318 verba
1758 2296 1832 2318 non
1848 2283 1995 2318 dixerat.

489 2345 658 2391 Imposito
682 2352 799 2378 autem
824 2357 906 2378 cum
931 2356 1058 2392 magna
1081 2343 1285 2377 difficultate
1310 2344 1466 2387 silentio,
1487 2342 1646 2389 dixitque
1669 2343 1777 2376 frater
1802 2342 1996 2386 Rohertus‚

490 2404 607 2437 volens
627 2404 809 2449 pacificare
832 2403 1004 2449 populum
1028 2415 1034 2435 :
1061 2417 1078 2432 α
1097 2402 1170 2450 Ego
1189 2402 1259 2436 dixi
1284 2403 1381 2436 vobis
1400 2401 1498 2448 quod
1520 2401 1606 2434 mihi
1631 2401 1858 2434 commissum
1874 2407 1943 2444 est,
1965 2407 2000 2434 et

490 2474 530 2495 ex
548 2474 620 2508 quo
641 2462 766 2495 tenetis
789 2461 1006 2495 contrarium
1024 2461 1160 2494 bonum
1183 2467 1255 2503 est.
1282 2473 1345 2494 nec
1367 2460 1548 2507 displiceat
1566 2459 1663 2494 vobis
1681 2459 1878 2493 observatio
1895 2458 1996 2503 fidei,
