2137 3131
367 360 435 393 980
970 350 1256 386 APPENDICES.

368 467 515 493 solidorum
527 463 663 491 annuatim
679 467 706 487 et
721 460 902 486 haereditarie
917 460 942 484 in
957 458 1030 484 dicto
1046 457 1162 483 termino
1178 455 1303 491 praefato
1319 458 1466 483 conventui
1483 456 1645 483 faciendam.
1667 457 1753 492 Quam
1768 457 1886 484 eleemo-

368 523 458 547 synam
477 511 622 547 praefatam
635 517 684 543 ego
696 507 847 537 Johannes,
861 505 987 531 dominus
997 504 1030 530 de
1042 503 1149 529 Pameta
1163 502 1320 538 praedictus
1330 524 1337 535 ,
1354 504 1406 529 rite
1421 512 1452 529 ac
1467 503 1588 539 legitime
1605 502 1658 529 seci
1674 503 1748 529 dieto
1767 512 1886 530 conven—

369 561 422 588 tui,
441 557 566 584 adhibitis
580 564 649 590 quae
670 555 695 579 in
718 553 817 579 talibus
837 551 926 578 solent
947 560 977 576 ac
997 550 1099 576 debent
1119 549 1255 575 adhiberi.
1280 550 1375 576 Testes
1395 549 1480 576 frater
1497 550 1595 577 Petrus
1608 550 1642 576 de
1661 550 1881 583 Geraldimonte‚

368 606 525 641 presbyter,
541 607 632 627 noster
643 605 770 633 curatus;
784 598 939 624 Bet-nardus
951 597 985 622 de
999 596 1115 622 Pamella
1126 617 1132 627 ⁷
1146 596 1232 622 frater
1241 605 1334 630 meus3
1349 597 1413 622 item
1427 596 1585 623 Bernardus
1598 617 1605 629 ,
1618 601 1728 630 custos3
1746 596 1887 623 Arnoldus

371 652 477 687 Hymni,
495 648 659 679 Wiilelmus⁷
678 646 749 672 fitius
767 651 794 671 et
811 644 957 680 Soymanni
974 643 1007 669 de
1023 643 1130 675 Poelke,
1146 642 1302 675 Johannes,
1319 643 1392 669 fitius
1408 643 1528 674 Peroue;
1543 643 1683 670 walterus
1695 664 1702 677 ‚
1719 644 1810 670 dictus
1825 643 1886 670 Car-

367 698 452 726 nit'cx.
471 701 497 721 et
517 695 561 721 alii
579 694 681 729 piures.
701 693 730 718 In
748 692 826 726 cujus
846 692 927 717 etiam
946 691 985 717 rei
1007 690 1193 716 testimonium
1206 690 1324 725 sigilium
1345 699 1434 716 meum
1452 699 1507 716 una
1526 699 1588 716 cum
1606 691 1695 726 sigilio
1711 691 1777 717 dicti
1797 692 1888 717 curati

366 744 448 769 nostri
464 741 652 777 praesentibus
665 739 763 766 litteris
778 744 819 765 est
834 747 996 774 appensum.
1013 737 1110 763 Actum
1127 736 1201 772 apud
1220 736 1377 769 Pametlam‚
1393 746 1465 763 anno
1480 736 1588 763 Domini
1603 737 1754 764 MCCXCIX
1766 759 1772 770 ‚
1794 747 1886 764 mense

366 789 503 815 Januario.

1289 830 1397 862 Original
1406 849 1412 860 ,
1423 838 1509 855 sceaux
1519 838 1548 855 en
1558 831 1605 856 cire
1617 831 1693 855 brune
1702 831 1883 862 endommages.

1077 901 1144 913 ΙΙ

1034 1079 1194 1114 CCXCVI
1204 1106 1209 1111 .

365 1179 591 1213 L‘amm'Jean
604 1184 635 1211 ec
652 1183 725 1211 tone
742 1178 769 1211 le
789 1182 936 1210 convent
950 1176 991 1209 (le
1010 1175 1148 1210 Νίηουθ
1169 1177 1432 1208 reconnaissent
1444 1175 1550 1220 qu’z'ls
1570 1176 1709 1209 doivent
1729 1174 1752 1209 ἀ
1775 1176 1888 1210 l'ahhe'

412 1238 450 1270 sle
471 1235 658 1270 Suffldrien
680 1235 720 1268 de
744 1234 960 1269 Gra'mmont
977 1246 1047 1268 une
1068 1238 1166 1267 fre-nte
1186 1232 1350 1266 aomuelle
1375 1233 1415 1266 de
1435 1239 1546 1267 trente
1566 1233 1630 1267 sols
1648 1236 1819 1268 towrnoz's.
1838 1255 1885 1260 —

414 1297 562 1328 Arruns
582 1306 739 1327 nivssflsns.

1088 1447 1160 1470 1511,

401 1534 407 1557 t
425 1532 536 1557 niversis
549 1536 704 1565 praesentes
716 1530 821 1555 litteras
836 1530 1001 1564 inspecturis
1014 1550 1021 1561 ‚
1036 1529 1193 1562 Johannes,
1212 1529 1261 1555 Dei
1276 1530 1365 1565 gratia
1378 1529 1463 1555 abbas
1482 1530 1640 1555 monasterii
1653 1529 1807 1556 Ninivensis
1820 1551 1826 1563 ‚
1841 1539 1886 1556 or-

361 1581 429 1604 alinis
441 1577 714 1603 l’rfflrmonstmtensis
724 1597 730 1608 ‚
745 1576 947 1602 Cameracensis
964 1576 1097 1602 dioecesis
1109 1597 1115 1608 ‚
1131 1576 1272 1611 totiusque
1286 1576 1350 1601 dicti
1364 1576 1414 1601 loci
1429 1580 1581 1602 conventus
1599 1576 1714 1602 salutem
1730 1581 1758 1602 et
1772 1577 1813 1603 rei
1825 1586 1887 1613 ges-

363 1632 403 1651 tae
427 1633 537 1650 noscere
560 1624 713 1649 veritatem.
740 1623 829 1658 Quum
854 1632 868 1648 a
889 1623 1019 1648 memoria
1042 1622 1182 1648 hominum
1200 1623 1253 1648 cito
1274 1622 1394 1648 elabitur
1414 1622 1488 1658 quod
1512 1623 1712 1657 scripturarum
1741 1623 1813 1650 serie
1838 1629 1887 1650 aut:

361 1671 559 1705 subscriptione
578 1671 687 1696 testium
704 1680 757 1696 non
774 1670 888 1696 fulcitur
899 1691 905 1701 ‚
922 1670 1010 1695 sciant
1021 1670 1106 1705 igitur
1116 1670 1239 1696 universi
1250 1690 1256 1701 ,
1270 1675 1323 1695 tam
1340 1675 1500 1705 praesentes
1513 1679 1594 1705 quam
1615 1671 1734 1705 posteri,
1747 1671 1822 1706 quod
1837 1681 1887 1698 nos

361 1725 500 1749 tenemur,
517 1725 543 1745 et
561 1717 706 1745 efficaciter
725 1727 819 1743 sumus
835 1717 949 1753 obligati
967 1726 997 1742 ac
1016 1726 1065 1742 nos
1085 1718 1173 1742 teneri
1192 1717 1415 1752 recognoscimus
1435 1717 1593 1743 venerando
1614 1717 1640 1743 in
1663 1717 1771 1743 Christo
1790 1719 1860 1752 patri
1878 1739 1884 1749 ‚

360 1767 467 1792 ‹lomino
482 1767 571 1792 abbati
587 1765 742 1791 monasterii
757 1764 784 1790 S.
804 1764 916 1789 Adriani
936 1763 1197 1789 Geraldimontensis
1208 1784 1215 1795 ‚
1234 1763 1338 1789 ordinis
1351 1763 1437 1789 sancti
1454 1763 1611 1795 Benedicti,
1627 1763 1717 1790 dictae
1738 1764 1885 1796 dioecesis,

360 1823 405 1838 seu
416 1814 464 1848 ipsi
473 1813 637 1838 monasterio
647 1813 673 1837 in
683 1812 794 1846 triginta
804 1811 905 1837 solidos
916 1810 1081 1845 parisienses
1091 1810 1233 1846 nigrorum
1248 1810 1324 1835 sortis
1333 1815 1359 1835 et
1372 1810 1502 1845 antiquae
1514 1815 1638 1836 monetae
1656 1810 1682 1835 in
1697 1811 1799 1846 grossis
1814 1815 1888 1837 turo-

362 1860 490 1885 nensibus
499 1860 532 1885 de
543 1864 649 1884 moneta
659 1859 734 1893 regia
744 1857 873 1883 Franciae
881 1857 994 1891 antiqua
1003 1877 1010 1889 a
1020 1861 1069 1882 eta
1079 1865 1129 1882 suo
1142 1856 1264 1891 legitimo
1279 1856 1400 1891 pondere
1414 1865 1468 1882 non
1485 1855 1610 1882 Fraudata
1619 1876 1626 1888 ‚
1642 1856 1767 1891 quoiibet
1790 1867 1886 1893 grosso

360 1912 505 1931 turonense
516 1906 653 1940 praedicto
664 1914 713 1939 pru
723 1905 816 1930 decem
825 1904 944 1929 denariis
955 1908 982 1929 et
992 1903 1073 1929 obolo
1085 1903 1234 1938 parisiense
1245 1903 1450 1938 praedictorum
1459 1903 1602 1928 aestimato
1611 1924 1617 1935 ‚
1629 1903 1712 1928 annui
1722 1908 1748 1929 et
1758 1897 1889 1939 perpetui

361 1952 482 1978 redditus
498 1951 635 1987 praedicto
650 1951 760 1976 domino
777 1950 869 1976 abbati
882 1955 929 1975 aut
947 1950 1111 1975 monasterio
1124 1949 1181 1983 jam
1195 1949 1268 1975 dicto
1281 1959 1295 1975 a
1310 1949 1389 1975 nobis
1407 1954 1434 1975 et
1446 1950 1548 1975 nostris
1560 1950 1766 1975 successoribus
1780 1950 1807 1976 in
1823 1960 1886 1985 per-

360 2004 471 2033 petuum
486 1998 519 2023 ad
538 1998 626 2023 natale
640 1997 747 2023 Domini
762 1997 840 2022 annis
854 1996 968 2031 singuiis
983 1995 1171 2031 persolvendis
1182 2017 1188 2026 ,
1208 2005 1259 2031 pro
1271 1996 1435 2031 quibusdam
1448 1995 1560 2021 decimis
1571 1996 1597 2021 in
1609 1995 1738 2030 parochia
1753 1996 1787 2022 de
1801 1996 1888 2023 Oken-

358 2046 431 2079 yhem
446 2045 471 2070 in
490 2049 635 2079 patronatu
650 2043 716 2069 dicti
729 2043 831 2068 domini
846 2042 953 2068 abbatis
972 2042 1236 2068 Geraldimontensis
1249 2042 1407 2076 jacentibus
1418 2063 1425 2076 7
1442 2051 1567 2077 quasque
1584 2041 1702 2068 decimas
1715 2052 1730 2068 a
1745 2043 1886 2078 praedicto

360 2092 467 2117 «lumino
487 2091 584 2116 abbate
606 2100 652 2116 sen
674 2090 838 2115 monasterio
852 2088 1011 2124 supradicto
1024 2089 1089 2123 jure
1104 2088 1288 2115 haereditario
1303 2094 1428 2114 tenemus
1444 2093 1472 2114 et
1486 2093 1580 2114 tenere
1601 2088 1734 2115 debemus
1751 2094 1887 2125 perpetuo

361 2148 409 2173 pro
422 2148 522 2164 summa
538 2138 670 2172 pecuniae
685 2142 833 2163 memorata
850 2137 882 2162 ad
901 2136 991 2162 natale
1006 2136 1130 2168 Domini,
1143 2141 1174 2162 ut
1188 2136 1390 2171 praemittitur,
1401 2136 1479 2162 annis
1492 2135 1608 2171 singulis
1621 2135 1819 2171 persolvenda3
1835 2146 1886 2172 pro

361 2195 413 2220 qna
429 2185 541 2219 pecunia
559 2184 631 2210 dicto
645 2184 755 2209 domino
768 2183 859 2209 abbati
877 2188 925 2208 aut
938 2183 1104 2208 monasterio
1120 2183 1261 2218 praedicto
1275 2182 1406 2209 solvenda
1416 2203 1422 2215 ‚
1435 2187 1466 2208 ut
1481 2187 1522 2208 est
1533 2181 1636 2207 dietum
1647 2202 1654 2213 ‚
1675 2182 1726 2208 sibi
1739 2182 1826 2209 dictas
1840 2183 1887 2210 de-

359 2233 439 2257 cimas
456 2232 647 2257 monasterium
664 2236 787 2256 nostrum
810 2240 859 2256 nos
879 2235 906 2256 et
927 2239 1100 2256 successores
1115 2235 1241 2262 nostros,
1262 2235 1289 2256 et
1306 2234 1381 2256 certa
1397 2229 1511 2256 scientia
1532 2228 1692 2255 solemniter
1712 2234 1740 2256 et
1759 2238 1888 2265 expresse

360 2279 519 2313 obligamus.
535 2280 565 2305 ln
581 2279 658 2312 cujus
671 2278 709 2304 rei
720 2278 906 2304 testimonium
921 2282 1081 2312 praesentes
1094 2277 1200 2304 litteras
1214 2277 1289 2304 dicto
1303 2277 1414 2303 domino
1428 2277 1520 2302 abbati
1535 2276 1716 2308 contulimus,
1733 2277 1886 2313 sigillorum

360 2331 513 2352 nostrorum
533 2325 679 2352 munimine
699 2326 852 2351 roboratas.
873 2324 972 2350 Datum
988 2333 1058 2350 anno
1077 2324 1184 2351 Domini
1198 2324 1339 2357 MCCCXI,
1357 2324 1461 2351 decima
1479 2323 1523 2350 die
1539 2323 1639 2349 mensis
1657 2323 1724 2350 Julii
1740 2324 1868 2350 intrantis
1880 2345 1887 2357 ,

363 2373 505 2399 indictione
520 2383 599 2400 nona.

1373 2417 1504 2442 Cartulaire
1517 2417 1544 2441 de
1558 2417 1666 2441 Malines.

1076 2479 1146 2489 t
