2118 3184
574 420 799 455 CHRONICA
830 420 1151 455 ToRNACENstS.
1553 420 1620 455 557

109 539 186 560 mus
200 554 207 564 .
225 534 257 561 et
272 527 418 562 consilio
434 528 508 573 ejus
530 527 715 562 dominum
739 527 933 575 Segardum
948 555 956 571 ⁴.
978 529 1132 574 priorem
1149 535 1307 561 nostrum
1319 555 1327 569 ‚
1348 528 1516 576 elegimus
1529 554 1537 570 ,
1559 529 1619 573 qui

105 586 178 632 jam
194 587 313 620 multis
329 588 428 621 annis
445 588 638 633 prioratum
654 587 817 620 eeclesiae
833 594 970 621 nostrae
985 593 1158 620 tenuerat.
1176 587 1256 628 Quo
1270 586 1453 633 tempore¹
1470 587 1619 620 maxima

110 645 212 678 nobis
231 645 411 679 tribulatio
429 645 642 691 supervenit.
666 644 830 679 Canonici
851 646 1105 686 't‘oi-naconses.
1128 646 1200 690 jam
1219 644 1364 679 domino
1385 644 1510 678 odone
1528 645 1623 691 epis-

108 715 199 750 copo
222 704 330 740 facto,
350 716 392 737 ne
411 704 563 750 aliquem
584 710 789 737 extraneum
813 705 1039 750 sepeliremus
1059 704 1159 737 nobis
1178 703 1387 738 interdicere
1405 709 1598 749 coeperunt
1612 730 1619 742 ,

109 761 266 796 dicentes
289 762 469 796 ecclesiam
496 769 650 797 nostram
677 775 747 796 non
769 775 842 796 esse
865 764 1060 797 abbatiam.
1083 762 1142 796 sed
1158 763 1248 808 juris
1270 763 1322 796 sui
1342 763 1528 809 capellam.
1559 774 1622 796 nec

110 832 174 854 nos
191 821 226 854 in
241 832 279 854 ea
296 832 532 864 remansuros.
551 821 614 855 nisi
630 820 802 867 quamdiu
819 822 881 867 ipsi
898 821 1037 854 vellent.
1052 821 1150 855 Unde
1161 820 1233 854 duo
1248 820 1486 855 archidiaconi
1499 820 1624 854 Came-

109 891 267 914 racenses
280 906 289 920 ,
313 879 495 913 Anselmus
515 885 550 913 et
570 879 794 925 Radulphus.
816 880 877 925 qui
898 879 1167 925 frequentabant
1187 879 1391 925 episcopum
1412 891 1515 912 suum
1529 906 1537 914 .
1560 878 1625 912 ad-

108 938 181 972 huc
195 938 379 972 nobiscum
395 944 688 972 commorantem.
711 938 769 971 tali
787 937 1066 972 contradictione
1080 938 1332 971 canonicorum
1349 937 1624 971 Tornacensium

108 998 291 1039 commoti.
308 1009 390 1031 cum
406 997 528 1031 litteris
541 996 791 1043 deprecatoriis
805 996 939 1030 domini
952 996 1086 1030 Odonis
1099 997 1252 1042 episcopi
1265 997 1410 1030 Romam
1428 997 1620 1042 petierunt.

110 1055 406 1104 privilegiumque
421 1054 556 1089 domini
572 1067 682 1101 papae
696 1055 844 1089 Pascalis
859 1055 960 1088 nobis
975 1054 1177 1088 detulerunt
1192 1082 1199 1097 7
1218 1055 1252 1088 in
1268 1067 1340 1100 quo
1354 1055 1456 1088 nobis
1471 1054 1625 1088 concede

109 1113 183 1156 bat,
197 1119 236 1147 ut
247 1126 369 1148 omnes
383 1114 443 1160 qui
453 1113 549 1160 apud
560 1126 623 1147 nos
637 1113 774 1160 sepeliri
786 1114 924 1147 vellent.
942 1114 1006 1146 nisi
1021 1113 1314 1147 excommunicati
1327 1119 1453 1156 essent.
1472 1113 1580 1147 libere
1590 1120 1625 1147 et

109 1172 244 1219 absque
263 1172 332 1206 ulla
351 1171 630 1206 contradictione
644 1172 883 1218 sepeliremus.
908 1171 1153 1216 Adjunxerunt
1173 1172 1278 1205 etiam
1300 1178 1338 1205 ut
1358 1171 1512 1205 decimas
1525 1172 1626 1205 labo-

110 1242 191 1264 rum
212 1236 413 1264 nostrorum
433 1242 524 1276 quos
541 1230 632 1263 circa
650 1230 902 1263 monasterium
922 1229 1189 1271 laborabamus,
1215 1229 1362 1262 ulterius
1383 1242 1454 1263 non
1473 1230 1627 1263 solvere-

110 1300 203 1330 mus.
220 1288 388 1334 quoniam
400 1300 418 1321 a
428 1287 574 1321 domino
584 1299 674 1333 papa
688 1287 789 1320 nobis
800 1287 1081 1320 remittebantur.
1096 1286 1201 1327 Quod
1211 1293 1251 1320 ut
1265 1288 1441 1321 canonicis
1455 1288 1622 1331 innotuit,¹

109 1345 202 1380 illico
216 1351 338 1379 contra
354 1357 417 1379 nos
431 1351 584 1392 surgunt
595 1372 604 1388 ‚
620 1351 808 1391 totumque
823 1345 945 1378 orben]
960 1344 1145 1378 adversum
1156 1345 1393 1389 nosincitant7
1409 1346 1579 1380 incendiis
1592 1353 1624 1379 et

110 1404 242 1450 rapinis
261 1403 441 1437 ecclesiam
466 1410 621 1437 nostram
649 1402 750 1436 valde
773 1403 995 1449 perturbant.
1021 1402 1182 1449 Cumque
1204 1404 1364 1437 coenobii
1390 1405 1500 1438 nostri
1524 1417 1627 1451 prae-

112 1462 248 1509 positus
265 1468 353 1495 esset
371 1462 574 1508 frequenter
595 1461 757 1507 superius
779 1467 995 1494 memoratus
1014 1460 1243 1507 Radulphus,
1271 1463 1522 1496 canonicorum
1543 1475 1626 1496 vero

110 1521 303 1564 Gonterus,
324 1520 411 1555 dum
430 1521 522 1554 inter
535 1533 571 1554 se
589 1532 661 1554 non
676 1520 789 1554 solum
809 1519 1069 1562 ecclesiasticis.
1091 1519 1152 1553 sed
1167 1520 1272 1554 ctiam
1290 1521 1505 1555 secularibus
1520 1522 1626 1554 armis

111 1578 333 1613 decertarent
358 1585 506 1626 patruus
525 1585 560 1612 et
579 1591 707 1625 nepos.
729 1577 916 1612 videbatur
936 1578 1026 1611 inter
1044 1577 1132 1611 duas
1151 1578 1311 1612 ecclesias
1329 1579 1403 1627 geri
1423 1592 1493 1613 non
1513 1579 1626 1613 solum

112 1637 212 1671 civile
239 1636 301 1671 sed
325 1638 431 1671 etiam
458 1637 537 1683 plus
560 1649 667 1684 quam
693 1636 792 1670 civile
815 1636 966 1679 bellum.
995 1635 1161 1669 dominus
1188 1643 1306 1670 tamen
1329 1649 1419 1683 papa
1442 1650 1625 1684 nunquam

112 1695 280 1730 auxilium
298 1696 400 1729 nobis
414 1695 618 1742 impendere
636 1694 787 1737 destitit,
804 1693 865 1728 sed
884 1694 928 1728 ad
945 1706 980 1727 se
999 1694 1203 1740 Frequenter
1221 1694 1452 1729 redeuntibus
1466 1696 1522 1742 pie
1540 1707 1627 1729 eon—

113 1754 232 1788 suluit.
260 1753 360 1787 Unde
386 1754 491 1787 etiam
513 1753 621 1799 hujus
639 1752 736 1787 modi
754 1753 885 1787 litteras
905 1751 1064 1786 Baldrico
1083 1753 1248 1798 episcopo
1268 1760 1388 1787 nostro
1406 1754 1599 1787 transmisit
1617 1767 1623 1787 :

166 1811 360 1846 «Pascatis2
375 1812 573 1858 episcopus.
590 1823 710 1845 servus
724 1822 907 1845 servorum
923 1811 997 1853 Dei.
1014 1811 1203 1844 venerabili
1218 1811 1317 1844 fratri
1328 1811 1488 1846 Baldrico
1502 1812 1628 1846 Novio-

114 1870 244 1913 mensi‚
265 1881 327 1903 seu
342 1869 553 1904 Tornacensi
572 1870 738 1915 episcopo
750 1896 758 1912 a
780 1869 928 1902 salutem
943 1875 978 1902 et
995 1868 1223 1914 apostolicam
1237 1868 1533 1904 benedictionem.
1552 1871 1628 1903 Fra-

112 1929 268 1963 ternitati
281 1935 362 1963 tuae
371 1929 446 1974 jam]
461 1927 632 1962 secundas
648 1929 779 1962 litteras
793 1928 953 1961 misimus
964 1954 972 1970 -,
993 1934 1034 1961 ut
1047 1928 1230 1961 monachis
1244 1927 1280 1962 S.
1301 1928 1441 1962 Martini
1453 1930 1626 1974 justitiam

114 1987 247 2022 faceres
271 1987 316 2021 de
342 1987 479 2034 injuriis
501 1987 568 2021 illis
595 1999 683 2034 quas
709 2000 729 2021 a
751 1987 1033 2021 'fornacensibus
1059 1986 1193 2020 clericis
1218 1987 1415 2032 patiuntur.
1442 1987 1627 2021 Caeterum

114 2045 277 2080 eamdem
291 2046 463 2091 justitiam
483 2057 643 2079 exercere
661 2044 723 2078 diu
737 2045 964 2091 multumque
978 2044 1177 2078 fraternitas
1189 2051 1251 2078 tua
1266 2044 1509 2078 dissimulavit..
1528 2045 1628 2079 Unde

114 2110 358 2150 opportunum
383 2103 549 2138 duximus
580 2103 675 2138 idem
702 2104 885 2151 negotium
914 2103 1101 2137 Lamberto
1133 2104 1386 2147 Attrebatensi,
1415 2110 1450 2137 et
1475 2104 1627 2138 Johanni

116 2162 306 2196 Morinensi
322 2162 676 2208 comprovincialibus
690 2161 858 2195 fratribus
872 2161 1086 2195 commisisse
1098 2188 1106 2204 7
1124 2162 1186 2207 qui
1200 2161 1369 2195 nimirum
1383 2168 1552 2208 tanquam
1572 2174 1629 2196 re-

115 2219 228 2268 ligiosi
249 2220 312 2253 viri
335 2219 379 2253 ad
397 2232 520 2265 pacem
543 2220 786 2253 vehementius
804 2219 1042 2263 intendentes.
1065 2218 1158 2253 idem
1183 2221 1364 2267 negotium
1385 2220 1502 2254 minus
1521 2232 1630 2254 cano-

116 2278 194 2312 nice
206 2283 445 2312 tractaverunt
457 2304 465 2319 ·.
486 2278 719 2324 quamobrem
735 2289 799 2310 nos
815 2283 1003 2324 utramque
1017 2284 1151 2323 partem
1167 2277 1211 2311 ad
1226 2283 1382 2311 nostram
1397 2279 1628 2324 praesentiam

116 2335 352 2370 evocavimus.
378 2335 466 2381 Ipsis
484 2335 603 2381 itaque
621 2335 755 2369 clericis
772 2347 814 2368 ex
837 2342 1040 2369 sanctorum
1063 2342 1204 2381 patrum
1226 2336 1433 2370 auctoritate
1452 2343 1630 2371 monstra-

116 2394 232 2428 vimus
244 2421 252 2437 ,
270 2406 376 2440 quam
396 2392 552 2427 indebite
565 2393 602 2427 in
620 2392 838 2427 decimarum
857 2394 1036 2428 exactione
1054 2400 1089 2428 et
1111 2394 1373 2440 sepulturarum
1391 2395 1629 2441 prohibitione

158 2522 165 2540 ¹
187 2522 252 2549 fler.
266 2523 277 2558 ς
289 2522 335 2549 86.
942 2523 954 2540 2
976 2522 1130 2557 1bid.§87.
