2118 3184
561 408 786 443 cutzoxlcx
816 409 982 442 usuum
1011 409 1052 442 Lt
1082 409 1245 443 Mt'lsts.
1591 409 1658 444 351

148 516 230 561 quia
261 522 400 562 teinpus
422 523 474 550 est
499 523 535 549 ut
560 529 624 561 pax
652 523 685 549 et
713 516 946 562 tranquillitas
972 517 1062 550 inter
1088 528 1148 550 vos
1174 529 1295 550 omnes
1323 518 1539 551 observetur.
1573 532 1589 547 »
1622 517 1659 550 Et

148 586 273 620 parum
296 575 500 620 proficiebat
523 575 598 620 ejus
624 575 797 621 mitigatio
817 581 849 608 et
872 575 1024 621 loquela.
1055 576 1137 621 quia
1158 576 1309 622 populus
1331 577 1482 610 surrexit
1502 588 1660 609 murmu—

150 632 261 666 raudo
275 660 282 666 .
313 640 345 667 et
367 639 491 667 mutuo
506 645 541 666 sc
558 632 783 678 provocando
798 661 805 666 .
831 633 986 667 (liei-ntes
1010 634 1106 680 quod
1130 635 1208 668 talia
1233 636 1445 680 proveniunt
1458 635 1502 668 (le
1521 635 1659 669 mendi-

148 691 304 724 cantium
325 690 522 725 ordinibus.
548 691 584 724 Et
605 697 677 724 tota
698 691 751 724 illa
775 691 831 725 (lie
850 692 915 724 fuit
940 692 1062 739 ingens
1082 693 1254 726 tumultus
1274 706 1336 738 per
1355 700 1464 727 totam
1482 694 1657 727 civitatem

148 760 255 794 super
269 748 382 782 dictos
399 748 542 782 ordines
560 755 591 782 et
613 762 719 795 super
735 756 849 783 totum
866 750 1012 783 clerum.
1032 751 1213 785 Dominica
1228 758 1345 785 autem
1364 753 1523 798 sequenti
1535 779 1542 785 .
1566 752 1659 786 venit

147 808 271 841 iterato
289 808 464 853 processio
482 809 682 841 communis
701 809 735 841 iu
755 808 890 842 (lictum
911 809 1181 852 monasterium
1203 817 1238 843 et
1260 810 1391 844 ibidem
1411 812 1444 844 in
1467 812 1542 844 loco
1563 817 1660 844 ante-

146 864 260 909 dieto7
277 866 519 912 praesentibus
534 867 739 912 praepositis
754 873 787 900 et
802 867 1099 913 gubernatoribus
1113 868 1280 911 cix-itatis7
1296 869 1359 902 fuit
1376 882 1394 902 a
1407 870 1513 903 fratre
1529 869 1661 903 nober-

148 931 184 958 to
200 924 439 971 praedicatum
454 952 462 958 .
484 931 516 958 et
538 926 690 971 populus
708 938 814 971 super
830 925 1089 971 praedicatione
1107 939 1166 959 sua
1187 927 1445 973 aliquantulum
1463 928 1656 975 mitigatus.

197 983 268 1018 Nec
290 990 341 1017 est
359 983 712 1029 praeterluittendum
732 983 829 1030 quod
852 983 967 1017 (lictus
991 986 1097 1018 frater
1116 985 1273 1019 Jacobita
1299 986 1333 1019 in
1358 987 1436 1020 villa
1461 986 1504 1020 de
1532 987 1660 1020 Valen-

150 1042 271 1077 chenis
287 1043 412 1076 similia
431 1043 521 1076 sicut
540 1043 575 1075 in
597 1043 757 1076 'l'ornaco
775 1050 809 1076 et
827 1043 997 1088 ampliora
1012 1043 1244 1088 praedicavit;
1267 1045 1361 1078 unde
1377 1045 1523 1092 quidam
1544 1046 1659 1079 clerici

147 1101 323 1136 scholares
350 1108 427 1147 post
458 1114 656 1135 sermonem
682 1102 828 1135 fuerunt
855 1102 885 1134 ei
915 1108 1154 1147 opponentesg
1189 1102 1251 1136 sed
1283 1111 1428 1150 propter
1457 1105 1659 1138 sociotatem

148 1172 229 1194 cum
249 1172 320 1206 qua
338 1158 407 1192 ibat
430 1160 546 1205 ipsum
570 1159 666 1193 abire
685 1159 916 1200 dimiseruntg
937 1166 971 1192 et
994 1160 1061 1192 hoc
1083 1160 1165 1193 scivi
1188 1173 1207 1194 a
1225 1161 1386 1206 pluribus
1406 1161 1536 1195 ibidem
1557 1174 1660 1208 prae-

148 1218 319 1267 sentibus.
337 1217 377 1251 Et
391 1218 439 1251 sic
458 1218 537 1251 fecit
559 1218 592 1250 in
613 1218 774 1263 pluribus
795 1218 877 1251 locis
890 1245 897 1250 .
915 1218 1005 1251 sicut
1025 1218 1232 1251 invenerunt
1249 1219 1295 1252 illi
1311 1219 1354 1253 (le
1375 1220 1534 1254 'l'ornaco
1554 1228 1659 1267 atquc²

150 1276 340 1310 sciverunt.
1485 1276 1492 1283 '

225 1405 401 1452 Quomodo
423 1405 475 1439 illc·
493 1405 534 1439 de
562 1404 595 1439 T
593 1418 722 1439 ornaco
743 1418 776 1439 se
791 1412 1108 1452 Ju’aeparaz·erzcnt
1128 1407 1178 1440 ad
1190 1410 1441 1453 poenitentiam
1470 1408 1563 1441 illam
1573 1436 1582 1450 ¹.

836 1471 878 1498 ut
895 1464 969 1498 alii.

195 1574 353 1610 Salvator
365 1574 532 1609 dominus
542 1581 659 1609 noster
672 1575 772 1609 Jesus
786 1575 945 1609 Christus
957 1603 965 1619 v
977 1575 1122 1622 quando
1133 1577 1168 1609 in
1183 1589 1291 1610 coena
1302 1577 1381 1611 lavit
1392 1578 1499 1624 pedes
1512 1590 1659 1611 suorum

149 1634 404 1681 discipulorum
415 1661 423 1677 7
445 1633 534 1668 dixit
548 1635 596 1668 eis
615 1647 621 1667 :
647 1635 881 1680 «Exemplum
893 1634 974 1668 dedi
991 1636 1090 1669 vobis
1104 1641 1144 1668 ut
1158 1635 1462 1681 quemadmodum
1482 1637 1547 1670 feci
1564 1637 1662 1670 vobis

149 1694 198 1728 ita
214 1700 250 1728 et
266 1705 328 1727 vos
350 1693 499 1726 invicem
522 1693 675 1726 faciatis.
702 1700 737 1727 et
765 1693 851 1727 haec
871 1699 922 1726 est
946 1693 1154 1727 humilitatis
1178 1695 1244 1728 via.
1268 1710 1286 1726 n
1314 1695 1354 1727 Et
1378 1695 1405 1728 si
1424 1694 1594 1728 debemus
1618 1694 1661 1728 de

148 1752 250 1786 bonis
270 1763 409 1785 sumere
431 1751 589 1796 exempla
603 1777 611 1790 .,
632 1751 701 1785 hoc
725 1751 876 1784 maxime
897 1750 941 1784 de
965 1757 1084 1785 nostro
1100 1750 1262 1785 Creatore
1275 1779 1283 1794 ,Ι
1305 1753 1387 1798 quia
1410 1753 1489 1798 plus
1513 1760 1661 1798 prosunt

148 1810 305 1856 exempla
327 1822 435 1856 quam
454 1811 579 1851 verba3
600 1809 661 1843 sed
678 1810 784 1844 verba
802 1817 909 1856 atque
928 1810 1085 1856 exempla
1103 1810 1185 1844 Jesu
1205 1810 1331 1844 Christi
1351 1811 1529 1845 salvatoris
1548 1818 1663 1845 totum

149 1875 202 1902 est
222 1868 324 1902 nobis
347 1868 514 1902 omnibus
535 1867 580 1902 ad
606 1867 793 1902 medelam.
819 1867 986 1901 Videntes
1009 1874 1127 1901 autem
1152 1869 1405 1915 quamplurimi
1432 1869 1476 1903 de
1505 1870 1663 1903 Tornaco

149 1927 300 1961 formam
317 1926 553 1972 poenitentiae
566 1939 657 1973 quae
672 1926 777 1960 fiebat
796 1926 841 1960 ab
855 1926 920 1959 illis
939 1926 1000 1972 qui
1015 1933 1183 1960 venerant
1200 1927 1236 1960 in
1255 1927 1450 1970 civitatem2
1471 1934 1663 1974 coeperunt

149 1985 281 2019 habere
301 1984 525 2018 devotionem
546 1985 582 2018 in
601 1991 740 2018 tantum
758 1983 857 2030 quod
877 1984 948 2017 fere
967 1984 1153 2032 quingenti
1172 1985 1349 2033 sexaginta
1371 1992 1406 2019 et
1424 1986 1583 2032 quinque
1601 1986 1664 2019 viri

150 2044 202 2078 vel
231 2043 368 2077 circiter
394 2055 429 2076 se
455 2043 624 2089 paulatim
651 2043 918 2086 adunaverunt7
951 2049 986 2076 et
1014 2049 1139 2077 mutuo
1167 2044 1424 2087 astrinxerunt,
1454 2044 1498 2078 de
1526 2044 1664 2078 licentia

149 2103 255 2137 etiam
273 2102 554 2150 gubernatorum
573 2102 722 2135 civitatis
734 2129 742 2145 a
764 2109 799 2135 et
816 2108 1079 2148 proposuerunt
1097 2102 1190 2135 exire
1202 2129 1210 2145 ,
1231 2109 1266 2136 et
1283 2103 1333 2136 ire
1352 2115 1414 2149 per
1427 2103 1580 2148 spatium
1601 2103 1664 2136 tri-

149 2162 248 2210 ginta
264 2161 374 2194 trium
393 2159 554 2203 dierum7
576 2159 620 2193 ad
644 2160 845 2207 exemplum
869 2166 903 2193 et
927 2160 1036 2193 instar
1055 2160 1222 2203 aliorum7
1244 2161 1482 2207 omnibusque
1504 2173 1662 2194 necessa-

150 2220 209 2253 riis
223 2219 288 2253 sibi
305 2219 341 2252 in
356 2218 537 2264 proposito
552 2224 587 2251 et
601 2218 636 2251 in
650 2218 744 2252 facto
758 2218 972 2264 praeparatis
985 2245 992 2261 -,
1010 2218 1169 2251 exierunt
1183 2217 1227 2251 de
1242 2218 1380 2252 civitate
1393 2219 1479 2252 feria
1494 2218 1661 2261 secunda,

151 2278 187 2311 in
214 2283 317 2310 nocte
340 2276 417 2310 festi
441 2276 631 2309 nativitatis
649 2275 802 2324 Virginis
825 2276 1015 2324 gloriosam
1042 2282 1076 2309 et
1102 2276 1262 2310 fecerunt
1285 2277 1435 2322 primam
1458 2289 1556 2310 suam
1584 2289 1667 2323 poe—

152 2335 336 2369 nitentiam
356 2335 390 2368 in
419 2334 519 2377 foro7
546 2334 608 2367 ubi
636 2333 829 2367 multitudo
854 2334 976 2379 populi
1002 2340 1075 2367 erat
1106 2341 1330 2382 congregata.
1361 2335 1403 2368 Et
1428 2341 1594 2369 exeuntes
1620 2335 1665 2369 de

151 2394 290 2428 civitate
302 2420 310 2436 -,
329 2393 469 2426 iverunt
482 2404 601 2426 versus
619 2392 736 2425 villam
751 2391 980 2425 Insulensem.
1004 2391 1083 2425 Dies
1101 2398 1218 2425 autem
1238 2392 1274 2425 in
1292 2405 1363 2439 qua
1381 2392 1580 2437 redierunt7
1598 2393 1665 2427 fuit.

151 2453 186 2486 in
213 2451 365 2486 crastino
392 2451 484 2485 beati
514 2450 688 2496 Dionysii,
719 2450 899 2496 martyris7
926 2462 1016 2496 quae
1042 2450 1109 2483 fuit
1129 2449 1204 2483 dies
1227 2450 1381 2494 sabbati,
1412 2451 1664 2497 poenitentiam

152 2522 252 2545 suam
288 2510 324 2544 in
349 2510 426 2544 foro
459 2509 515 2543 illa
545 2508 601 2542 die
626 2507 809 2551 faciendo⁷
836 2514 870 2542 et
905 2508 938 2541 in
963 2508 1116 2542 crastino
1143 2520 1234 2554 quae
1264 2508 1332 2542 fuit
1359 2508 1432 2543 dies
1458 2510 1662 2553 Dominica7
