2137 3131
477 364 546 399 ,470
824 360 998 395 CORPUS
1024 356 1354 394 CHRONICORUM
1383 356 1646 391 FLANDRIAE.

524 474 604 513 Quo
620 479 795 516 tempore7
817 468 979 502 videlicet
1000 466 1034 499 in
1055 465 1207 499 crastino
1225 464 1303 498 festi
1324 464 1415 498 beati
1437 463 1634 506 Laurentii.
1652 463 1721 496 fuit
1738 462 1829 496 facta
1848 462 1993 497 demon-

474 532 594 565 stratio
618 529 804 563 hominum
820 532 1038 560 armatorum
1059 524 1188 558 vexillis
1209 524 1338 569 apertis
1361 524 1395 556 in
1415 523 1554 556 civitate
1574 522 1804 563 Tornaeensi„
1828 533 1993 567 praescn—

478 591 568 623 tihus
596 587 751 634 praefato
778 584 1063 619 conestabulario
1089 595 1128 617 ac
1151 582 1367 616 marescaldo
1392 582 1553 615 Franciae,
1580 589 1614 615 ct
1638 580 1836 616 (jodemaro
1860 579 1994 628 guber-

478 655 610 681 uatore.

526 708 624 739 Anno
640 716 784 750 quoque
799 708 1025 749 praenotato,
1047 700 1245 746 Philippus„
1264 712 1321 733 rex
1335 699 1519 733 Navarrae.
1539 698 1582 732 ad
1598 699 1774 732 civitatem
1791 697 1994 730 'l‘ornacen-

475 777 547 797 sem
567 763 722 805 accessit,
744 762 779 794 in
794 760 925 794 octavis
940 758 1032 793 beati
1050 757 1224 802 Andreae,
1242 758 1326 792 etin
1342 757 1555 791 monasterio
1572 757 1610 790 B.
1633 756 1773 790 Martini
1794 754 1939 792 resedit.
1956 766 1995 787 ac

476 824 511 856 iu
535 822 681 855 sabbato
701 827 781 854 ante
803 818 916 852 natale
935 817 1075 852 Domini
1096 817 1249 850 recessit.
1272 816 1469 862 Statimque
1489 821 1569 861 post
1587 815 1661 860 ejus
1680 826 1854 848 recessum
1875 825 1996 859 supra-

475 881 590 915 dictus
610 877 911 913 conestabularius
934 876 1132 922 praefatum
1154 875 1407 909 monasterium
1425 874 1623 920 occupavit.

525 939 661 984 Corpus
675 937 767 971 beati
783 934 933 970 Amandi
948 934 1178 968 Helnonensis
1193 946 1255 979 per
1270 932 1431 967 Scaldam
1445 931 1608 975 fluvium.
1626 932 1753 965 timore
1767 943 1991 979 guerrarum.

476 1003 698 1044 asportatur,
720 1001 755 1029 et
772 995 809 1028 in
828 994 971 1028 ecclesia
992 993 1029 1026 B.
1052 992 1181 1026 Mariae
1202 991 1433 1026 Tornaccnsis
1451 990 1669 1025 reconditur.

525 1057 572 1090 Eo
595 1062 774 1100 tempore7
795 1065 855 1087 rex
874 1052 1122 1094 'l'artarorum7
1147 1063 1255 1097 quen]
1277 1056 1403 1084 vocant
1427 1049 1557 1092 Chaon,
1583 1049 1806 1083 convincitur
1823 1048 1868 1082 ad
1888 1048 1995 1082 fidem

476 1114 722 1156 christianam7
745 1117 891 1157 propter
908 1109 1091 1156 quoddam
1111 1108 1322 1143 miraculum
1340 1108 1375 1142 in
1396 1115 1489 1142 terra
1507 1120 1568 1141 sua
1585 1120 1604 1141 a
1625 1107 1775 1141 Domino
1792 1113 1972 1141 ostensum
1985 1133 1994 1149 .

478 1173 642 1218 misitque
662 1171 793 1218 legatos
807 1182 889 1203 suos
908 1168 1054 1202 domino
1075 1180 1185 1213 papae
1208 1166 1416 1209 Benedicto,
1445 1178 1573 1214 rogans
1592 1172 1631 1199 ut
1649 1165 1714 1199 sibi
1733 1165 1909 1206 mitteret.
1934 1165 1996 1211 qui

479 1232 585 1266 iidem
613 1230 838 1264 christianam
865 1228 930 1262 sibi
955 1239 995 1261 ac
1020 1226 1152 1273 populo
1174 1238 1237 1260 suo
1258 1226 1467 1271 impertiret.
1494 1225 1591 1266 Quos
1613 1237 1695 1258 cum
1718 1236 1847 1272 magno
1866 1223 1997 1272 gaudio

479 1290 657 1337 praefatus
671 1300 762 1334 papa
777 1286 931 1331 suscepit
944 1312 952 1328 ἢ
973 1292 1007 1319 et
1017 1285 1065 1318 eis
1084 1291 1123 1318 ut
1142 1284 1262 1318 decuit
1279 1284 1461 1317 honoratis
1474 1310 1482 1326 ,
1501 1283 1592 1316 duos
1606 1284 1730 1316 fratres
1745 1282 1879 1316 ordinis
1893 1295 1996 1328 prae-

479 1349 699 1389 dicatorum.
722 1352 822 1391 aptos
840 1344 885 1378 ad
903 1343 1010 1378 fidem
1029 1343 1197 1378 cordibus
1220 1355 1344 1376 eorum
1364 1341 1636 1388 imprimendam
1652 1369 1659 1374 .
1681 1341 1879 1375 destinavit.

529 1408 619 1447 Hoc.
634 1413 674 1440 ut
689 1405 792 1440 multi
806 1404 946 1446 ferunt,
969 1403 1037 1437 fuit
1051 1402 1262 1436 miraculum
1279 1415 1285 1434 ε
1305 1414 1364 1435 rex
1380 1400 1581 1447 praedictus
1596 1401 1730 1434 habens
1744 1401 1862 1446 plures
1877 1401 1998 1434 mulie-

481 1479 534 1501 res
560 1464 793 1506 concubinas7
819 1463 910 1495 inter
933 1461 1015 1495 alias
1032 1461 1185 1494 habebat
1202 1459 1396 1506 quamdam
1420 1459 1660 1493 christianam.
1683 1459 1773 1492 Haec
1797 1465 1916 1492 autem
1934 1470 1998 1492 nec

482 1525 586 1560 minis
606 1536 669 1557 uec
688 1521 852 1568 precibus
877 1520 992 1566 potuit
1017 1519 1125 1553 averti
1149 1532 1168 1552 a
1192 1531 1272 1552 vera
1294 1517 1363 1552 fide
1383 1518 1586 1551 christiana.
1619 1516 1776 1550 Tandem
1797 1529 1857 1550 rex
1875 1516 1997 1551 videns

481 1582 580 1630 quod
602 1581 689 1615 nihil
709 1580 915 1626 proficeret„
939 1578 1114 1623 acquievit
1133 1583 1173 1610 ut
1199 1577 1235 1610 in
1259 1577 1333 1624 lege
1358 1576 1417 1610 Dei
1437 1576 1491 1609 sui
1510 1575 1653 1609 viveret.
1681 1574 1914 1609 Postmodum
1941 1575 1997 1609 illa

481 1642 524 1676 de
548 1653 629 1689 rege
656 1638 858 1684 concipiens
884 1643 1025 1682 partum
1044 1636 1213 1682 partitum
1243 1648 1283 1668 ex
1309 1635 1412 1682 nigro
1440 1641 1475 1668 et
1500 1634 1579 1669 albo
1602 1633 1726 1668 edidit.
1750 1633 1856 1674 Quod
1880 1646 1940 1668 rex
1960 1641 2000 1668 ut

480 1700 567 1734 vidit
585 1713 603 1732 a
623 1711 687 1732 suo
707 1702 897 1742 conspectu
918 1701 952 1729 et
971 1694 1149 1729 consortio
1169 1695 1282 1740 ejecit.
1308 1693 1420 1727 Mater
1438 1705 1521 1726 vero
1540 1693 1641 1738 pueri
1660 1692 1861 1738 impetravit
1879 1705 1899 1726 a
1917 1705 1999 1741 rege

482 1766 519 1793 ut
539 1758 583 1792 de
599 1757 669 1791 filio
684 1768 748 1790 suo
763 1756 893 1789 faceret
911 1754 1010 1801 quod
1028 1754 1142 1788 vellet.
1162 1754 1323 1799 Cumque
1342 1752 1592 1798 baptizaretur„
1615 1751 1795 1785 voluntate
1811 1751 1873 1785 Dei
1891 1763 1999 1785 mun-

482 1818 586 1852 datus
603 1822 654 1849 est
672 1828 691 1848 a
706 1813 902 1862 nigredine.
926 1813 997 1847 Rex
1012 1819 1150 1855 autem.
1171 1819 1209 1846 ut
1229 1812 1297 1846 hoc
1317 1810 1417 1853 vidit.
1439 1811 1551 1858 legem
1573 1810 1848 1844 christianorum
1868 1810 1997 1844 bonam

481 1877 677 1911 acclamans
696 1874 872 1919 baptizare
891 1885 926 1906 se
950 1872 1044 1906 fecit.

482 1993 647 2039 Philippo
662 1990 757 2037 apud
772 1990 1030 2036 Buyronsbsse,
1048 1989 1092 2022 ab
1107 1989 1195 2023 urbe
1216 1987 1427 2022 Tornacensi
1442 2013 1450 2030 ,Ι
1467 1986 1561 2020 mille
1578 1986 1740 2020 homines
1755 1985 1904 2032 pedites,
1927 1986 2001 2020 fue-

485 2059 639 2098 runtque
659 2050 825 2085 ductores
840 2047 1035 2083 Gnouterus'1
1059 2047 1103 2081 de
1117 2047 1253 2090 Calone„
1271 2047 1332 2093 qui
1348 2047 1382 2080 in
1398 2045 1493 2080 dicto
1508 2045 1639 2079 ducatu
1654 2058 1673 2079 a
1687 2057 1769 2093 rege
1783 2045 1898 2079 balteo
1912 2045 2001 2079 mili-

483 2113 546 2145 tari
564 2110 693 2145 meruit
708 2109 865 2156 insigniri
880 2135 888 2151 ,
905 2108 1057 2142 Jacobus
1077 2107 1229 2153 Gmyate
1244 2113 1278 2140 et
1288 2106 1467 2140 „lohannes
1485 2105 1654 2151 Garglate,
1671 2104 1796 2138 fratres
1807 2131 1816 2147 Ἴ
1834 2103 2002 2151 Aegidius

483 2171 647 2205 Montons
662 2176 696 2203 ct
710 2168 862 2203 Jacobus
876 2166 1061 2208 slsoutons,
1078 2166 1170 2200 filius
1185 2165 1277 2211 ejus,
1296 2164 1499 2199 Willermus
1514 2163 1558 2197 de
1575 2162 1787 2205 Helemmes„
1809 2161 2001 2196 Gossuinus

483 2230 538 2263 del
551 2229 714 2270 Morle'er,
736 2227 888 2262 Jacobus
907 2226 951 2260 de
967 2225 1090 2259 Avelim
1102 2252 1112 2267 2
1132 2225 1337 2258 NVillermus
1356 2223 1400 2257 de
1419 2223 1548 2257 Porco.
1575 2229 1642 2256 etc.

532 2287 661 2321 Eodem
684 2298 794 2328 anno7
821 2286 856 2318 in
878 2285 1010 2319 oetavis
1029 2284 1264 2330 Epiphaniae.
1287 2288 1510 2317 accesserunt
1530 2281 1575 2315 ad
1599 2281 1774 2315 civitatem
1799 2280 1826 2313 T
1829 2291 2001 2314 ornacen-

485 2359 555 2379 scm
579 2345 748 2392 praedicti
769 2344 982 2386 cardinales.
1010 2344 1244 2389 feceruntque
1269 2342 1316 2375 ibi
1340 2340 1565 2375 residentiam
1584 2339 1751 2374 dominus
1770 2338 1814 2372 de
1837 2338 1999 2384 Hispania

524 2475 531 2492 ¹
554 2475 708 2500 (matu-rus.
