2118 3184
756 407 1045 442 APPEXDICES.
1592 405 1663 440 895

873 535 936 569 CC.

145 635 294 684 Huques
311 637 351 670 de
369 636 508 669 Saintes
523 633 658 668 de'clare
676 632 765 678 qu’il
776 645 797 665 α
813 633 927 666 venda
952 631 975 665 ἀ
997 633 1154 678 [abbaye
1171 644 1254 666 onze
1260 633 1457 678 jour-nana·
1475 631 1515 665 de
1533 637 1624 665 terre
1642 629 1663 663 ἁ

693 691 844 724 Saintes.
865 711 912 716 —
929 691 1107 724 ΗΑῐιτΒειιε.

874 865 945 888 1245

183 949 322 976 Universis
334 954 492 984 praesentes
506 949 611 975 litteras
625 949 800 983 inspecturis.
816 948 895 984 Hugo
909 948 999 975 miles.
1015 948 1142 974 dominus
1155 948 1191 973 de
1204 947 1325 979 Saintes,
1343 947 1458 974 salutem
1472 948 1498 973 in
1514 957 1580 974 vero
1594 948 1668 974 saln-

145 997 208 1022 tari.
222 996 398 1023 Universitati
410 1002 516 1022 vestrae
529 1002 623 1022 tenore
632 997 784 1031 praesentis
794 996 929 1032 significo,
943 995 1017 1031 quod
1029 1004 1082 1032 ego
1093 994 1203 1021 vendidi
1215 1000 1241 1021 et
1253 995 1405 1021 contradidi
1416 995 1565 1021 secundum
1579 995 1665 1031 legem

145 1044 250 1079 patriae
262 1043 427 1070 allodialiter
437 1044 547 1070 circiter
561 1043 687 1070 undecim
696 1044 820 1078 joi-naria
835 1049 924 1070 terrae
936 1064 942 1071 .
962 1052 1058 1078 parum
1071 1042 1132 1079 plus
1145 1043 1187 1069 vel
1201 1043 1290 1069 minus
1300 1063 1306 1074 ,
1317 1043 1435 1077 jacentis
1450 1043 1475 1068 in
1491 1043 1620 1078 parochia
1633 1042 1667 1068 de

147 1090 269 1122 Saintes,
285 1091 312 1117 in
327 1090 386 1117 loco
401 1091 448 1126 qui
467 1091 568 1117 dicitur
586 1090 738 1124 IIu'elbei-ch,
752 1090 882 1117 ecclesiae
895 1090 1061 1122 Ninhensis,
1078 1095 1105 1116 et
1117 1099 1201 1125 super
1214 1089 1266 1116 hoc
1279 1094 1375 1115 contra
1392 1099 1485 1116 omnes
1495 1089 1553 1124 juri
1568 1098 1666 1125 parere

147 1138 272 1165 nolentes
286 1138 471 1164 war-andisiam
484 1138 631 1174 legitimam
646 1138 800 1173 repromisi.
822 1137 983 1173 Adjungens
996 1137 1172 1163 nibilominus
1188 1142 1216 1163 et
1237 1136 1390 1163 concedens
1403 1136 1477 1172 quod
1499 1137 1540 1162 via
1558 1136 1666 1172 publica

147 1194 219 1220 quae
235 1185 262 1211 in
279 1185 375 1211 codem
390 1185 530 1211 territorio
544 1194 603 1211 esse
616 1190 797 1211 consueverat
811 1184 845 1210 ab
859 1185 974 1220 antiquo
986 1205 993 1216 ‚
1008 1184 1056 1210 [iat
1069 1189 1098 1210 et
1110 1184 1229 1210 usitetur
1245 1183 1279 1209 de
1293 1184 1490 1218 caeterojuxta
1504 1193 1616 1212 nemus.
1632 1184 1667 1209 ita

147 1232 223 1268 quod
237 1232 332 1259 eadem
349 1236 422 1258 terra
436 1237 571 1267 perpetuo
589 1231 623 1257 ab
641 1241 693 1257 usu
714 1236 741 1257 et
757 1230 912 1266 frequentia
931 1231 1021 1258 dictae
1035 1231 1094 1257 viae
1108 1230 1195 1257 libera
1214 1231 1250 1256 sit
1269 1235 1297 1256 et
1310 1235 1424 1256 remota.
1441 1230 1540 1256 Datum
1554 1231 1580 1256 in
1598 1230 1668 1257 festo

147 1281 268 1306 omnium
279 1284 436 1305 sanctorum
446 1299 452 1310 ‚
472 1288 543 1305 auno
555 1278 661 1305 Domini
675 1277 826 1305 MCCXLV.

1250 1325 1381 1349 Cartulaire
1391 1325 1420 1348 de
1431 1324 1536 1349 Malines.

877 1398 958 1409 11

862 1595 944 1629 CCI.
972 1599 978 1606 ‘

150 1695 277 1730 Pierre
286 1722 295 1737 ,
311 1694 399 1728 abbe'
410 1694 451 1728 de
460 1693 641 1740 St-Denys
653 1706 697 1727 en
711 1693 927 1739 Broqueroz'e
934 1720 945 1735 ,
960 1694 1146 1727 recomzait
1157 1706 1211 1727 mc
1223 1701 1476 1741 arra-uyement
1485 1696 1557 1740 fait
1568 1702 1663 1729 entre

198 1766 261 1788 son
285 1754 420 1799 abbaye
440 1759 473 1786 et
491 1752 569 1786 celle
592 1753 634 1786 de
657 1751 810 1794 Ninove,
834 1752 1074 1786 relatz'vement
1092 1750 1115 1786 ἀ
1139 1752 1174 1786 la
1199 1751 1292 1786 (lime
1310 1753 1352 1787 de
1379 1753 1668 1801 Betyltesz'rzes—

204 1813 384 1847 umam.

692 1968 708 1990 Δ
719 1966 836 1997 S¹-Denys
843 1973 873 1989 eu
883 1965 1028 1997 Broqueroie
1037 1984 1044 1993 ,
1058 1966 1131 1990 1246.

193 2051 332 2079 Universis
342 2055 500 2086 praesentes
509 2049 614 2075 litteras
623 2049 788 2084 inspecturis
796 2070 803 2081 7
816 2048 914 2075 Petrus
922 2068 928 2080 ,
938 2047 987 2074 Dei
995 2048 1083 2084 gratia
1097 2046 1265 2083 S--Dionysii
1278 2049 1304 2074 in
1315 2048 1463 2075 Brokeroia
1472 2049 1562 2076 dictus
1573 2050 1668 2083 abbas‚

152 2104 180 2125 et
196 2098 317 2132 ejusdem
333 2097 386 2124 loci
402 2102 570 2128 conventus,
586 2101 726 2123 aeternam
743 2097 770 2122 iu
785 2096 900 2122 Domino
919 2095 1046 2122 salutem.
1061 2095 1238 2122 [nivei-sitan
1256 2101 1364 2123 vestrae
1377 2101 1472 2123 tenore
1485 2098 1669 2132 praesentium

153 2146 352 2183 significamus,
367 2144 441 2181 quod
451 2154 512 2171 cum
522 2145 594 2171 inter
606 2154 655 2170 nos
666 2154 698 2171 ex
711 2153 765 2170 una
776 2149 869 2179 parte,
884 2149 912 2170 et
923 2143 1064 2170 ecclesiam
1077 2142 1249 2169 Ninivensem
1260 2153 1292 2170 ex
1303 2143 1399 2175 altera,
1414 2145 1538 2180 quaestio
1549 2150 1671 2172 vertere-

154 2199 201 2220 tur
217 2201 300 2228 super
313 2192 477 2228 quibusdam
490 2191 602 2218 decimis
613 2212 620 2223 ,
635 2192 694 2217 sitis
706 2191 733 2217 in
753 2196 901 2226 personatu
915 2195 1008 2217 nostro
1022 2190 1056 2216 de
1070 2190 1222 2226 Berqesines
1234 2210 1241 2222 ,
1258 2199 1327 2226 quas
1335 2191 1400 2225 jure
1418 2195 1579 2226 patronatus
1593 2193 1672 2219 nobis

153 2245 309 2276 competere
317 2239 505 2266 asserebamus
514 2248 521 2265 z
532 2248 592 2271 nos,
602 2238 665 2265 licet
671 2238 765 2264 eadem
773 2237 886 2264 ecclesia
893 2247 977 2274 super
985 2237 1155 2273 possessione
1162 2236 1298 2263 dictarum
1306 2237 1473 2263 decimarum
1483 2239 1671 2275 praescriptio-

155 2297 216 2314 nem
226 2289 348 2323 potuerit
355 2286 511 2317 ostendere,
523 2291 723 2322 competentem
731 2291 820 2312 tamen
829 2294 879 2321 pro
888 2285 960 2311 bono
969 2285 1042 2320 pacis
1051 2289 1161 2311 mutuae
1172 2284 1206 2310 de
1214 2284 1327 2311 consilio
1337 2285 1472 2311 bonorum
1481 2286 1601 2313 virorum
1609 2296 1670 2313 cum

159 2335 254 2361 eadem
263 2334 377 2361 ecclesia
389 2334 526 2360 Ninivensi
534 2333 758 2369 compositionem
767 2338 794 2359 et
803 2333 990 2359 concambium
1003 2331 1126 2364 secimus‚
1137 2331 1189 2358 sub
1197 2331 1247 2358 hac
1255 2331 1341 2358 forma
1349 2332 1475 2359 videlicet
1483 2333 1556 2368 quod
1565 2343 1670 2360 omnem

159 2382 290 2409 decimam
305 2383 384 2408 istam
396 2402 404 2413 ‚
417 2390 499 2416 quam
510 2381 538 2407 in
548 2380 620 2407 dicta
637 2385 786 2416 personatu
794 2379 828 2406 de
835 2379 991 2416 Berqesiues
1006 2378 1078 2406 dicta
1091 2378 1243 2406 Ninivensis
1254 2379 1367 2406 ecclesia
1378 2379 1500 2415 percepit
1513 2385 1540 2406 et
1553 2381 1673 2416 possedit

156 2438 244 2464 usque
262 2428 343 2454 modo
356 2427 470 2454 ecclesia
489 2433 582 2454 nostra
595 2427 629 2454 de
646 2427 675 2454 S.
691 2427 822 2462 Dionysio
839 2427 948 2463 integre
960 2426 994 2453 de
1007 2431 1116 2453 caetero
1129 2426 1293 2462 possidebit;
1313 2426 1427 2453 ecclesia
1440 2436 1506 2453 vero
1521 2427 1672 2456 Ninivensis

157 2485 236 2503 versa
250 2476 309 2502 vice
321 2474 446 2501 similiter
459 2474 493 2501 de
503 2474 647 2501 duodecim
656 2473 777 2501 bonariie
786 2479 876 2500 terrae
890 2482 956 2500 suae
969 2474 991 2500 si
999 2473 1137 2500 suffecerit
1149 2493 1158 2506 ‚
1173 2472 1216 2500 vel
1227 2474 1250 2499 si
1258 2474 1284 2500 in
1296 2479 1370 2500 terra
1379 2483 1427 2500 sua
1443 2475 1532 2501 minus
1545 2474 1628 2502 suerit
1639 2476 1672 2502 de

154 2523 207 2549 alia
221 2528 295 2550 terra
306 2522 405 2548 ibidem
419 2521 641 2555 circumjacente,
654 2521 766 2548 totalem
777 2521 907 2548 decimam
916 2526 944 2548 et
952 2521 1064 2557 garbam
1073 2521 1178 2556 pariter
1188 2530 1250 2548 cum
1260 2521 1333 2547 omni
1343 2521 1500 2557 integritate
1511 2522 1636 2550 absolute
1647 2529 1673 2550 et
