2118 3184
436 423 697 459 CHRONICON
730 423 943 458 BALDUINI
971 422 1272 458 NINOVIENSIS.
1545 423 1614 458 663

99 540 130 566 et
158 532 350 566 Valeriani.
377 533 506 566 Urbani
530 545 640 579 papae
664 539 694 566 et
721 532 878 565 Maximi.
910 533 981 578 ipsa
1005 531 1151 566 Caecilia
1176 532 1370 574 revelante,
1395 531 1560 578 cognovit
1582 537 1613 563 ct

99 591 231 624 invenit
250 597 285 624 et
307 592 519 637 transposuit
545 592 578 624 in
605 591 767 624 ecclesia.
789 603 896 636 quam
924 591 996 636 ipse
1018 590 1276 624 aedificaverat.
1304 589 1501 623 Bcrnardus
1524 589 1613 622 filius

103 649 242 695 Pippini
254 676 262 683 .
281 649 340 682 filii
357 649 470 682 karoli
486 648 602 696 Magni
617 676 625 690 .
643 661 700 682 rex
719 649 853 691 ltaliae.
875 648 1081 682 accusatus¹
1103 655 1226 682 contra
1241 649 1487 694 imperatorem
1505 648 1615 681 factae

100 714 297 741 accusatus.
317 707 431 753 primo
446 719 556 754 regno
570 714 605 740 et
618 708 728 741 oculis
741 734 749 749 7
767 707 897 740 dehinc
911 708 980 740 vita
997 708 1166 753 privatur.
1181 708 1249 741 Leo
1264 708 1455 753 imperator
1469 707 1616 753 punitur

101 767 146 800 ab
164 766 285 800 amicis
311 765 490 800 Michaelis
515 773 622 812 atque
650 766 722 812 ipse
747 766 894 800 Micliael
917 763 960 799 de
987 766 1162 800 monacho
1187 767 1369 799 restitutus
1394 766 1524 799 throno
1553 777 1615 799 suo

101 824 220 858 denuo
242 825 427 870 imperavit
447 825 548 858 annis
570 825 614 857 ix.
642 825 680 857 ln
704 824 873 872 'l‘uriugia
892 836 1011 870 cespes
1039 824 1260 872 longitudine
1283 824 1415 870 pedum
1437 825 1616 870 quinqua-

99 883 197 930 ginta
211 909 219 923 ‚
256 881 441 915 latitudine
472 889 628 928 quatuor
642 909 651 925 ,
681 882 868 916 altitudine
895 882 1129 929 sesquipedali
1159 883 1233 916 sine
1258 883 1420 916 manibus
1451 882 1495 916 de
1524 889 1615 916 terra

107 941 283 986 praecisus
305 947 340 973 et
359 940 449 975 ultra
474 940 580 987 pedes
602 953 666 974 xxv
684 941 872 975 translatus
893 948 945 974 est
963 942 999 974 in
1019 940 1178 974 Saxonia.
1199 941 1315 975 Tellus
1334 942 1369 974 in
1390 940 1534 975 modum
1553 954 1617 989 ag—

101 999 193 1047 geris
209 999 317 1033 limite
338 1000 443 1033 unius
463 1000 584 1047 leugae
604 1000 786 1034 intumuit.
811 1000 849 1033 ln
871 1001 1048 1033 territorio
1067 1012 1212 1046 quoque
1226 999 1399 1042 Tullensi.
1422 1000 1498 1033 villa
1518 999 1617 1033 Com-

103 1058 276 1092 merciaco
286 1085 294 1091 .
313 1059 427 1104 puella
442 1058 642 1093 duodennis
658 1066 737 1105 post
749 1071 882 1092 sacram
897 1059 1184 1092 communionem
1200 1059 1237 1091 in
1252 1058 1385 1092 Pascha
1398 1065 1612 1104 susceptam.

101 1116 258 1162 primum
286 1128 347 1162 per
369 1116 491 1150 decem
512 1129 648 1151 menses
671 1129 780 1162 pane7
809 1116 938 1150 deinde
959 1117 1055 1150 omni
1075 1117 1154 1150 cibo
1176 1123 1210 1149 et
1229 1123 1317 1162 potu
1340 1129 1402 1162 per
1425 1117 1615 1150 triennium

103 1175 294 1215 abstinuit.
316 1182 351 1209 et
373 1182 491 1221 postea
514 1175 559 1209 ad
578 1188 785 1209 communes
808 1176 905 1209 cibos
927 1187 1062 1208 reversa
1081 1175 1151 1208 cito
1169 1174 1309 1208 defecit.

151 1233 340 1267 Lotharius
349 1260 358 1275 ,
371 1233 463 1267 filius
472 1234 694 1279 imperatoris
704 1261 712 1277 ,
725 1246 743 1267 a
754 1240 852 1279 patre
862 1234 896 1266 in
907 1233 1040 1266 Italiam
1051 1232 1225 1275 directus.
1239 1245 1258 1266 a
1269 1233 1424 1267 Paschali
1438 1245 1527 1280 papa
1537 1246 1618 1267 con-

103 1298 258 1326 secratus
278 1303 445 1325 coronam
465 1292 565 1339 regni
579 1298 614 1325 et
630 1292 778 1339 Augusti
793 1303 921 1325 nomen
936 1291 1197 1337 praesumptive
1211 1291 1363 1336 accepit7
1380 1304 1444 1337 pro
1462 1304 1534 1337 quo
1549 1293 1618 1325 cri-

103 1351 199 1384 mine
213 1350 344 1384 Romae
362 1349 508 1396 quidam
528 1350 701 1384 nobilium
717 1350 903 1396 plusjusto
921 1350 986 1383 sibi
1006 1349 1161 1382 faventes
1183 1350 1420 1394 perimuntur.
1444 1350 1618 1384 Paschalis

103 1420 248 1455 quoque
265 1407 423 1454 ejusdem
443 1408 655 1456 redargutus
674 1408 830 1442 criminis
849 1420 967 1442 coram
987 1408 1160 1453 episcopis
1181 1420 1216 1441 se
1235 1415 1419 1456 expurgat.
1441 1409 1617 1456 Eugenius

104 1479 194 1513 papa
217 1466 391 1513 praesidet
409 1468 523 1501 tribus
544 1467 657 1500 annis.
686 1468 786 1501 Anno
809 1467 949 1500 Domini
972 1465 1194 1500 DCCCXXVI
1216 1466 1251 1499 in
1279 1466 1387 1500 Gallia
1405 1473 1486 1500 ante
1502 1467 1618 1500 solsti-

103 1525 193 1560 tium
221 1525 413 1569 aestivum.
439 1532 518 1559 aere
545 1525 581 1558 in
608 1531 854 1571 tempestatem
878 1531 1057 1568 vertente,
1086 1525 1209 1572 ingens
1230 1524 1469 1572 fragmentum
1497 1525 1617 1572 glaciei

103 1595 185 1618 cum
200 1583 372 1631 grandine
385 1584 528 1627 cecidit7
545 1584 646 1630 cujus
659 1583 846 1632 longitudo
861 1583 968 1630 pedes
981 1596 1042 1627 xv,
1059 1582 1208 1617 latitudo
1221 1595 1297 1627 sex.
1315 1583 1515 1631 grossitudo
1529 1583 1619 1618 duos

103 1643 269 1676 habebat.
291 1642 462 1677 Haraldus
480 1655 540 1676 rex
560 1644 739 1677 Danorum
765 1654 845 1676 cum
866 1642 1032 1676 omnibus
1046 1642 1111 1675 sibi
1130 1642 1296 1687 subjectis
1314 1641 1515 1690 Maguntiae
1530 1643 1619 1688 bap-

103 1700 231 1734 tizatur
244 1707 279 1734 et
292 1701 337 1734 ab
354 1701 566 1747 imperatore
585 1708 684 1747 parte
699 1701 831 1749 Frigiae
848 1701 884 1734 in
899 1700 1111 1734 beneficium
1130 1700 1195 1734 sibi
1214 1699 1294 1734 data
1310 1700 1518 1734 honoratur.

154 1758 318 1793 Rabanus
331 1786 339 1802 .,
358 1759 591 1805 philosophus
606 1766 641 1793 et
654 1766 740 1793 tunc
753 1759 923 1805 temporis
938 1765 1041 1805 poeta
1055 1758 1141 1792 nulli
1159 1757 1335 1792 secundus
1345 1786 1353 1802 .,
1371 1759 1411 1792 fit
1423 1759 1530 1793 abbas
1546 1760 1619 1793 Ful-

105 1816 234 1851 densis.
256 1817 411 1864 Corpora
430 1818 621 1852 Marcellini
644 1825 679 1853 et
698 1818 791 1852 Petri
807 1819 843 1852 in
860 1818 1039 1852 Franciam
1062 1824 1097 1851 et
1115 1816 1307 1851 sebastiani
1328 1818 1490 1864 martyris
1514 1817 1620 1851 Sues-

105 1876 212 1910 sionis
224 1889 244 1910 a
263 1877 374 1911 Roma
390 1878 557 1911 translata
575 1884 678 1922 sunt,
700 1878 762 1911 ubi
777 1884 812 1911 et
825 1889 955 1923 corpus
973 1876 1133 1924 Gregorii
1152 1888 1262 1922 papae
1279 1883 1366 1910 tunc
1384 1889 1456 1923 quo
1470 1877 1620 1910 transla—

105 1941 183 1968 tum
204 1947 278 1969 esse
303 1935 446 1970 dicitur.
471 1936 678 1971 Valentinus
704 1949 794 1983 papa
817 1935 993 1982 praesidet
1016 1935 1252 1983 quadraginta
1275 1935 1413 1970 diebus.
1438 1935 1518 1978 Quo
1541 1942 1619 1982 post

105 1993 343 2042 quadraginta
363 1993 437 2027 dies
455 1994 646 2038 defuncto,
668 2001 817 2041 quartus
833 1995 940 2040 hujus
961 1994 1115 2028 nominis
1128 2005 1219 2040 papa
1232 1993 1424 2042 Gregorius
1442 1993 1619 2028 Romanae

106 2053 271 2087 ecclesiae
291 2052 467 2098 praesidet
480 2054 581 2087 annis
598 2066 653 2087 xv.

155 2110 285 2145 Contra
298 2110 518 2145 Ludovicum
536 2112 786 2158 imperatorem
801 2111 993 2145 commotio
1007 2117 1042 2144 et
1055 2110 1213 2144 simultas
1227 2110 1382 2143 filiorum
1395 2110 1470 2155 ejus
1484 2116 1519 2143 et
1533 2112 1622 2156 opti-

108 2175 244 2203 matum
263 2169 431 2203 exoritur.
453 2169 793 2216 Constantinopolim
814 2169 1033 2215 Theophilus
1054 2169 1205 2214 imperat
1222 2168 1323 2201 annis
1339 2180 1394 2202 xv.
1414 2168 1452 2201 In
1473 2168 1620 2202 W'asco-

107 2228 165 2262 nia
182 2239 321 2261 annona
336 2227 380 2261 de
395 2228 492 2262 coelo
506 2229 597 2274 pluit
614 2229 794 2262 frumento
812 2228 953 2271 similis.
974 2226 1036 2261 sed
1055 2239 1164 2275 grana
1182 2227 1343 2260 breviora
1361 2233 1396 2260 et
1413 2225 1620 2260 rotundiora

108 2287 254 2321 habens.
276 2288 377 2321 Anno
392 2287 531 2321 Domini
549 2287 774 2321 DCCCXXXI
788 2314 796 2330 7
818 2287 879 2333 qui
898 2293 951 2320 est
968 2297 1081 2320 annus
1093 2286 1138 2319 ab
1152 2286 1252 2319 initio
1271 2284 1396 2319 mundi
1415 2285 1619 2331 quadrimil-

108 2346 251 2379 lesimus
271 2345 353 2379 DCC
374 2352 409 2379 et
430 2346 659 2389 LXXXVIII.
681 2346 804 2379 finitur
825 2357 939 2379 nonus
961 2356 1111 2392 magnus
1133 2356 1246 2378 annus
1259 2371 1267 2387 7
1293 2344 1354 2391 qui
1375 2351 1427 2378 est
1445 2356 1619 2378 annorum

109 2403 290 2446 DXXXII7
312 2403 380 2437 hoc
393 2403 590 2438 secundum
609 2404 911 2450 computationem
931 2415 1053 2437 eorum
1072 2402 1133 2449 qui
1147 2414 1183 2436 se
1201 2402 1270 2436 hoc
1288 2414 1329 2436 ex
1346 2401 1510 2436 hebraica
1529 2403 1620 2437 veri-

148 2535 156 2552 ¹
183 2534 223 2560 Ita
235 2533 335 2564 codex.
350 2533 496 2569 legendum
511 2533 554 2560 bic
567 2538 642 2560 certe
656 2534 855 2569 conjurationis.
