2118 3184
776 377 1067 414 APPENDICES.
1607 379 1678 417 975

158 485 274 512 testibus
287 486 357 511 infra
372 486 481 522 scriptis
493 486 675 512 constitutus.
692 486 851 521 recognovit
866 486 1032 513 sufficienter
1044 495 1073 513 se
1086 486 1194 514 dedisse
1209 496 1257 513 seu
1275 487 1393 524 legasse,
1409 497 1439 514 ac
1451 488 1532 514 etiam
1546 487 1621 514 dedit
1633 497 1679 514 scu

158 532 258 568 legavit
273 533 299 559 in
315 543 411 569 puram
427 533 626 569 eleemosynam
640 534 706 559 viris
723 533 859 569 religiosis
876 534 987 560 &omino
1001 534 1093 560 abbati
1108 544 1138 561 ac
1151 536 1298 561 conventui
1313 535 1450 562 Ninivensi
1460 557 1467 565 ,
1484 535 1588 562 ordinis
1601 535 1682 562 Prae-

159 581 366 607 monstratensis
377 602 384 611 ,
399 586 426 607 et
440 590 536 607 eorum
551 581 718 607 monasterio
729 586 851 616 quatuor
865 580 949 607 libras
963 581 1133 609 flandrenses
1147 583 1173 609 in
1189 588 1263 609 terra
1276 582 1311 609 de
1327 583 1403 609 Alo-st
1417 583 1551 609 usualiter
1565 592 1682 610 curren-

158 633 216 655 tes.
231 629 315 654 annui
329 634 356 655 et
376 629 504 664 perpetui
520 628 657 662 redditus3
677 637 746 664 quas
760 633 881 664 quatuor
900 628 982 656 libras
996 629 1047 655 sibi
1065 629 1166 656 debent
1183 631 1324 657 annuatim
1340 632 1412 657 inter
1426 630 1516 657 natale
1533 630 1640 656 Domini
1655 637 1683 657 et

156 675 334 710 Epiphaniam
347 675 408 709 ejus
421 675 545 711 proximo
559 680 736 711 sequentem.
751 674 894 701 domicella
910 675 1016 711 Agnes.
1031 675 1104 702 dicta
1117 676 1151 702 dc
1165 676 1325 710 Cudelbroc,
1341 683 1369 704 et
1383 678 1442 711 ejus
1457 677 1537 704 liberi
1549 677 1584 703 de
1599 678 1681 713 quin-

157 731 213 758 que
227 723 348 749 bonariis
363 727 453 748 terrae
469 722 598 753 arabitis,
615 732 712 757 parum
726 722 789 757 plus
802 721 845 748 vel
859 723 963 749 miuus.
978 723 1097 756 jacentis
1112 729 1175 749 ante
1192 729 1298 759 portam
1313 724 1401 751 dictae
1421 725 1592 752 domicellae.
1608 726 1681 761 apud

162 769 320 803 cudelbmc,
334 775 362 796 et
371 770 451 803 juxta
460 778 586 805 campum
596 770 643 805 qui
656 769 759 795 dicitur
768 768 949 795 Scellz'ncsvelc
959 791 966 800 ‚
981 779 1011 795 ac
1023 770 1105 795 etiam
1118 770 1253 806 quidquid
1265 771 1338 805 juris
1353 772 1435 798 habet
1446 772 1536 798 dictus
1553 772 1683 808 Aegidius

157 817 184 842 in
201 822 276 843 terra
289 817 429 852 praedicta
443 825 548 842 necnon
564 817 673 843 redditu
692 822 854 843 memorato.
871 817 939 843 Item
950 838 957 849 ‚
978 818 1137 853 recognovit
1151 827 1182 844 ac
1196 818 1271 844 dedit
1287 828 1333 845 seu
1351 819 1452 855 legavit
1466 819 1535 846 idem
1553 820 1684 856 Aegidius

158 865 184 889 in
197 872 295 899 puram
308 863 508 899 eleemosynam
521 863 656 899 religiosis
669 863 814 890 antedictis
824 885 830 893 ,
847 868 874 889 et
890 864 1056 890 monasterio
1069 873 1164 890 eorum
1179 873 1265 891 unum
1280 865 1399 892 modium
1415 866 1545 892 frumenti
1558 867 1591 892 ad
1607 876 1684 893 men-

157 919 249 936 suram
266 910 301 937 de
321 910 415 944 Alexi,
431 911 515 937 annui
535 910 660 937 similiter
680 920 711 936 ac
730 911 856 946 perpetui
875 910 1016 942 redditus,
1039 920 1121 946 quem
1141 911 1221 943 emit,
1238 912 1343 945 jamdiu
1365 918 1421 940 est,
1442 923 1507 949 erga
1528 913 1681 941 W'alterum

155 957 259 984 dictum
275 958 377 985 coester
389 957 424 984 (le
434 957 555 989 Lebeke,
568 958 736 994 assignatum
751 967 836 992 supra
850 967 935 983 unum
950 958 1094 984 bonarium
1108 963 1198 984 terrae
1210 958 1296 993 ipsius
1306 980 1313 985 .
1326 959 1444 992 jacentis
1458 960 1531 995 apud
1548 960 1643 987 Lebeke
1655 963 1681 987 in

158 1004 219 1031 loco
231 1005 279 1040 qui
293 1004 396 1031 dicitur
409 1004 570 1038 Calvenelt,
585 1009 613 1031 et
624 1025 630 1036 ,
646 1004 866 1040 quidquidjuris
877 1004 960 1030 habet
971 1004 1062 1031 dictus
1076 1004 1125 1031 Ae.
1138 1005 1164 1031 in
1178 1005 1272 1031 eadem
1285 1011 1374 1040 terra3
1391 1006 1442 1033 boc
1452 1007 1560 1041 adjecto
1574 1008 1648 1043 quod
1660 1009 1681 1035 si

156 1053 298 1089 contingat
309 1052 383 1089 quod
397 1052 498 1088 aliquis
511 1052 554 1079 vel
567 1052 651 1088 aliqui
665 1052 784 1078 dixerint
798 1052 849 1078 sibi
860 1052 1048 1088 aliquidjuris
1060 1053 1086 1078 in
1103 1053 1184 1079 terris
1195 1053 1342 1087 praedictis
1356 1059 1382 1079 et
1394 1055 1522 1089 superius
1533 1055 1679 1082 distinctis.

157 1101 194 1126 ita
207 1099 283 1135 quod
296 1099 362 1126 dicti
376 1099 497 1136 religiosi
513 1100 593 1126 dictis
611 1099 766 1126 redditibus
784 1099 836 1125 sibi
853 1099 924 1125 datis
939 1108 988 1126 seu
1006 1099 1117 1136 legatis,
1133 1109 1165 1126 ac
1179 1100 1335 1134 etiamjure
1350 1110 1400 1127 suo
1415 1101 1556 1136 praedicto
1570 1101 1624 1128 frui
1639 1103 1683 1129 vel

156 1146 279 1183 gaudere
290 1146 376 1173 libere
389 1156 444 1173 non
459 1151 586 1182 possent,
605 1147 754 1183 assignavit
766 1151 794 1172 et
807 1147 928 1183 assignat
943 1146 1031 1173 dictus
1049 1146 1098 1173 Ae.
1116 1146 1196 1173 dictis
1213 1146 1348 1183 religiosis
1364 1153 1391 1174 et
1406 1150 1571 1175 monasterio
1585 1159 1680 1176 eorum

156 1194 289 1220 ducentas
305 1193 390 1220 libras
403 1194 492 1220 dictae
506 1199 631 1220 monetae
645 1194 672 1220 in
684 1193 883 1229 eleemosynam
897 1203 982 1230 supra
996 1193 1136 1229 praedicta
1154 1195 1279 1230 quinque
1297 1195 1410 1221 bonaria
1426 1201 1516 1222 terrae
1535 1197 1569 1223 de
1586 1197 1683 1223 cudet-

158 1241 228 1267 broc.
240 1246 268 1268 et
276 1246 386 1268 centum
400 1241 485 1267 libras
497 1240 620 1275 ejusdem
633 1245 774 1273 monetae,
788 1241 815 1267 in
826 1240 1027 1276 eleemosynam
1039 1250 1124 1276 supra
1137 1241 1304 1276 praedictam
1317 1242 1440 1278 quinque
1460 1243 1573 1269 bonaria
1591 1249 1683 1271 terrae

156 1288 191 1315 de
203 1288 346 1314 Cudelbroc
355 1293 383 1315 et
392 1293 502 1314 centum
513 1287 598 1314 libras
611 1287 733 1321 ejusdem
745 1292 870 1314 monetae
882 1288 909 1314 in
920 1287 1121 1323 eleemosynam
1131 1297 1216 1324 supra
1224 1288 1328 1315 dictum
1338 1289 1482 1315 bonarium
1493 1295 1584 1317 terrae
1592 1291 1685 1325 jacen-

159 1336 194 1362 tis
207 1336 234 1361 in
250 1334 393 1361 calven-ceu
407 1355 414 1366 ‚
427 1340 455 1361 et
469 1344 555 1370 supra
568 1343 648 1360 omne
659 1335 707 1368 jus
721 1334 795 1370 quod
810 1334 894 1361 habet
907 1334 978 1361 idem
992 1335 1042 1361 Ae.
1056 1336 1083 1361 in
1098 1335 1180 1361 terris
1195 1335 1343 1370 praedictis
1355 1336 1460 1372 absque
1473 1337 1564 1373 aliqua
1581 1338 1685 1365 deduc-

157 1383 232 1410 tione
243 1382 385 1409 l'ructuum
396 1387 590 1418 perceptorum
599 1402 606 1415 ‚
620 1391 690 1418 quos
699 1383 780 1408 etiam
787 1383 808 1408 si
818 1382 1009 1418 perceperint,
1019 1383 1126 1409 confert
1139 1383 1264 1409 similiter
1275 1383 1364 1409 dictus
1375 1384 1424 1410 Ae.
1439 1385 1467 1410 in
1481 1385 1682 1420 eleemosynam

158 1429 294 1466 religiosis
310 1428 466 1456 antedictis.
485 1429 581 1455 Testes
595 1429 642 1465 qui
662 1429 819 1464 praemissis
837 1429 1027 1455 interfuerunt
1043 1430 1149 1455 vocati:
1168 1429 1296 1456 dominus
1308 1430 1465 1463 Johannes,
1485 1432 1534 1458 Dei
1551 1433 1684 1468 patientia

158 1477 311 1503 Ninivensis
331 1476 433 1510 abbas3
455 1475 556 1502 fratres
569 1475 726 1509 Johannes,
749 1476 842 1512 prior,
862 1476 950 1502 Lucas
962 1496 969 1508 ‚
989 1475 1137 1511 subprior,
1155 1476 1312 1509 Johannes,
1333 1477 1484 1512 plebanus,
1501 1479 1632 1515 Aegidius
1649 1480 1683 1506 de

159 1524 279 1551 Lovanio
288 1545 295 1551 .
309 1522 450 1549 ,lohannes
462 1522 582 1549 Scermer
593 1529 621 1549 et
634 1523 773 1550 Gerardus
785 1523 820 1550 de
833 1522 999 1560 Berlinqltem
1009 1544 1017 1556 ‚
1030 1523 1189 1550 sacerdotes
1203 1528 1231 1550 et
1244 1525 1368 1551 canonici
1380 1525 1480 1551 ibidem
1491 1536 1497 1560 ς
1514 1527 1578 1553 item
1590 1548 1597 1560 ,
1613 1527 1683 1554 Leo-

157 1573 220 1598 nins
233 1577 261 1598 et
273 1571 375 1606 Symon
387 1571 422 1597 de
435 1570 543 1597 Allodio
559 1575 587 1597 et
604 1571 638 1597 de
660 1570 808 1607 okenghem
821 1571 994 1606 presbyteri5
1013 1570 1153 1597 Iohannes
1170 1571 1261 1598 dictus
1283 1571 1458 1607 Coeden-thiar,
1479 1574 1634 1610 presbyter,
1655 1582 1684 1602 et.

158 1619 293 1646 Henricus
311 1618 346 1644 de
366 1617 539 1644 Wassenliove
549 1638 556 1650 ‚
572 1618 731 1653 presbyter,
752 1617 893 1644 lohannes
905 1617 1009 1653 Coqus,
1024 1617 1200 1653 capellanus,
1222 1618 1369 1651 Henricus,
1394 1620 1540 1655 presbyter
1553 1621 1586 1648 de
1600 1622 1682 1658 lyes—

157 1666 275 1702 frethm
287 1664 373 1692 etalii
389 1664 483 1700 plures
501 1664 556 1691 fide
567 1664 653 1701 digni.
676 1665 706 1691 ln
719 1675 839 1700 quorum
856 1665 977 1692 omnium
997 1666 1183 1692 testimonium
1203 1666 1284 1691 etiam
1301 1675 1350 1692 nos
1369 1666 1466 1693 decani
1483 1669 1683 1703 praenominati

156 1714 284 1740 duximus
291 1712 379 1749 sigilla
389 1717 483 1738 nostra
494 1713 687 1748 praesentibus
694 1712 794 1739 litteris
803 1712 978 1749 apponenda.
989 1712 1087 1739 Actum
1095 1717 1122 1739 et
1133 1713 1306 1748 recognitum
1317 1723 1390 1739 auno
1399 1713 1507 1740 Domini
1516 1714 1679 1749 MCCXCIX,

159 1762 294 1788 dominica
306 1766 370 1787 ante
383 1761 455 1787 diem
469 1759 607 1787 Cinerum.

997 1808 1107 1840 Original
1115 1827 1122 1835 ,
1136 1808 1198 1832 deux
1210 1816 1296 1832 sceaux
1308 1816 1338 1833 en
1349 1808 1397 1833 cire
1410 1809 1486 1833 brnne
1498 1810 1681 1843 endommage's.

191 1911 218 1934 A
225 1912 284 1934 cette
291 1910 360 1942 piece
370 1913 406 1934 est
414 1909 525 1934 attache'e
534 1916 584 1934 une
593 1909 673 1934 bande
681 1909 712 1933 de
717 1909 870 1940 parchemin
877 1927 883 1937 ,
893 1909 926 1933 σὰ
936 1916 970 1933 οη
978 1909 1010 1933 lit
1020 1917 1029 1932 .·
1039 1909 1100 1932 Item
1108 1927 1115 1934 .
1129 1916 1172 1933 nos
1184 1909 1316 1940 presbyteri
1329 1917 1370 1933 seu
1379 1910 1494 1941 capellani
1505 1911 1681 1942 praenominati

157 1960 185 1977 ac
192 1956 264 1977 testes
272 1952 300 1977 ad
312 1951 442 1984 praemissa
453 1951 601 1976 testificanda
613 1951 706 1981 vocati,
717 1951 797 1983 sigilla
805 1954 887 1975 nostra
896 1959 944 1975 una
956 1959 1011 1974 cum
1022 1951 1106 1982 sigillis
1117 1951 1224 1975 virorum
1234 1951 1405 1976 venerabilium
1415 1952 1560 1977 decanorum
1573 1954 1683 1978 christia-

158 1994 238 2020 nitatis
250 1994 427 2026 praedictorum
441 1993 553 2018 duximus
562 1993 682 2025 praesenti
690 1993 787 2017 cedulae
795 1993 879 2017 litteris
890 1993 1016 2024 praedictis
1028 1993 1116 2017 infixae
1125 1993 1268 2025 apponenda
1276 2012 1283 2024 ‚
1299 1994 1323 2018 in
1334 1994 1499 2019 testimonium
1514 2003 1541 2019 ac
1556 1996 1680 2021 munimen

158 2037 266 2062 omnium
279 2037 473 2069 praemissorum.
485 2039 569 2061 Actum
577 2041 601 2061 et
609 2036 760 2068 recognitum
767 2056 773 2065 .,
786 2044 850 2061 anno
864 2036 959 2061 Domini
968 2044 996 2060 ac
1005 2036 1043 2061 die
1053 2036 1188 2068 praedictis.

1116 2098 1225 2130 Origiual
1233 2116 1241 2128 ,
1251 2098 1309 2122 trois
1317 2098 1388 2129 petits
1397 2105 1483 2123 sceaux
1495 2106 1525 2122 en
1535 2099 1583 2123 cire
1594 2100 1679 2124 brune.

874 2187 938 2199 11
