2118 3184
746 413 889 448 APPEN
897 413 1034 448 DlCES.
1589 416 1655 450 887

133 529 187 554 que
201 520 316 546 iii-miter
325 521 515 547 observarent.
528 521 579 547 Nos
587 526 678 554 autem
689 526 717 547 et
729 520 820 547 dictus
833 521 1011 547 Sebastianus
1023 530 1083 547 cum
1097 522 1131 547 ab
1143 522 1241 548 abbate.
1256 522 1290 549 dc
1304 523 1408 553 Ninive,
1425 525 1518 559 priore
1531 529 1557 549 et
1574 524 1656 549 l'ratrv

134 567 258 594 Soikino.
276 568 413 593 canonicis
426 568 511 603 ipsius
525 567 576 594 loci
591 572 619 593 et
633 576 647 592 a
661 567 779 593 scabinis
790 573 817 594 et
829 568 985 594 senioribus
1000 568 1080 595 villae
1094 568 1128 594 de
1141 568 1268 595 strithem
1280 591 1286 600 ,
1303 571 1502 606 recepissemus
1513 572 1655 606 proprium

131 614 319 647 juramentum
333 620 361 640 et
372 623 466 640 eorum
477 614 674 640 audivissemus
683 613 878 649 depositiones,
889 614 994 650 liquido
1007 616 1186 651 cognovimus
1197 637 1203 646 ,
1214 616 1288 651 quod
1303 617 1374 643 sicut
1389 627 1404 642 a
1419 617 1517 643 diebus
1529 618 1657 652 antiquo—

135 671 195 687 rum
208 667 360 697 temporum
371 683 377 693 ,
391 662 512 687 virorum
529 661 676 687 illustrium
693 661 793 687 ducum
805 662 981 688 Brabantiac.
995 662 1103 688 circiter
1112 672 1161 698 per
1170 664 1370 699 quinquaginta
1379 674 1464 690 anuos
1476 664 1608 691 hactenus
1617 670 1654 690 est

132 708 324 739 observatum,
340 709 361 734 si
376 717 460 743 quum
475 707 693 734 denuntiandum
708 708 742 734 sit
761 708 890 743 placitum
905 709 931 734 in
945 708 1007 734 villa
1025 709 1058 734 dc
1073 708 1199 735 Slrilliem
1212 730 1219 743 ,
1235 719 1267 736 ex
1283 716 1361 745 parte
1378 711 1485 737 abbatis
1506 711 1656 738 Ninivensis

137 761 163 781 et
178 765 208 782 ex
223 760 300 791 parte
314 754 421 781 Domini
436 754 592 781 Godescalei
607 755 689 781 debet
705 755 879 786 denuntiari,
901 757 1100 791 propriumque
1114 756 1243 790 placitum
1260 762 1353 783 tenere
1371 766 1401 783 ac
1416 767 1511 793 regere
1527 759 1654 787 debetur,

135 803 239 838 pariter
253 802 365 828 nuntius
374 801 462 827 dictae
471 801 602 827 ecclcsiae
615 807 642 828 ct
657 802 770 827 nuntius
785 803 870 837 ipsius
883 802 984 828 domini
1000 802 1031 828 G.
1051 802 1182 829 forefacta
1197 813 1309 839 quoqne
1322 804 1410 830 omnia
1424 804 1456 829 de
1469 805 1657 831 mansionariis

133 849 222 875 dictae
233 848 362 874 ccclesiae
372 848 405 874 ‹lc
419 847 670 883 quibusjudicaret
685 848 726 875 vel
737 848 831 883 judice
847 849 854 866 ¹
871 849 961 875 solent
972 849 1076 875 scabini
1087 871 1093 877 ‚
1109 849 1211 876 debent
1224 850 1376 885 aequaliter
1392 851 1513 877 dividere
1529 853 1598 878 inter
1606 862 1635 878 se
1649 874 1655 878 .

134 897 171 922 ita
181 895 255 931 quod
269 895 381 922 ecclesia
397 896 459 922 iude
475 896 577 922 habere
587 896 670 922 debet
681 905 763 922 unam
778 896 950 923 medietatem
960 902 987 922 et
1001 896 1128 923 dominns
1140 897 1171 923 G.
1187 897 1317 932 alteram3
1335 904 1477 933 praeterea
1491 902 1570 934 siqua
1585 905 1657 926 terra

135 943 177 969 vel
191 947 300 978 pratum
312 942 354 968 vel
367 942 510 978 quodlibet
522 943 596 969 aliud
610 943 684 978 quod
699 943 733 969 ab
747 943 862 969 ecclesia
877 948 987 969 tenetur
997 944 1023 969 in
1038 943 1233 970 haereditatem
1245 944 1388 971 transferri
1403 945 1500 972 debeat
1513 956 1526 971 a
1538 957 1588 973 suo
1599 957 1655 982 Ρυεν

134 998 240 1016 sessore
253 989 286 1015 ad
296 989 379 1015 alium
392 998 441 1024 per
454 990 652 1016 successionem
665 1010 672 1022 ‚
687 989 862 1016 donationem
873 1011 879 1021 ‚
895 990 1094 1022 venditionem,
1106 992 1346 1018 commutationem
1361 992 1402 1018 vel
1413 993 1563 1028 quemlibet
1575 994 1655 1020 alium

134 1036 243 1063 modum
260 1057 266 1062 .
281 1036 325 1062 illa
343 1036 485 1062 translatio
499 1036 558 1062 ficri
571 1036 653 1063 debet
668 1045 717 1072 per
731 1037 856 1063 scabinos
870 1042 897 1063 ct
916 1046 965 1072 per
978 1038 1104 1063 nuntium
1120 1038 1251 1064 ecclesiae
1273 1038 1360 1065 solnm
1374 1060 1380 1070 ,
1403 1039 1480 1065 nullo
1502 1041 1609 1075 penitus
1623 1043 1656 1067 ad

134 1084 186 1111 hoc
199 1089 297 1110 vocato
308 1093 339 1110 ex
355 1089 432 1119 parte
447 1083 712 1110 domiuiGodel'ridi.
726 1084 820 1111 Omnis
838 1089 930 1110 autem
942 1084 996 1111 alta
1012 1085 1120 1119 justitia
1132 1107 1139 1115 ,
1156 1086 1260 1113 scilicet
1274 1087 1414 1123 sanguinis
1432 1088 1528 1115 effusio
1539 1109 1545 1117 .
1565 1090 1657 1115 incen-

133 1131 208 1157 dium
220 1152 226 1161 ,
242 1131 357 1162 furtum,
372 1131 516 1157 violentiae
529 1136 556 1157 ct
569 1131 719 1158 consimilia
730 1141 872 1158 remanere
881 1131 983 1157 debent
996 1141 1080 1167 penes
1091 1132 1179 1158 solum
1191 1133 1330 1159 dominum
1342 1134 1531 1166 Godesridum,
1545 1136 1577 1161 ad
1592 1136 1657 1162 haec

135 1183 255 1214 quatuor
267 1179 369 1205 scabini
382 1178 445 1214 eligi
458 1178 560 1204 debent
573 1178 673 1204 ibidem
685 1183 739 1204 tam
752 1189 783 1205 ex
799 1184 877 1214 parte
891 1179 976 1214 ipsius
989 1179 1020 1205 G.
1034 1189 1116 1215 quam
1127 1190 1159 1205 ex
1169 1185 1246 1215 parte
1260 1180 1390 1206 ccclesiae
1401 1188 1574 1208 memoratae.
1590 1182 1655 1208 Cum

134 1226 219 1261 igitur
230 1235 278 1261 per
292 1225 477 1260 depositiones
492 1230 545 1250 tam
561 1234 741 1260 personarum
755 1225 844 1252 dictae
858 1225 973 1252 ecclesia
987 1235 1069 1261 quam
1085 1226 1259 1252 scabinorum
1275 1231 1302 1252 et
1317 1227 1454 1253 seniorum
1475 1229 1563 1254 dictae
1578 1229 1656 1255 vinae

134 1273 169 1299 de
181 1271 309 1298 Stri'tliem
319 1293 325 1299 .
341 1272 419 1298 nobis
431 1272 573 1298 manifeste
587 1272 753 1303 innotuerit,
770 1272 844 1308 quod
855 1272 1005 1298 secundum
1018 1282 1049 1298 ea
1059 1282 1129 1308 quae
1143 1274 1291 1307 praemissa
1303 1278 1366 1299 suut
1377 1273 1438 1300 talis
1452 1275 1535 1301 suerit
1550 1285 1656 1310 posses-

134 1320 174 1346 sio
183 1319 272 1345 dictae
282 1318 412 1344 eeclesiae
425 1319 570 1344 observata
581 1327 596 1344 a
609 1318 708 1345 diebus
717 1319 838 1354 antiquis
852 1324 879 1344 et
892 1318 1052 1352 hujusmodi
1066 1319 1165 1345 debeat
1177 1320 1249 1345 sicut
1261 1319 1364 1346 dictum
1378 1325 1420 1346 est
1437 1321 1484 1354 jus
1497 1331 1556 1348 esse
1571 1323 1656 1358 ipsius

133 1366 236 1393 domini
246 1365 290 1396 G„
298 1366 377 1399 juxta
386 1365 460 1401 quod
473 1365 540 1391 illud
553 1365 704 1392 secundum
715 1365 875 1401 longaevam
890 1366 1119 1392 consuetudinem
1129 1371 1279 1392 tenuerunt
1290 1367 1374 1393 duces
1386 1367 1548 1395 Brabantiae
1558 1375 1585 1396 et
1593 1379 1658 1396 con-

135 1412 308 1439 suetudinem
323 1417 351 1438 et
363 1413 563 1448 possessionem
576 1413 718 1448 utrimque
731 1413 882 1439 secuudum
893 1422 923 1439 ca
937 1422 1008 1449 quae
1021 1413 1094 1439 dicta
1106 1419 1171 1440 sunt
1182 1434 1189 1445 ‚
1206 1419 1258 1440 tam
1273 1424 1287 1440 a
1297 1416 1420 1450 personis
1431 1415 1560 1443 ecclesiae
1574 1427 1655 1452 quam

134 1469 150 1486 a
163 1460 280 1487 scabinis
293 1464 321 1486 et
334 1459 489 1486 senioribus
503 1459 592 1486 dictae
606 1459 686 1486 villae
700 1460 941 1495 pronuntiavimus
955 1460 1082 1496 partibus
1096 1460 1243 1496 praedictis
1256 1461 1385 1497 deinceps
1399 1463 1593 1490 inviolabiliter
1609 1465 1658 1490 ob—

133 1507 291 1534 servandas.
300 1506 380 1542 Quod
393 1512 421 1533 et
429 1507 517 1533 dictae
533 1512 624 1543 partes
637 1507 726 1534 facere
739 1508 792 1534 sub
806 1508 940 1543 praestito
949 1508 1109 1542 juramento
1127 1508 1244 1535 firmiter
1263 1509 1460 1544 promiserunt.
1477 1510 1507 1536 In
1525 1512 1604 1545 cnjus
1617 1513 1656 1537 rei

134 1555 319 1581 testimonium
334 1559 505 1590 praesentem
517 1560 619 1581 cartam
634 1555 724 1591 sigillo
737 1560 832 1581 nostro
846 1560 873 1582 et
887 1556 1093 1590 praedictorum
1107 1556 1215 1582 abbatis
1229 1557 1262 1583 de
1276 1557 1371 1584 Ninive
1381 1578 1387 1590 ‚
1403 1557 1506 1584 domini
1516 1558 1657 1585 Godel‘ridi

133 1607 161 1628 et
174 1602 275 1629 Mariae
288 1603 382 1629 uxoris
393 1611 459 1629 suae
476 1602 573 1638 sigillis
583 1602 709 1629 duximus
725 1602 922 1629 roborandum.
946 1603 1042 1630 Actum
1056 1613 1127 1630 anno
1147 1603 1249 1630 domini
1263 1603 1404 1631 MCCXLII
1414 1626 1421 1637 ⁷
1438 1614 1530 1632 mense
1547 1606 1654 1632 Martio.

1221 1669 1328 1701 Original
1338 1688 1344 1697 ,
1357 1678 1425 1694 sceau
1437 1670 1534 1695 deti-uit.

865 1740 927 1751 ll

837 1937 953 1972 CXCI.

137 2039 343 2087 Enyelbert,
363 2042 527 2087 sezjqneur
552 2038 746 2086 d’Ayyhem
758 2066 768 2081 ,
794 2040 960 2084 confir-me
980 2038 1015 2071 la
1033 2038 1200 2072 donatz'on
1225 2038 1314 2072 d’un
1334 2039 1598 2075 deonzzhonmer
1615 2043 1655 2076 (le

184 2104 276 2132 terre
290 2096 314 2132 ὰ
326 2097 501 2145 Helberylz
511 2125 520 2140 ,
535 2098 622 2143 faite
636 2096 660 2131 ἀ
674 2097 831 2144 l’abbaye
839 2109 916 2144 par
928 2109 991 2131 son
1005 2096 1122 2130 vassal
1142 2096 1341 2131 Cauderon.
1360 2118 1408 2123 —
1422 2098 1602 2133 HARTBEKE.

860 2265 931 2288 ¹245.

175 2338 232 2374 Ego
242 2337 417 2373 lngelbcrtus
430 2337 556 2363 dominus
567 2337 601 2363 dc
616 2338 756 2374 Aynqhem
773 2358 780 2371 ‚
795 2343 889 2364 notum
909 2337 978 2363 facio
996 2337 1187 2372 praesentibus
1203 2342 1231 2363 et
1252 2336 1354 2363 suturis
1365 2359 1371 2369 ,
1388 2338 1477 2373 quod,
1494 2348 1555 2364 cum
1571 2339 1657 2365 domi—

137 2395 189 2412 nus
201 2385 343 2412 Cauderon
355 2406 362 2417 ‚
378 2384 455 2411 miles
469 2385 502 2411 de
519 2384 622 2411 Boscho
637 2406 643 2416 ,
659 2385 809 2412 contulerit
821 2386 847 2412 in
856 2385 1055 2420 eleemosynam
1067 2384 1196 2411 ecclesiae
1208 2385 1345 2411 Ninivensi
1357 2385 1497 2412 dimidium
1511 2386 1654 2413 bonarium

137 2438 228 2459 terrae
242 2433 309 2458 sitae
324 2433 349 2457 in
364 2431 424 2458 loco
438 2433 484 2467 qui
500 2431 630 2468 [lelberqh
643 2432 798 2468 appellatur
809 2454 815 2464 ‚
833 2442 914 2468 quam
929 2438 1029 2459 terram
1045 2442 1060 2458 a
1070 2442 1111 2458 me
1127 2432 1238 2459 tenebat
1252 2433 1277 2458 in
1289 2432 1398 2459 feodum
1415 2454 1422 2464 ,
1436 2442 1487 2469 ego
1501 2434 1587 2460 eidem
1601 2436 1656 2460 col-

169 2530 174 2546 ¹
189 2531 243 2551 Sans
254 2530 322 2551 doute
328 2529 444 2557 judicare.
