2137 3131
411 372 480 406 926
1014 357 1302 395 APPENDICES.

407 479 517 505 dis-iam,
533 484 613 511 quam
632 473 696 499 dicti
718 476 844 507 parentes
865 470 915 494 mci
933 468 1119 504 promiserunt
1135 466 1169 492 de
1187 465 1315 492 omnibus
1330 465 1495 500 supradictis
1513 464 1602 490 dictae
1623 464 1754 491 ecclesiae
1776 463 1921 495 exhibere‚

410 526 481 551 und«.-
492 523 607 558 sigittnm
621 529 707 546 meum
723 518 858 554 praesenti
873 521 963 542 cartae
975 523 1113 550 apponere
1129 514 1203 540 volui
1216 515 1242 539 in
1257 514 1377 539 omnium
1392 512 1605 548 praemissorum
1622 512 1807 538 testimonium
1821 516 1849 538 et
1862 520 1925 538 mu·-

410 574 507 599 nimen.
521 571 529 596 1
546 574 651 595 tantvm
663 567 750 593 omnia
761 565 908 601 praelibata
919 564 944 589 in
954 567 1117 598 perpetuum
1129 561 1325 588 inviolabiliter
1335 565 1524 596 perseverent,
1535 565 1707 595 praesentem
1719 564 1821 585 cartam
1834 558 1924 585 dictae

409 618 536 645 ecclesiae
549 614 726 641 contulimus.
737 612 888 647 sigillorum
903 615 1059 636 nostrorum
1076 609 1225 634 munimine.
1237 607 1511 634 roboratam.Testes
1523 607 1604 633 etiam
1617 607 1664 642 qui
1678 606 1870 641 praesentibus
1883 605 1926 631 in-

410 666 563 691 tersuerunt
581 661 666 697 rogati
684 665 747 686 sunt
762 659 804 684 isti
825 668 831 684 ε
854 657 1002 684 Balduinus
1020 656 1054 682 de
1077 656 1195 687 Bal-‘reni
1214 655 1370 686 lValterus,
1387 653 1608 680 constabularius
1621 674 1628 687 ‚
1649 653 1790 679 Johannes
1803 653 1838 679 de
1857 652 1926 689 Lye—

410 712 520 747 bruqhe,
542 709 687 735 Balduinus
705 707 738 732 de
758 706 890 735 Kasetiu,
915 704 1076 740 Arnulphus
1091 703 1203 734 Bhdre,
1226 702 1366 728 Walterus
1387 701 1502 733 Mareia,
1524 701 1644 727 Jacobus
1659 701 1756 734 Faber,
1773 700 1877 727 scabini
1891 699 1926 726 de

409 757 572 790 t.idekerka;
592 756 691 790 Symon
713 754 746 780 de
761 753 845 779 Lewes
857 774 864 786 ‚
879 752 1029 787 Soykinus.
1053 750 1138 776 frater
1150 751 1227 784 ejus.
1245 750 1398 776 Gossuinus
1416 748 1504 781 Wale,
1523 748 1635 775 Yvanus
1653 749 1688 775 de
1709 747 1922 783 Hunseughem,

408 805 569 833 halduinus,
586 803 670 835 major
682 802 715 827 de
730 801 829 832 Lmvesss
849 799 972 826 homines
987 799 1088 825 feodati
1106 799 1210 831 nostri3
1231 797 1316 824 frater
1332 797 1466 822 Item-icus
1478 817 1484 827 ,
1501 797 1594 831 prior3
1610 796 1695 823 Rasso
1707 817 1714 829 ‚
1729 796 1860 829 sacrista3
1876 795 1926 821 Jo-

407 853 507 878 bannos
517 871 523 876 .
540 850 711 885 praepositus
722 869 727 879 ,
747 847 901 873 Wibertus.
921 845 1060 872 Johannes
1073 845 1108 871 de
1122 845 1285 870 Hunebeeca
1296 865 1303 875 ‚
1324 844 1452 878 magister
1465 843 1499 869 de
1513 842 1597 869 Scora
1607 864 1613 874 ,
1630 843 1788 874 Johannes,
1812 842 1926 878 presby-

407 905 448 925 ter
460 898 493 924 de
507 896 669 923 Lideterka.
686 895 799 930 Symon„
816 893 944 928 magister
957 892 1056 918 ibidem
1068 912 1074 923 ‚
1090 892 1247 917 sacerdotes
1260 895 1287 916 et
1300 890 1423 916 canonici
1438 890 1597 916 Ninivenses
1608 911 1615 922 ‚
1629 895 1657 916 et
1670 890 1714 916 alii
1729 889 1919 925 quamplures.

414 947 500 971 tetum
517 944 588 979 apud
603 942 752 969 Lidckerka
763 963 768 967 .
784 950 855 967 anno
866 941 970 976 gratiae
986 939 1152 966 MCCLXVH
1163 960 1170 969 ,
1187 948 1279 965 mense
1295 938 1405 964 Martio.
1450 930 1454 933 ¹

1415 1003 1525 1036 Original
1537 1022 1542 1026 .
1560 1011 1646 1028 sceaux
1663 1003 1777 1028 detrnits.

1056 1298 1252 1333 CCXXXY.

416 1399 445 1432 G
449 1397 612 1432 uillamne
627 1397 666 1431 de.
676 1396 889 1443 Lecleheiylze
897 1396 1032 1430 dec-lare
1041 1395 1129 1441 qu'z'l
1139 1408 1162 1429 a
1174 1395 1288 1429 venda
1303 1394 1325 1429 ά
1335 1396 1492 1442 l’ahlmye
1501 1395 1529 1429 le
1538 1396 1610 1429 bois
1623 1395 1664 1429 tle
1673 1394 1794 1429 Bouch
1800 1400 1860 1428 out
1866 1421 1878 1437 ,
1894 1399 1929 1428 et

442 1456 528 1502 qu'i’l
535 1456 578 1489 ΓΠ
594 1458 678 1489 mise
689 1468 729 1488 en
741 1456 932 1501 possession
949 1454 990 1487 de
1003 1466 1038 1487 ee
1052 1454 1129 1487 hieu
1146 1466 1227 1487 avec
1241 1459 1349 1487 tontes
1356 1454 1402 1487 les
1412 1455 1546 1499 formes
1559 1453 1889 1500 &ytalos—Pium.

937 1645 953 1666 A
965 1642 1122 1674 Grimberghe
1136 1646 1158 1666 et
1175 1642 1269 1666 Pamete
1278 1660 1285 1666 .
1301 1642 1374 1666 1267.

447 1727 503 1762 Ego
518 1725 686 1754 Willelmus,
705 1725 830 1751 dominus
844 1725 878 1751 de
894 1723 1068 1761 Ledeberge,
1087 1729 1182 1750 notum
1200 1723 1269 1750 facio
1285 1729 1338 1749 tam
1353 1723 1546 1759 praesentibus
1565 1732 1646 1759 quam
1665 1723 1766 1749 suturis
1783 1724 1810 1749 in
1829 1732 1928 1759 perpe-

411 1781 486 1800 tuum
498 1794 504 1799 .
519 1773 591 1808 quod
605 1782 655 1808 ego
669 1773 696 1798 in
711 1773 879 1798 necessitatis
892 1771 1008 1797 articulo
1022 1771 1141 1798 evidenti
1153 1793 1159 1803 ‚
1175 1780 1290 1807 meaque
1303 1772 1415 1806 propria
1434 1771 1576 1797 voluntate
1592 1776 1721 1806 pensata,
1737 1770 1847 1797 vendidi
1861 1771 1929 1807 legi-

410 1822 474 1847 timo
488 1825 628 1846 contractu
644 1824 705 1845 octo
722 1819 834 1845 bonaria
851 1818 969 1844 nemoris
983 1818 1026 1844 vel
1044 1819 1168 1850 circiter,
1189 1828 1288 1855 parum
1303 1818 1364 1853 plus
1378 1817 1421 1844 vel
1436 1819 1537 1849 minus,
1552 1818 1670 1852 jacentis
1689 1818 1716 1843 in
1733 1818 1876 1844 territorio
1892 1817 1926 1844 de

412 1867 542 1893 Pamella.
558 1867 584 1892 in
603 1866 662 1892 loco
683 1867 730 1902 qui
745 1866 845 1892 dicitur
864 1866 998 1898 Bochont,
1020 1876 1070 1901 pro
1089 1871 1199 1892 centum
1218 1865 1295 1892 libris
1311 1866 1530 1897 flandrensibus,
1549 1875 1685 1892 novorum
1699 1871 1726 1892 et
1739 1865 1834 1892 decem
1848 1865 1927 1892 libris

410 1914 610 1941 lovaniensibus
630 1918 787 1940 numeratae
806 1914 953 1948 pecuniae,
976 1918 1003 1939 et
1023 1913 1157 1949 pagabilis
1178 1913 1243 1939 mihi
1259 1922 1348 1948 usque
1365 1913 1399 1939 ad
1419 1922 1551 1939 summam
1573 1918 1683 1939 centum
1704 1912 1838 1939 librarum
1859 1913 1929 1939 ssan-

411 1963 547 1988 drensium
561 1962 666 1988 solutae
676 1982 681 1987 .
698 1962 762 1987 etin
779 1961 923 1987 utilitatem
939 1970 1025 1987 meam
1037 1970 1170 1987 conversa
1180 1982 1187 1989 ,
1202 1970 1336 1987 consensu
1351 1966 1379 1986 et
1393 1970 1506 1987 assensu
1521 1960 1623 1986 domini
1637 1961 1689 1987 mei
1707 1960 1873 1996 superioris,
1888 1960 1930 1986 vi—

411 2009 507 2036 delieet
518 2009 617 2034 nobilis
627 2009 678 2034 viri
692 2008 825 2043 Philippi,
840 2009 946 2034 comitis
958 2008 1136 2040 Viennensis,
1153 2008 1186 2034 de
1202 2008 1315 2034 Peru-eis
1327 2013 1354 2034 et
1367 2008 1536 2043 Grimbergis
1549 2008 1671 2040 domini,
1686 2017 1792 2034 necnon
1807 2007 1926 2039 Mariae,

412 2056 508 2082 nobilis
519 2061 656 2081 matronae
671 2056 762 2081 uxoris
775 2055 834 2089 ejus
844 2077 850 2082 .
867 2065 882 2081 a
896 2065 951 2090 quo
961 2055 1071 2082 domino
1084 2056 1186 2081 dictum
1202 2065 1298 2082 nemus
1312 2056 1438 2081 tenebam
1453 2056 1479 2082 iu
1496 2054 1607 2081 feodum
1620 2076 1627 2086 .,
1642 2055 1721 2090 cujus
1735 2055 1841 2082 litteras
1861 2055 1930 2081 rati-

413 2104 555 2129 habitionis
567 2112 650 2138 super
664 2103 715 2128 hoc
728 2103 793 2128 meis
807 2103 932 2138 expensis
945 2103 1034 2129 dictae
1048 2104 1178 2130 ecelesiae
1193 2104 1360 2139 procuratis.
1376 2108 1402 2130 et
1418 2113 1501 2139 penes
1512 2112 1542 2129 se
1556 2103 1664 2129 easdem
1673 2103 1780 2129 litteras
1792 2102 1875 2129 habet
1885 2111 1930 2129 ec—

412 2150 490 2176 clesia
505 2149 715 2183 memoratajam
727 2149 857 2185 sigillatas
871 2149 959 2185 sigillo
971 2150 1058 2176 dictae
1073 2150 1122 2180 M„
1138 2151 1230 2176 uxoris
1245 2150 1310 2176 dicti
1328 2150 1390 2182 Ph⁴7
1409 2151 1515 2176 comitis
1529 2155 1556 2176 et
1570 2150 1673 2176 domini
1687 2149 1722 2176 de
1738 2149 1926 2186 Grimbergis5

413 2198 490 2231 cujus
506 2197 622 2233 sigillum
640 2197 718 2223 dictis
731 2197 828 2223 litteris
841 2197 1033 2232 apponendum
1043 2218 1049 2224 .
1065 2198 1117 2224 sub
1131 2207 1218 2233 poena
1228 2203 1338 2224 centum
1352 2198 1486 2224 librarum
1502 2197 1699 2223 flandrensium
1709 2218 1716 2229 7
1736 2197 1831 2223 decem
1846 2196 1927 2222 libra-

414 2254 473 2270 rum
486 2244 679 2270 lovaniensium
693 2253 707 2269 a
722 2253 763 2269 me
777 2244 864 2270 dictae
880 2242 1009 2270 ecclesiae
1026 2245 1228 2271 reddendarum
1242 2265 1248 2276 3
1264 2250 1290 2271 et
1308 2245 1359 2271 sub
1375 2255 1463 2280 poena
1477 2245 1628 2271 amissionis
1636 2249 1663 2270 et
1672 2245 1836 2270 retentionis
1849 2253 1930 2279 prae-

416 2291 562 2316 bendarum
572 2292 651 2316 uxori
663 2300 736 2317 meae
745 2296 771 2316 et
784 2291 846 2316 mihi
855 2301 869 2316 a
877 2291 949 2317 dicta
961 2291 1074 2318 ecclesia
1085 2292 1242 2318 debitarum
1252 2314 1259 2324 ‚
1272 2302 1303 2318 ac
1313 2294 1394 2318 etiam
1405 2293 1587 2319 restitutionis
1597 2291 1755 2318 earumdem
1764 2291 1798 2317 ad
1808 2291 1927 2318 valorem

416 2343 602 2373 perceptarum
619 2338 688 2364 infra
709 2338 824 2373 primum
847 2347 947 2364 annum
967 2339 1101 2365 evasionis
1120 2340 1185 2365 dicti
1202 2340 1308 2365 comitis
1327 2340 1361 2366 de
1376 2340 1535 2375 captivitate
1549 2339 1639 2365 dictae
1653 2338 1783 2365 ecclesiae
1796 2339 1927 2374 promisi,

415 2384 486 2410 unde
499 2384 602 2420 plegios
613 2384 700 2410 dictae
710 2384 839 2411 ecclesiae
856 2385 984 2411 constitui
995 2391 1198 2421 eompetentes3
1218 2388 1265 2422 qui
1279 2386 1378 2422 plegii,
1400 2387 1422 2413 si
1437 2396 1491 2412 non
1507 2386 1613 2417 secero,
1629 2386 1703 2421 quod
1717 2386 1830 2421 promisi
1839 2385 1929 2412 dictae

417 2431 543 2457 eeclesiae
557 2432 736 2457 remanebunt
749 2432 782 2457 de
793 2431 865 2457 dicta
880 2441 984 2458 summa
997 2434 1129 2468 pecuniae
1140 2433 1268 2469 obligati3
1284 2434 1441 2468 hujusmodi
1456 2433 1612 2459 conditione
1624 2433 1659 2459 de
1670 2437 1815 2459 contractu
1827 2441 1928 2459 memo-

416 2483 474 2503 rato
490 2479 559 2503 inter
572 2487 612 2503 me
623 2483 648 2503 et
662 2477 759 2503 dictam
775 2478 915 2504 ecclesiam
929 2479 1064 2506 mediante
1074 2501 1080 2511 2
1096 2480 1169 2515 quod
1185 2481 1206 2506 si
1221 2481 1286 2506 dicti
1300 2481 1419 2507 nemoris
1433 2480 1495 2515 plus
1509 2480 1631 2506 minusve
1644 2489 1725 2514 quam
1739 2484 1801 2506 octo
1814 2479 1928 2506 bonaria
