2118 3184
744 388 1036 424 APPENDICES.
1589 389 1659 426 845

137 499 249 525 ecclesia
265 507 328 524 xero
346 497 496 523 Ninircnsis
509 502 600 532 partes
613 496 678 523 alias
688 496 840 532 possideret
855 517 861 527 ‚
877 506 928 531 pro
942 495 1073 532 sopienda
1083 495 1218 522 discordia
1231 505 1302 532 quae
1312 506 1343 523 ex
1356 497 1405 523 bac
1417 496 1516 523 difficili
1528 497 1659 523 divisium·

139 546 301 581 frequenter
316 544 491 580 contingebat
506 545 577 570 iuter
589 543 695 570 casdem
711 543 852 571 eeclesias.
870 543 903 569 ab
918 543 1064 569 abbatibus
1076 548 1102 569 et
1113 543 1293 569 conventibus
1307 544 1426 579 ipsarum
1441 544 1618 571 ecclesiarum
1634 547 1659 570 in

137 602 186 619 nos
199 598 240 618 est
254 593 435 618 communiter
448 591 672 626 compromissum
684 610 690 621 ,
706 595 736 616 ut
749 590 884 625 quidquid
897 590 1086 616 ordinaremus
1100 599 1183 625 super
1196 590 1328 617 divisione
1341 592 1479 626 praefatae
1490 592 1524 617 ab
1540 597 1659 627 utraque

137 644 215 674 parte
229 644 317 665 ratum
332 638 464 664 haberent
479 642 505 663 ct
520 637 639 663 firmum.
653 637 706 663 Nos
719 637 813 672 igitur,
828 637 1026 662 communicato
1040 637 1207 671 prudentum
1224 638 1344 663 virorum
1361 638 1485 667 consitio,
1501 639 1526 665 id
1536 639 1659 665 decrvxi-

137 696 197 712 mus
209 685 390 712 ordinandum
403 705 409 713 ,
426 684 499 719 quod
513 689 620 719 segetes
631 689 658 709 et
670 688 820 719 proventus
832 683 915 709 totius
926 683 1046 709 decimae
1059 684 1248 710 communibus
1260 685 1384 719 expensis
1398 685 1424 710 in
1440 685 1570 711 horreum
1588 686 1659 712 Nini-

137 734 227 760 vensis
239 733 382 762 ecclesiae,
399 731 471 766 quod
486 731 511 757 in
529 731 593 757 villa
607 731 641 757 de
654 731 746 757 Mencc
758 731 839 757 situm
855 735 907 763 est,
924 730 1096 756 adducentur
1107 751 1113 762 ,
1129 736 1203 757 sexta
1218 736 1295 766 parte
1308 737 1419 767 excepta
1431 732 1463 758 ad
1478 733 1659 759 sacerdotium

138 780 308 815 pertinente;
330 779 473 805 debebunt
490 779 570 804 etiam
591 779 740 805 secundum
760 777 986 804 consuetudinem
1002 783 1092 804 terrae
1109 779 1235 813 expensis
1253 779 1443 805 communibus
1465 781 1607 815 triturari5
1629 781 1662 805 de

137 833 194 854 tota
209 832 299 853 autem
318 835 425 852 annona
436 847 442 857 ,
457 825 534 861 palea
545 847 551 854 ,
567 826 697 852 stramine
715 831 743 852 et
759 825 817 852 aliis
832 826 1012 861 proventibus
1025 825 1148 859 ejusdem
1161 825 1296 854 decimae.
1316 827 1430 853 ecclesia
1443 827 1662 863 Grimbergensis

137 875 222 906 duas,
241 874 355 901 ecclesia
375 883 440 900 vero
455 873 606 899 Ninivensis
620 878 676 899 tres
689 873 804 909 recipiet
818 873 974 908 portiones;
990 873 1024 899 ab
1040 872 1090 899 hac
1102 878 1192 899 autem
1206 873 1379 900 ordinatione
1393 874 1518 900 exclusae
1536 880 1601 901 sunt
1615 875 1664 900 de-

137 923 222 948 cimae
235 921 308 947 dotis
319 920 450 947 ecclesiae
461 941 467 949 ,
483 920 604 946 decimae
617 920 754 946 novalium
769 925 796 946 et
810 919 930 946 decimae
944 919 1086 954 cujusdam
1098 924 1188 946 terrae
1206 929 1287 955 quam
1300 920 1398 946 ibidem
1414 921 1534 956 possidet
1550 921 1662 948 ecclesia

139 969 301 995 Ninivensis.
323 968 467 994 Praeterea
485 975 597 993 censum
615 967 662 1002 qui
676 966 795 993 debetur
809 976 860 1002 pro
873 966 959 993 fundo
973 967 1103 1002 grangiae
1116 966 1290 1002 supradictae
1304 968 1330 993 in
1345 977 1377 994 eo
1391 973 1464 994 statu
1479 968 1641 1004 reliquimus
1655 990 1660 994 .

138 1017 164 1042 in
175 1025 232 1051 quo
239 1024 297 1042 esse
307 1014 458 1040 consuevit.
468 1013 539 1040 Sane
550 1014 570 1039 si
582 1014 722 1049 grangiam
732 1014 816 1049 ipsam
824 1013 908 1040 dilabi
919 1019 967 1039 aut
980 1013 1143 1040 deteriorari
1152 1014 1308 1049 contigerit,
1319 1019 1436 1050 utraque
1451 1015 1564 1042 ecelesia
1578 1017 1662 1051 ipsam

138 1063 263 1099 expensis
273 1061 464 1089 communibus
477 1070 528 1096 pro
542 1061 669 1096 portione
681 1061 732 1087 sibi
745 1065 918 1096 competente
936 1060 1087 1096 reparabit.
1108 1061 1192 1087 Porro
1205 1061 1227 1087 si
1247 1066 1369 1087 octavam
1383 1066 1410 1088 et
1423 1071 1520 1088 nonam
1539 1068 1642 1097 partem
1654 1086 1660 1093 ,

138 1111 172 1138 de
186 1111 288 1146 quibus
302 1114 381 1136 antea
400 1108 513 1134 fecimus
533 1109 696 1135 mentionem
708 1129 715 1140 ,
732 1109 867 1135 redimere
885 1108 1047 1144 contigerit,
1062 1107 1175 1134 ecclesia
1189 1108 1406 1144 Grimbergensis
1425 1110 1537 1145 triginta
1552 1115 1579 1136 et
1595 1110 1664 1137 dua-

142 1159 194 1184 bus
207 1157 285 1184 libris
297 1155 500 1183 flandrensibus
510 1176 517 1187 ,
533 1155 634 1191 quibus
648 1155 758 1181 eaedem
770 1160 862 1191 partes
876 1154 986 1181 fuerant
999 1154 1146 1190 obligatae,
1159 1154 1253 1181 decem
1262 1159 1290 1180 et
1301 1159 1362 1181 octo
1376 1155 1460 1182 libras
1472 1157 1593 1191 ejusdem
1606 1168 1664 1184 mu-

140 1210 220 1231 netae
240 1203 423 1239 superaddet,
442 1208 473 1229 ut
487 1212 591 1228 summa
608 1202 656 1228 {iat
670 1202 871 1238 quinquaginta
888 1202 1037 1233 librarum,
1054 1206 1081 1228 et
1095 1201 1129 1228 de
1143 1201 1238 1228 eadem
1251 1210 1355 1227 summa
1370 1202 1412 1229 vel
1428 1205 1541 1236 minori,
1562 1206 1583 1231 si
1604 1205 1663 1231 fleri

142 1252 238 1287 possit,
254 1251 346 1286 pretio
360 1250 495 1281 redditus,
509 1248 695 1284 quipraesatis
708 1249 834 1284 partibus
846 1248 1048 1284 aequivaleant,
1064 1248 1252 1283 acquirentur.
1267 1248 1295 1275 Si
1308 1253 1398 1275 autem
1414 1250 1540 1277 redditus
1554 1253 1664 1279 venales

142 1306 195 1324 non
209 1298 351 1333 potuerint
366 1297 504 1327 invenire,
520 1296 593 1322 dicta
606 1304 710 1321 summa
727 1296 858 1330 pecuniae
877 1295 1028 1331 aequaliter
1041 1294 1198 1326 dividetur,
1213 1300 1240 1321 et
1258 1300 1377 1331 utraque
1395 1297 1507 1324 ccclesia
1522 1300 1662 1334 aequalem

143 1345 255 1380 recipiet
271 1344 423 1379 portionem
435 1365 441 1376 ‚
456 1353 488 1370 eo
502 1348 598 1369 tenore
611 1342 684 1378 quod
696 1348 750 1369 tam
759 1343 874 1369 ecclesia
883 1342 1101 1378 Grimbergensis
1113 1342 1147 1368 dc
1159 1343 1286 1378 portione
1298 1352 1358 1375 sua,
1372 1353 1453 1380 quam
1465 1346 1578 1372 ecclesia
1591 1347 1664 1373 Nini-

143 1392 231 1419 vensis
243 1391 277 1418 de
289 1396 367 1427 parte
381 1400 444 1422 sua,
461 1396 562 1417 terram
575 1390 632 1416 sive
646 1395 795 1425 perpetuos
807 1390 932 1417 redditus
944 1395 1035 1416 ement
1045 1410 1051 1422 ,
1067 1399 1118 1416 nec
1130 1390 1156 1416 in
1171 1390 1239 1416 alios
1251 1399 1318 1416 usus
1328 1400 1391 1417 suas
1402 1397 1533 1427 poterunt
1547 1403 1665 1420 conver—

141 1445 200 1466 tere
213 1439 365 1475 portiones.
376 1438 552 1465 Decernimus
564 1443 656 1464 autem
665 1442 696 1464 ut
704 1439 926 1473 praenominatae
938 1438 1138 1473 quinquaginta
1150 1437 1236 1464 librae
1245 1438 1317 1464 iufra
1325 1448 1425 1465 annum
1438 1440 1464 1466 in
1474 1443 1665 1476 comparandis

142 1486 295 1513 redditibus
315 1485 506 1521 expendantur
525 1484 675 1511 secundum
693 1484 892 1511 ordinationem
914 1485 1099 1520 praemissam.
1122 1484 1157 1511 Ut
1173 1490 1263 1511 autem
1281 1485 1420 1520 praedicta
1440 1488 1529 1513 omnia
1550 1489 1666 1514 firmiter

143 1538 290 1560 teneantur
299 1554 307 1566 ‚
322 1543 372 1559 nos
385 1533 552 1567 injunximus
565 1532 689 1568 partibus
701 1533 729 1558 iu
743 1533 845 1559 virtute
859 1531 1031 1558 obedientiae
1042 1553 1049 1564 ‚
1062 1537 1119 1558 uta
1132 1532 1287 1567 saepedicta
1301 1533 1472 1560 ordinatione
1483 1540 1577 1560 nostra
1590 1536 1663 1561 nulla

144 1581 249 1607 ratione
265 1580 412 1612 recedant,
425 1585 452 1606 et
465 1580 498 1606 ad
511 1580 640 1613 majorem
655 1581 736 1606 etiam
750 1578 906 1606 firmitatem
917 1600 924 1611 ,
940 1588 990 1605 nos
1000 1588 1059 1606 eam
1071 1579 1208 1606 redactam
1223 1580 1249 1605 in
1262 1580 1364 1616 scripto
1377 1581 1467 1617 sigillo
1481 1587 1575 1608 nostro
1588 1582 1666 1609 duxi-

145 1636 205 1655 mus
216 1627 408 1654 roborandam.
426 1628 522 1654 Actum
537 1636 629 1654 mense
642 1626 770 1659 Octobri,
788 1627 1015 1659 praemonstrati,
1030 1636 1102 1653 anno
1114 1627 1219 1662 gratiae
1229 1626 1398 1654 MCCXXlIl.

1229 1693 1337 1725 Original
1347 1713 1352 1717 .
1365 1701 1432 1718 sceau
1445 1695 1542 1718 detruit.

872 1765 936 1775 Η

821 1924 993 1959 CXXXII.

149 2013 378 2060 Hildeqemle,
393 2013 496 2047 dame
509 2013 551 2046 de
565 2012 666 2047 Melle
675 2019 707 2047 et
719 2011 922 2047 douaz'rzbre
936 2013 977 2046 de
991 2012 1126 2055 Roden,
1142 2019 1297 2060 emempte
1310 2014 1360 2048 du
1369 2014 1463 2048 droit
1478 2015 1518 2048 cle
1537 2016 1663 2049 tonlz'eu

199 2084 249 2106 au
262 2077 352 2118 pont
363 2071 417 2105 dit
429 2072 741 2120 Brabantbrugge,
753 2070 839 2119 pres
851 2071 892 2106 de
909 2071 1031 2114 Gand,
1046 2071 1092 2106 les
1107 2070 1195 2106 laites
1207 2072 1248 2106 de
1263 2084 1391 2107 somme
1404 2079 1437 2107 ec
1455 2073 1500 2107 les
1514 2076 1666 2108 veiha-ex

197 2130 238 2164 de
255 2129 428 2176 l'ablmye,
447 2130 573 2176 quamd
583 2130 612 2164 le
624 2130 719 2164 (broit
734 2129 894 2165 n’eoeoclde
903 2142 973 2177 pas
989 2129 1067 2164 lzuz't
1083 2142 1178 2172 sous,
1196 2133 1361 2165 mormaz'e
1375 2131 1416 2165 de
1433 2131 1468 2164 F
1467 2131 1603 2165 landre.
1617 2152 1664 2156 -—

200 2189 330 2222 Divus.

864 2338 937 2361 1223.

192 2399 335 2434 lmprimee
349 2399 416 2425 dans
433 2399 470 2425 les
486 2408 603 2434 preuves
617 2399 653 2426 du
669 2405 734 2425 tom.
746 2399 770 2425 ll
786 2399 833 2427 des
847 2400 955 2426 Annae.
967 2400 1025 2426 ord.
1041 2400 1159 2434 Praem„
1175 2400 1227 2426 col.
1242 2400 1403 2427 ccxxxix.

975 2457 1082 2488 Original
1092 2475 1098 2485 ,
1109 2457 1130 2481 le
1139 2464 1208 2481 sceau
1223 2457 1251 2481 de
1262 2456 1339 2481 l'abbe
1349 2458 1423 2482 Raoul
1436 2461 1471 2481 est
1482 2459 1530 2482 seut
1543 2461 1665 2484 conserve.
