2137 3131
398 363 466 397 936
1007 355 1295 393 APPENDICES.

401 471 482 497 lic-nte
503 470 710 497 reddendarum.
729 469 780 494 Nos
797 468 861 493 dicti
876 471 996 492 rectores
1007 485 1014 497 ,
1030 465 1063 490 R.
1077 469 1104 491 et
1120 464 1149 490 I'.
1162 485 1169 496 ‚
1186 463 1218 489 ad
1234 463 1389 489 instantiam
1406 462 1524 497 partium
1537 461 1739 497 praedictarum
1750 483 1757 493 ‚
1776 461 1912 489 dictorum

401 518 521 544 videlicet
532 521 679 543 convontus
691 520 715 541 et
728 515 890 549 conjugum,
906 522 976 548 quae
989 516 1082 547 partos
1094 511 1121 536 in
1137 520 1199 542 nos⁷
1216 515 1247 536 ut
1259 510 1362 536 dictum
1381 514 1436 540 est,
1453 509 1702 544 compromiserunt
1719 514 1746 535 et
1759 518 1788 536 se
1801 514 1874 536 stare
1885 515 1913 536 et

400 573 495 599 parcre
509 572 556 598 per
569 563 655 588 onmia
669 566 777 587 nostrae
789 560 952 586 ordinationi
963 557 1086 584 arbitrali
1099 557 1150 584 sub
1160 557 1213 583 side
1226 557 1419 590 etjuramento
1433 556 1571 591 praestitis
1584 561 1611 582 et
1622 556 1674 582 sub
1689 564 1776 591 poena
1787 557 1913 592 pecunia-

401 613 438 636 ria
453 614 604 645 praetaxata
616 614 689 635 certa
703 607 877 643 stipulatione
893 606 1077 641 promiserunt
1087 625 1094 637 .,
1110 613 1194 630 onere
1213 603 1279 629 dicti
1298 603 1405 629 arbitrii
1426 603 1452 628 in
1467 612 1516 629 nos
1529 608 1674 638 suscepto,
1691 603 1852 638 meritisque
1865 612 1910 629 ea-

401 658 519 683 rumdem
537 657 652 691 partium
671 655 839 690 investigatis
857 658 884 679 et.
899 652 1046 688 diligenter
1066 651 1227 682 intellectis5
1250 651 1322 677 inter
1342 650 1428 675 dictas
1450 654 1543 685 partes
1559 649 1593 676 de
1606 649 1772 685 prudentum
1787 650 1909 676 virorum

399 705 523 735 consilio,
534 704 733 738 composuimus
746 711 794 728 seu
809 701 994 727 ordinavimus
1006 699 1057 725 sub
1072 699 1122 725 hac
1135 698 1220 725 forma
1231 719 1237 724 .
1248 707 1328 733 qnam
1341 697 1453 723 sormam
1465 697 1498 723 de
1509 697 1702 731 jurisdictione
1715 697 1801 724 nostri
1814 697 1912 723 arbitri

397 751 557 787 protulimus
571 755 597 776 et
611 750 780 775 decrevimus
789 748 840 774 sub
850 756 935 782 poena
946 747 1084 782 praedicta
1096 756 1110 771 a
1122 746 1201 772 dictis
1213 745 1338 780 partibus
1350 744 1546 770 inviolabiliter
1559 744 1768 770 observandam.
1778 744 1911 770 Videlicet

398 798 469 834 qnod
484 797 547 823 dicti
560 797 690 832 conjuges
704 796 782 831 lingo
795 800 821 821 et
834 793 1026 829 Ermengardis
1039 793 1127 819 dictos
1144 792 1237 818 decem
1249 791 1351 818 solidos
1363 800 1393 817 ex
1409 800 1482 817 nunc
1497 796 1525 817 et
1539 791 1668 826 deinceps
1679 792 1776 827 quovis
1790 801 1862 818 anno
1876 792 1910 817 ad

397 847 496 871 «lictum
512 845 655 870 terminum
669 843 797 869 solutioni
811 842 937 877 superius
951 841 1128 876 deputatum,
1146 849 1228 875 supra
1243 839 1473 875 assignamentum
1489 838 1552 865 dicti
1567 840 1652 865 mansi
1663 839 1736 865 (licto
1747 840 1909 870 conventui,

396 902 442 919 scu
451 893 508 925 ojus
517 891 653 918 mandato.
662 900 721 917 cum
731 890 887 926 integritate
898 888 1068 924 persolvent5
1081 889 1153 914 etsie
1162 888 1195 914 de
1203 887 1343 923 arriragiis
1353 887 1441 913 dictae
1451 887 1639 922 eleemosynae
1646 887 1739 913 decem
1747 887 1908 919 solidorum,

396 950 464 975 quac
479 948 564 974 nsque
579 939 604 964 in
620 939 691 964 huuc
705 938 774 964 diem
789 938 815 963 in
831 946 885 972 quo
899 946 947 962 nos
958 936 1123 971 protulimus
1138 935 1240 961 dictum
1254 940 1377 961 nostrum
1388 955 1395 967 ‚
1412 944 1426 960 a
1442 939 1565 970 tempore
1578 939 1717 960 retroacto
1731 933 1841 960 fuerant
1854 943 1908 960 non

397 987 496 1018 soluta,
512 986 575 1012 dicti
590 986 719 1021 conjuges
732 985 766 1011 Π.
779 990 806 1011 et
820 985 865 1010 Er.
881 989 963 1010 erunt
978 983 1128 1010 secundum
1141 988 1265 1009 nostrum
1280 982 1384 1008 dictum
1399 982 1509 1018 penitus
1522 981 1651 1008 absoluti.
1667 982 1723 1008 Hoc
1733 981 1911 1008 nihilominus

397 1034 503 1069 proviso
514 1054 520 1065 ‚
537 1032 609 1068 qnod
623 1033 645 1058 si
659 1032 722 1058 dicti
733 1032 863 1067 conjuges
874 1031 948 1056 aliud
964 1031 1195 1067 assignamentum
1210 1030 1244 1055 de
1255 1029 1335 1055 dictis
1346 1029 1441 1055 decem
1454 1029 1548 1055 solidis
1568 1029 1745 1064 aequivalens
1761 1029 1794 1055 ad
1812 1028 1911 1055 volun-

396 1086 476 1107 tatem
488 1086 514 1106 ct
528 1079 800 1115 beneplacitnmdicti
810 1084 962 1105 conventus
972 1099 978 1111 ‚
994 1088 1041 1104 seu
1059 1078 1179 1104 mandati
1193 1078 1295 1113 ipsius,
1308 1077 1381 1103 dicto
1395 1078 1543 1104 conventui
1553 1077 1674 1113 legitimo
1689 1082 1832 1103 contractu
1844 1077 1910 1103 assi-

395 1127 549 1163 gnaverint.
565 1131 591 1152 et
602 1126 671 1152 idem
682 1130 833 1152 conventus
846 1125 889 1152 vel
903 1126 962 1160 ejus
977 1125 1120 1151 mandatus
1133 1125 1166 1151 de
1178 1124 1367 1159 hujuscemodi
1377 1125 1578 1160 assignamento
1586 1134 1615 1150 se
1625 1124 1773 1150 habuerint
1787 1134 1837 1159 pro
1847 1133 1909 1150 con—

396 1175 474 1201 tentis
484 1179 510 1200 et
519 1174 551 1200 de
560 1173 610 1200 hoc
621 1173 700 1209 plene
710 1173 878 1203 constiterit,
892 1178 957 1198 tunc
965 1172 1073 1198 demum
1084 1182 1132 1198 nec
1144 1172 1220 1207 prius
1233 1171 1298 1198 dicti
1309 1171 1441 1208 conjuges
1451 1171 1485 1197 de
1496 1171 1569 1197 dicto
1583 1181 1676 1198 manso
1690 1172 1743 1197 sint
1757 1171 1907 1208 redempti,

395 1231 469 1248 suam
484 1221 516 1247 ad
532 1221 641 1256 plenum
655 1220 755 1247 sacient
769 1220 953 1253 voluntatem,
974 1229 1028 1246 non
1044 1220 1170 1246 obstante
1184 1219 1259 1255 quod
1279 1219 1369 1245 dictus
1388 1228 1497 1245 mansus
1516 1218 1589 1245 dicto
1603 1219 1750 1245 conventui
1766 1228 1817 1255 pro
1836 1219 1908 1245 dicta

394 1269 561 1304 eleemosyna
573 1275 652 1295 antea
664 1268 752 1295 suerat
762 1268 898 1304 obligatus
907 1289 913 1299 ,
925 1268 972 1294 sed
987 1268 1060 1294 aliud
1072 1268 1302 1303 assignamentum
1311 1267 1386 1302 quod
1398 1267 1459 1293 loco
1471 1267 1536 1293 dicti
1546 1267 1631 1293 mansi
1642 1267 1828 1303 assignabitur
1836 1267 1910 1293 dicto

394 1316 538 1342 conventui
557 1325 606 1350 pro
619 1315 698 1341 dictis
716 1315 808 1341 decem
822 1315 914 1341 solidis
929 1324 943 1340 a
957 1315 1036 1341 dictis
1049 1315 1213 1350 conjugibus
1227 1314 1306 1340 simili
1323 1314 1491 1350 obligatione
1507 1314 1660 1340 remanebit
1673 1314 1821 1340 obnoxium
1835 1313 1909 1340 dicto

396 1363 538 1389 conventui
555 1372 604 1398 pro
617 1363 688 1388 dicta
700 1362 868 1397 eleemosyna
879 1383 886 1394 ,
902 1372 956 1397 qua
971 1362 1137 1404 obligatione
1153 1361 1239 1388 eidem
1255 1362 1402 1387 conventui
1420 1361 1554 1387 obnoxius
1569 1360 1658 1386 fuerat
1676 1361 1765 1387 dictus
1779 1370 1889 1388 mansus
1899 1383 1906 1392 ,

395 1410 548 1436 conditione
562 1419 609 1435 seu
624 1409 822 1444 permutatione
834 1409 955 1444 qualibet
967 1409 1103 1435 dictorum
1115 1409 1379 1444 assignamentorum
1390 1408 1462 1434 inter
1474 1408 1560 1434 dictas
1572 1413 1664 1443 partes
1676 1407 1768 1434 habita
1779 1418 1833 1434 non
1846 1409 1910 1435 obs-

394 1462 478 1483 tante.
496 1457 524 1483 ln
536 1466 652 1492 quorum
665 1457 783 1482 omnium
803 1456 960 1492 ampliorem
979 1456 1143 1482 evidentiam
1162 1465 1193 1482 ac
1208 1455 1367 1482 eorumdem
1380 1456 1582 1481 observantiam
1596 1456 1762 1481 strictiorem
1778 1465 1828 1482 nos
1846 1456 1911 1482 dicti

396 1504 479 1530 frater
491 1505 573 1530 Rasso
585 1510 611 1530 et
626 1505 721 1530 Petrus
730 1504 763 1530 de
778 1504 872 1531 Ninive
885 1504 952 1530 etde
965 1504 1128 1540 Okenqlietrz,
1140 1503 1315 1530 ecelesiarum
1326 1508 1463 1535 rectores,
1478 1503 1575 1529 arbitri
1587 1504 1613 1529 in
1630 1513 1711 1529 causa
1723 1503 1863 1539 praedicta
1876 1504 1908 1530 ad

396 1552 548 1577 instantiam
557 1551 688 1577 dictarum
696 1552 812 1586 partium
820 1561 949 1586 praesens
957 1552 1168 1577 instrumentum
1178 1560 1228 1586 pro
1236 1550 1409 1586 expeditione
1417 1550 1502 1576 nostri
1511 1550 1608 1576 arbitri
1615 1552 1838 1586 atquesententia
1844 1561 1909 1578 con-

394 1598 473 1624 scribi
485 1598 595 1624 fecimus
604 1619 610 1629 ,
623 1598 701 1624 dictis
712 1598 835 1633 partibus
846 1598 1019 1624 conserentes
1033 1598 1184 1634 sigillorum
1195 1603 1351 1624 nostrorum
1363 1597 1578 1633 appensionibus
1591 1598 1798 1624 communitum.
1809 1598 1907 1625 Actum

397 1650 423 1671 et
436 1645 527 1670 datum
541 1645 566 1670 in
582 1644 690 1670 abbatia
702 1645 837 1671 &inivensi
853 1645 924 1671 inter
935 1645 1085 1671 claustrum
1096 1650 1123 1671 et
1133 1645 1335 1670 infirmitorium
1347 1645 1374 1670 in
1389 1644 1551 1670 consistorio
1565 1654 1656 1670 coram
1668 1644 1760 1671 multis
1775 1645 1868 1680 probis
1880 1651 1908 1672 et

397 1692 450 1718 fide
458 1692 545 1728 dignis
554 1692 586 1718 ad
596 1691 647 1718 hoc
656 1702 670 1718 a
679 1692 756 1718 dictis
766 1693 889 1728 partibus
898 1695 924 1719 in
935 1693 1117 1719 testimonium
1129 1693 1257 1719 evocatis.
1268 1692 1346 1718 Anno
1357 1692 1465 1718 Domini
1474 1691 1637 1725 MCCLXXI,
1650 1702 1741 1719 mense
1750 1693 1905 1720 Decembri.

1227 1758 1336 1790 Originat
1345 1777 1351 1782 .
1365 1758 1425 1782 deux
1438 1766 1524 1782 sceaux
1535 1766 1564 1782 en
1577 1758 1625 1782 cire
1636 1764 1708 1783 verte.

1071 2000 1247 2035 CCXLIV.

396 2074 430 2108 E
436 2101 464 2116 .,
484 2076 618 2109 abbesse
645 2077 685 2109 de
704 2076 870 2119 Nz'velles,
897 2083 929 2111 et
945 2077 994 2111 H.
1008 2105 1018 2120 ,
1042 2078 1131 2112 abbe'
1147 2079 1188 2112 cle
1209 2078 1359 2121 Ninive,
1381 2081 1560 2114 declarent
1575 2079 1678 2125 qu'ils
1699 2079 1905 2121 admettem,

443 2145 569 2167 comme
579 2135 728 2168 arbitres
741 2135 830 2168 cl’un
843 2135 1016 2180 (lzffe'rend
1026 2139 1090 2182 qui
1104 2140 1209 2171 etvz'ste
1226 2144 1322 2172 entre
1336 2151 1406 2173 cust·
1423 2138 1663 2172 o‘elatz‘vement
1676 2135 1699 2171 ἀ
1712 2137 1745 2171 la
1759 2138 1854 2172 dz‘me
1865 2138 1907 2172 de

443 2191 601 2237 quelques
619 2198 742 2235 terres,
763 2193 808 2227 les
825 2194 926 2227 cures·
942 2194 983 2228 (le
1005 2195 1152 2242 Goyczlca
1160 2223 1170 2238 ,
1191 2196 1430 2245 cl'Okenngcem
1444 2204 1477 2231 et
1493 2197 1534 2231 de
1555 2196 1687 2231 castre.
1702 2218 1750 2222 —
1762 2196 1902 2230 Pium.

1106 2356 1175 2379 1971.

436 2420 571 2446 [nivei-sis
591 2427 748 2456 praesentes
767 2422 871 2449 litteras
887 2425 985 2450 visuris
1003 2430 1029 2450 et
1048 2426 1197 2455 audituris,
1212 2426 1243 2452 E.
1255 2447 1262 2458 ‚
1279 2427 1328 2453 Dei
1348 2429 1435 2463 gratia
1452 2427 1614 2454 Bivellensis
1628 2427 1782 2459 abbatissa,
1802 2436 1834 2453 ex
1853 2435 1907 2452 una

398 2471 473 2500 parte
484 2487 490 2497 q
505 2472 531 2492 et
544 2468 576 2493 ll.
589 2489 595 2495 ,
614 2468 733 2502 ejusdem
750 2471 877 2504 patientia
897 2471 980 2498 abbas
1001 2472 1168 2503 Niuivensis‚
1187 2479 1212 2500 et
1228 2475 1350 2508 ejusde-m
1364 2475 1415 2501 loci
1429 2480 1579 2501 conventus
1594 2474 1733 2501 humiliter
1750 2484 1782 2501 ex
1801 2473 1886 2500 attera
1897 2495 1904 2505 ‚
