2137 3131
412 408 481 442 325ss
1031 396 1315 433 APPENDICES.

416 516 493 541 uobis
505 515 608 550 petitur
621 511 694 547 quod
704 512 809 544 ‚justum
820 514 862 535 est
875 513 902 534 et
915 508 1071 536 honestum,
1084 510 1138 531 tam
1151 505 1229 540 vigor
1239 504 1385 540 aequitatis
1396 512 1478 539 qnam
1487 503 1556 529 ordo
1566 503 1649 538 exigit
1661 503 1784 534 rationis,
1797 508 1827 529 ut
1839 502 1866 529 id
1879 512 1927 538 per

416 561 622 588 sollicitudinem
643 558 719 583 officii
733 557 817 582 nostri
837 555 870 581 ad
885 555 1006 580 debitum
1026 552 1194 588 perducatur
1208 552 1346 577 effectum.
1369 551 1404 577 Ea
1420 555 1552 586 propter,
1572 550 1663 576 dilecti
1682 550 1708 576 in
1729 550 1845 576 Domino
1861 550 1925 577 filii.

418 607 601 641 vestrisjnstis
613 603 842 640 postulationibus
852 607 930 637 grato
943 604 1139 627 concurrentes
1149 608 1260 625 assensu
1271 620 1278 630 ⁷
1293 608 1386 625 omnes
1396 598 1537 624 libertates
1550 603 1578 624 et
1588 598 1772 624 immunitates
1787 607 1801 623 a
1816 597 1930 632 praede-

416 654 567 681 cessoribus
578 651 678 678 nostris
690 650 808 676 romanis
825 648 1015 684 pontificibus„
1038 656 1087 682 per
1102 646 1245 681 privilegia
1262 646 1318 672 sive
1330 645 1396 671 alias
1414 644 1612 680 indulgentias,
1628 645 1705 671 vobis
1716 650 1744 671 et
1762 645 1927 671 monasterio

420 706 508 727 vestro
530 708 671 725 concessas
682 718 689 727 ,
704 706 754 723 nec
773 706 826 722 non
843 695 983 721 libertates
1001 699 1028 720 et
1045 694 1230 728 exemptiones
1251 692 1416 719 secularium
1431 692 1603 718 exactionum
1625 702 1640 717 a
1658 691 1770 727 regibus
1786 691 1930 727 et'princi-

421 749 498 783 pibus
512 755 542 771 ac
553 746 611 771 aliis
624 744 723 770 Christi
736 743 863 769 fidelibus
878 740 1078 767 rationabiliter
1090 740 1167 766 vobis
1179 745 1205 766 et
1216 740 1266 775 ipsi
1282 740 1446 765 monasterio
1460 738 1580 765 indultas
1589 760 1596 770 ⁷
1612 739 1683 765 sicut
1695 748 1741 765 eas
1751 739 1827 773 juste
1838 748 1868 764 ac
1881 748 1929 774 pa-

417 795 491 820 cifice
504 792 633 819 obtinetis
645 813 651 823 ,
667 801 714 817 vos
728 796 753 816 et
767 799 816 825 per
830 798 877 815 vos
890 788 977 814 eidem
996 788 1161 814 monasterio
1173 788 1337 813 auctoritate
1350 786 1499 822 apostolica
1510 786 1703 812 confirmamus
1715 807 1721 814 ,
1737 791 1765 812 et
1778 786 1929 821 praesentis

416 841 507 875 scripti
522 839 672 874 patrocinio
684 837 891 864 communimus.
907 835 978 862 Nulli
990 844 1056 870 ergo
1070 835 1180 861 omnino
1193 834 1333 860 hominum
1347 834 1426 860 liceat
1437 833 1507 860 hanc
1521 834 1647 869 paginam
1662 839 1772 860 nostrae
1785 834 1930 860 confirma-

416 888 494 913 tionis
509 886 658 922 insringere
677 885 717 911 vel
735 885 759 910 ei
773 894 840 910 ausu
855 883 1000 909 temerario
1020 883 1167 908 contraire.
1183 882 1274 917 Siquis
1288 887 1379 907 autem
1396 881 1447 907 hoc
1461 886 1597 907 attentare
1613 882 1843 917 praesumpserit,
1859 881 1929 907 indi·

415 935 567 969 gnationem
583 932 776 967 omnipotentis
791 931 840 957 Dei
853 936 879 956 et
895 931 1038 956 beatorum
1057 929 1129 955 Petri
1141 934 1167 955 et
1182 929 1273 960 Pauli„
1290 928 1476 964 apostolorum
1493 928 1566 961 ejus,
1581 937 1609 954 se
1624 929 1730 954 noverit
1741 929 1927 955 incursurum.

418 982 511 1007 Datum
526 980 597 1015 apud
612 979 852 1007 Urbemveterem,
869 977 974 1003 decimo
988 977 1085 1012 quinto
1099 975 1228 1002 kalendas
1244 976 1359 1011 Augusti
1370 997 1376 1007 ,
1392 975 1567 1010 pontificatus
1577 977 1664 1002 nostri
1676 985 1748 1002 anno
1762 977 1860 1018 primo.

1457 1040 1580 1073 Original,
1599 1049 1667 1065 sceau
1682 1041 1779 1065 ‹le'truitv

1081 1255 1262 1290 CXLVlll.

420 1337 528 1371 Othon
548 1337 588 1370 de
618 1335 839 1381 Tl‘asefflzz'es,
861 1334 1069 1368 surnomme'
1083 1333 1230 1376 fonde>
1246 1334 1368 1380 prend
1383 1346 1449 1367 sur
1468 1333 1567 1367 [vc-ila
1583 1332 1670 1366 (lette
1689 1345 1755 1378 que
1776 1333 1929 1367 Gossuz‘n

463 1395 502 1429 cle
516 1394 760 1428 Selzemlelhelce
774 1406 797 1426 a
810 1391 1002 1426 contracte'e
1016 1405 1138 1426 envers
1150 1392 1305 1439 l'ahhaye
1317 1405 1390 1439 par·
1403 1391 1531 1425 l'aehat
1541 1391 1582 1425 de
1596 1391 1630 1424 la
1643 1397 1734 1425 terre
1748 1391 1788 1426 cle
1812 1391 1929 1426 Volen-

464 1453 543 1494 sele,
559 1458 591 1486 et
606 1452 693 1498 qu'z'l
704 1465 726 1485 a
742 1451 836 1485 ce'de'e
852 1449 876 1484 ὰ
897 1450 1023 1484 ΟἰΙιοη.
1037 1472 1083 1476 —-
1094 1451 1273 1484 Hminem.

1136 1616 1207 1639 12:⁷8,

453 1689 508 1725 Ego
523 1688 588 1715 Osto
601 1688 634 1714 de
651 1688 788 1714 Trasenies
799 1707 804 1718 ‚
814 1687 903 1714 dictus
918 1687 1078 1713 Avunculus
1087 1708 1094 1720 ‚
1109 1692 1205 1713 notum
1218 1687 1287 1713 facio
1300 1687 1491 1722 praesentibus
1505 1692 1532 1713 et
1546 1686 1647 1713 futuris
1656 1708 1662 1719 ,
1679 1687 1754 1723 quod
1767 1697 1830 1714 cum
1843 1688 1930 1715 domi-

417 1746 467 1762 uus
485 1736 621 1762 Gozuinus
639 1736 672 1762 de
688 1735 870 1762 Scendelbeca
888 1736 984 1761 emerit
999 1735 1032 1761 ad
1049 1745 1118 1770 opus
1132 1735 1246 1761 Germ-di
1258 1756 1264 1763 .
1285 1735 1333 1761 filii
1350 1736 1417 1767 mei⁷
1437 1744 1502 1771 erga
1523 1735 1649 1761 abbatem
1670 1741 1697 1762 et
1714 1741 1878 1762 conventum
1895 1736 1929 1763 de

419 1785 510 1810 Ninive
519 1792 606 1819 usque
618 1783 651 1808 ad
662 1783 754 1809 decem
764 1788 791 1808 et
799 1788 903 1818 septem
918 1783 1031 1809 bonaria
1043 1788 1133 1809 terrae
1142 1803 1148 1813 ‚
1162 1782 1311 1809 secundum
1324 1782 1398 1818 quod
1411 1791 1538 1808 mensura
1548 1782 1715 1814 declarabit,
1726 1783 1843 1817 jacentis
1855 1784 1929 1819 apud

419 1830 576 1862 Volensela⁷
598 1840 678 1866 quam
700 1835 818 1862 terram,
839 1831 927 1856 bonae
941 1831 1103 1861 memoriae,
1122 1830 1257 1856 Henricus
1277 1830 1353 1856 miles
1368 1851 1374 1863 ,
1394 1830 1546 1856 avunculus
1565 1839 1660 1863 meus,
1683 1831 1709 1856 in
1729 1830 1928 1867 eleemosynam

417 1877 532 1903 contulit
544 1877 672 1903 ecclesiae
686 1878 822 1904 Ninive-nsi
837 1887 844 1904 :
860 1883 887 1904 et
897 1899 903 1909 ⁷
920 1878 1064 1904 cumidem
1076 1873 1202 1904 dominus
1217 1878 1353 1904 Gosuinus
1370 1877 1404 1904 de
1415 1878 1541 1913 quolibet
1552 1878 1666 1904 bonario
1676 1878 1749 1904 illius
1763 1883 1854 1905 terrae
1866 1889 1930 1915 sep-

419 1932 470 1950 tom
490 1924 573 1951 libras
594 1925 762 1950 flandrenses
772 1925 828 1959 jam
843 1925 931 1951 dictae
944 1925 1073 1952 ecclesiae
1087 1925 1267 1961 spoponderit
1285 1935 1313 1951 se
1330 1925 1459 1951 daturum
1474 1927 1501 1951 in
1515 1931 1659 1952 contractu
1672 1926 1818 1961 emptionis
1831 1927 1926 1962 istius5

418 1981 486 1997 onus
499 1972 576 1997 istius
590 1971 674 1997 debiti
687 1972 713 1997 in
728 1981 770 1997 me
784 1972 935 2007 suscipiens
946 1993 952 2003 ⁷
969 1982 1089 1998 summae
1108 1982 1189 2008 quam
1208 1972 1313 1998 denarii
1329 1973 1371 1998 isti
1391 1973 1417 1998 in
1434 1982 1519 1998 unum
1537 1972 1645 1998 collecti
1663 1972 1782 2005 faciunt,
1804 1974 1932 2001 videlicet

416 2024 523 2044 centum
540 2025 565 2044 et
579 2019 670 2045 decem
683 2024 709 2045 et
723 2025 784 2045 octo
799 2019 883 2045 libras
896 2020 1092 2046 flandrensium
1103 2041 1109 2051 ,
1124 2030 1194 2055 quae
1207 2025 1260 2046 tam
1275 2029 1379 2046 summa
1397 2020 1522 2056 augenda
1532 2020 1573 2046 vel
1590 2020 1736 2046 minuenda
1746 2021 1816 2053 erit,
1833 2031 1931 2048 secun-

418 2065 482 2091 dum
497 2066 570 2101 quod
585 2075 633 2101 per
653 2075 806 2092 mensuram
821 2067 847 2092 in
865 2072 938 2093 terra
955 2067 1016 2102 plus
1031 2068 1121 2093 minus
1135 2077 1199 2094 vere
1217 2077 1276 2093 esse
1289 2067 1442 2093 constiterit
1453 2088 1460 2095 .
1479 2077 1574 2093 verum
1591 2067 1744 2094 debitorem
1759 2077 1800 2094 me
1813 2077 1872 2096 esse
1884 2069 1932 2096 de-

420 2113 514 2138 nuntio
525 2134 531 2144 ‚
544 2117 571 2138 et
583 2118 611 2138 ut
621 2122 716 2138 verum
727 2113 878 2139 debitorem
889 2113 972 2147 hujus
985 2124 1106 2140 summae
1117 2119 1212 2141 tenore
1226 2114 1411 2149 praesentium
1422 2114 1578 2149 praedictae
1589 2114 1719 2140 ecclesiae
1730 2124 1772 2140 me
1779 2115 1929 2152 obligatum

418 2159 514 2191 reddo,
534 2159 662 2194 adjiciens
675 2160 748 2194 quod
763 2160 873 2186 totalem
893 2170 1024 2186 summam
1036 2161 1118 2195 hujus
1134 2161 1266 2196 pecuniae
1279 2161 1385 2187 solvere
1401 2166 1495 2187 teneor
1508 2161 1597 2187 dictae
1612 2161 1741 2188 ecclesiae
1754 2162 1826 2188 infra
1839 2164 1930 2191 natale

419 2207 488 2232 beati
505 2206 636 2232 Johaunis
650 2206 802 2241 Baptistae,
819 2207 941 2242 proximo
959 2213 1106 2234 venturum
1117 2229 1124 2241 ‚
1147 2208 1227 2234 fidem
1241 2208 1418 2234 nihilominus
1437 2208 1614 2243 interponens
1628 2217 1669 2234 me
1684 2209 1709 2234 ei
1721 2208 1879 2236 satisfacere
1895 2211 1929 2237 ad

419 2263 493 2279 suam
508 2255 533 2279 in
548 2254 672 2279 omnibus
688 2254 866 2281 voluntatem.
882 2255 917 2282 Ut
931 2261 1021 2281 autem
1036 2265 1120 2291 super
1134 2256 1303 2291 praescripto
1316 2255 1409 2281 debito
1422 2254 1493 2281 infra
1507 2255 1611 2281 dictum
1625 2257 1769 2283 terminum
1784 2258 1873 2284 minus
1885 2268 1932 2285 ve—

420 2302 516 2326 raciter
528 2301 707 2336 persolvendo
722 2302 808 2327 omnis
820 2302 933 2328 tollatur
946 2303 1087 2333 dubietas,
1101 2308 1128 2329 et
1141 2303 1282 2329 ecclesiam
1296 2308 1484 2338 praenotatam
1496 2302 1608 2329 reddam
1622 2305 1766 2331 certiorem
1779 2326 1786 2337 ‚
1802 2314 1931 2341 praesens

420 2349 549 2383 scriptum
560 2348 638 2383 sigilli
652 2349 702 2374 mei
717 2350 882 2384 appensione
894 2356 920 2376 et
936 2351 1045 2376 testium
1065 2351 1258 2376 subnotatione
1271 2350 1365 2376 studui
1380 2350 1554 2376 confirmare.
1569 2350 1682 2386 Signum
1695 2351 1806 2379 Gosuini
1817 2373 1823 2385 ‚
1841 2352 1934 2378 militis

419 2394 640 2420 ‹leSceudelbeca
652 2405 658 2429 3
670 2395 784 2421 Walteri
795 2395 829 2422 de
842 2396 995 2422 Moriameis
1007 2407 1013 2430 ;
1028 2397 1099 2423 Petri
1114 2397 1147 2423 de
1160 2396 1300 2427 Sainctes;
1315 2396 1343 2423 S.
1358 2396 1491 2423 Johannis
1505 2397 1539 2423 de
1552 2396 1815 2434 Emelverdenqhem;
1829 2399 1933 2435 Aegidii

419 2441 451 2465 dc
470 2440 601 2467 l'reclzem.
619 2442 714 2468 Actum
729 2452 799 2469 anno
813 2440 915 2477 graliae
930 2443 1111 2470 MCCXXVIH
1125 2465 1132 2475 ‚
1149 2454 1240 2471 mense
1251 2444 1358 2470 Martio.

1476 2482 1605 2506 Carlulaire
1613 2482 1641 2506 de
1655 2481 1761 2511 MalineS.
