2137 3131
460 412 529 447 702
803 409 976 445 CORPUS
1003 408 1332 443 CHRONICORUM
1361 409 1624 444 FLANDRIAE.

461 528 634 567 quatuor„
654 520 726 564 jam
746 524 888 563 portum
911 523 1029 558 teneo,
1046 515 1140 549 ‹lulci
1155 516 1304 548 statione
1325 523 1460 561 reperta
1473 544 1481 559 .,
1506 517 1608 562 plane
1629 518 1690 563 qui
1710 525 1789 564 post
1807 531 1972 555 excursus

462 579 669 624 multiplices
684 576 781 622 quasi
796 575 840 609 ad
861 587 1004 608 examen
1021 587 1127 620 apum
1148 574 1304 607 fructum
1325 574 1452 608 laboris
1468 575 1534 608 mei
1555 576 1687 609 contuli
1699 603 1707 619 7
1725 577 1910 612 collectum
1925 580 1973 613 vi—

461 638 585 672 delicet.
602 635 645 669 de
668 634 858 667 multarum
879 633 1062 666 nationum
1082 631 1291 677 specialibus
1307 632 1412 679 gestis
1425 660 1433 675 -.
1455 634 1554 679 quasi
1574 633 1618 667 de
1640 633 1784 669 diversis
1802 635 1969 679 floribusi,

460 698 576 730 favum
594 694 707 727 brevis
721 693 903 733 historiacg
925 692 1034 725 immo
1053 691 1114 736 qui
1134 697 1264 724 aetates
1283 697 1317 724 et
1335 704 1441 739 regna
1454 704 1662 737 percurrens
1676 693 1710 726 in
1727 693 1865 728 deserto
1879 707 1972 741 quo-

459 752 648 788 dammodo
664 763 726 797 per
744 763 854 784 annos
873 750 975 796 plene
995 749 1220 783 MCXXXVII
1245 762 1353 797 vagus
1370 757 1404 783 et
1422 751 1592 785 instabilis
1610 752 1786 785 ambulavi
1801 780 1808 794 5
1831 754 1971 788 iuventa

455 813 525 857 jam
541 811 662 844 semita
681 822 721 843 ac
739 809 835 842 ostiis
854 809 1031 851 reseratis7
1049 807 1229 856 ingredior
1248 808 1282 841 in
1302 808 1450 842 domum
1471 821 1585 843 meam
1597 836 1605 852 o
1629 822 1699 843 non
1714 810 1758 843 de
1773 823 1843 857 qua
1858 812 1946 846 exivi
1960 839 1968 853 ,

458 870 517 904 sed
533 881 638 916 quain
654 868 807 914 quaesivi
819 895 827 909 a
849 867 1003 913 quaesivi
1020 867 1112 900 enim
1133 879 1210 900 eam
1229 873 1264 900 ct
1278 879 1373 900 nunc
1387 868 1515 900 inveni.
1539 867 1610 902 Nec
1625 880 1680 901 me
1694 869 1816 902 fefellit
1829 870 1890 916 qui
1906 882 1971 904 nec

460 929 528 963 falli
544 940 607 961 nec
623 927 739 961 fallere
755 926 868 969 novit,
887 926 948 972 qui
964 925 1052 959 dixit
1069 938 1075 958 :
1104 939 1121 955 ι(
1142 925 1308 965 Quaerite
1322 932 1357 958 et
1371 926 1570 969 invenietis,
1593 941 1609 957 »
1632 933 1667 960 et
1684 928 1848 973 quiajam
1868 941 1970 974 pros-

458 1000 539 1033 pere
554 998 710 1019 reversus
723 997 802 1018 sum
817 985 852 1017 in
867 984 1014 1018 domum
1032 984 1139 1030 patris
1153 984 1221 1017 mci
1231 1010 1240 1027 7
1257 996 1275 1017 a
1289 996 1361 1030 quo
1376 990 1410 1017 et
1423 996 1493 1030 qua
1506 985 1688 1018 occasione
1702 985 1826 1019 eadem
1841 986 1969 1021 domus

457 1045 603 1079 fundata
620 1045 664 1078 sit
681 1044 801 1090 paucis
815 1043 969 1089 aperiam
983 1069 991 1085 ,
1012 1055 1124 1088 quum
1143 1049 1177 1075 et
1196 1042 1281 1076 haec
1297 1054 1398 1076 causa
1417 1042 1534 1088 plures
1551 1043 1652 1086 latet7
1672 1043 1777 1077 etiam
1796 1044 1832 1077 in
1846 1044 1968 1079 eadem

457 1104 563 1138 domo
582 1116 651 1137 una
670 1115 810 1136 mecum
830 1101 1009 1136 educatos.

812 1227 929 1262 Causa
951 1228 1177 1272 simulationis
1194 1227 1355 1261 abbatiae
1373 1227 1610 1273 supradictae.

504 1343 585 1375 Erat
599 1342 717 1387 itaque
732 1341 800 1373 hoc
814 1346 974 1385 tempore
989 1338 1111 1385 oppidi
1130 1338 1325 1373 Niuivensis
1341 1337 1531 1371 advocatus
1546 1337 1740 1381 Gerardus7
1758 1339 1810 1372 vir
1826 1339 1966 1382 nobilis..

457 1407 692 1449 cognomento
719 1399 999 1433 constabularius
1011 1425 1018 1439 ‚
1050 1397 1212 1431 Amelrici
1244 1396 1462 1430 Flandrensis
1490 1397 1738 1430 constabularii
1766 1398 1857 1431 filius
1869 1425 1877 1441 ‚
1907 1398 1968 1444 qui

456 1459 601 1493 similem
621 1459 685 1492 sibi
706 1459 740 1491 in
760 1457 993 1505 generositate
1012 1456 1155 1490 sortitus
1174 1468 1340 1497 uxorem,
1362 1450 1505 1489 nomine
1525 1456 1653 1489 Gislam
1667 1483 1675 1499 -,
1694 1455 1738 1489 de
1757 1468 1796 1490 ea
1811 1456 1898 1490 duas
1912 1469 1969 1505 ge-

456 1518 535 1551 nuit
551 1517 637 1550 filias
650 1543 659 1560 a
681 1515 907 1550 Machtildem
926 1514 970 1549 de
986 1515 1109 1549 Ninive
1128 1521 1162 1547 ct
1177 1513 1426 1561 Ermegardem
1445 1513 1489 1547 de
1504 1513 1643 1547 Woma.
1665 1515 1707 1547 At
1721 1514 1844 1547 eadem
1860 1515 1966 1558 Gisla,

455 1577 624 1622 susceptis
639 1574 869 1618 haeredibus,
891 1574 1071 1607 mortifera
1092 1580 1252 1619 correpta
1267 1573 1488 1615 infirmitate7
1511 1573 1615 1606 morti
1635 1573 1967 1619 appropinquabatg

455 1648 562 1681 quam
580 1634 721 1667 visitans
740 1633 914 1667 abbatissa
930 1632 973 1666 dc
990 1632 1197 1679 Ghileghem
1213 1659 1221 1674 ³
1242 1637 1390 1679 cognata
1412 1643 1493 1674 sua7
1516 1637 1556 1664 ut
1573 1631 1621 1664 ibi
1644 1637 1723 1676 post
1742 1637 1893 1664 mortem
1911 1643 1968 1665 se-

454 1693 613 1740 pelienda
630 1692 827 1726 deferretur
840 1692 966 1726 obnixe
981 1691 1193 1737 postulabat.
1213 1690 1305 1724 Gisla
1316 1702 1398 1723 vero
1408 1690 1481 1736 jam
1499 1696 1637 1723 mortua
1650 1717 1658 1733 7
1675 1690 1870 1723 abbatissae
1884 1702 1967 1736 pos—

453 1752 577 1785 tulatio
599 1752 737 1797 penitus
756 1757 923 1785 cassatur.
946 1750 1035 1784 Nam
1062 1748 1208 1783 domino
1223 1748 1379 1783 Gerardo
1399 1748 1621 1794 potissimum
1641 1748 1772 1794 placuit
1786 1748 1967 1782 ecclesiam

454 1822 552 1844 suam
571 1816 605 1843 et.
622 1810 740 1843 uxoris
754 1821 836 1843 suae
854 1809 1029 1842 honorare
1044 1805 1183 1841 tumulo
1198 1814 1232 1840 et
1247 1807 1463 1840 liberalitatis
1478 1818 1560 1840 suae
1578 1806 1759 1840 sublevare
1779 1806 1964 1840 beneficio.

454 1868 534 1909 Quo
549 1868 679 1901 intuitu
699 1880 780 1901 cum
802 1867 837 1900 in
853 1866 975 1900 eadem
991 1866 1134 1899 ecclesia
1148 1873 1218 1899 tres
1237 1872 1352 1899 essent
1365 1865 1545 1909 canonici,
1567 1871 1736 1911 quartum
1755 1864 1884 1898 addere
1899 1864 1968 1899 dis-

454 1926 589 1972 posuit,
605 1927 678 1971 ejus
698 1926 777 1959 ilico
792 1924 1013 1971 praebendae
1027 1925 1073 1957 ol)
1087 1931 1263 1958 aeternam
1280 1936 1362 1957 suae
1381 1923 1499 1957 uxoris
1514 1921 1715 1956 habendam
1736 1923 1943 1957 memoriam
1954 1950 1963 1967 7

453 1984 625 2018 decimam
642 1984 806 2018 ecclesiae
821 1983 865 2017 de
885 1983 1116 2029 Herlinchovc
1135 1983 1314 2030 assignans
1328 2009 1336 2025 a
1357 1988 1392 2015 et
1407 1981 1570 2015 ecclesiae
1590 1981 1766 2015 Ninivensi
1783 1981 1819 2014 iu
1838 1993 1966 2027 perpe-

452 2050 549 2076 tuam
564 2043 821 2088 eleemosynam
835 2041 1059 2083 condonansg
1077 2040 1138 2074 sed
1159 2042 1219 2074 Dei
1233 2040 1442 2086 disponente
1461 2039 1680 2086 providentia
1694 2066 1703 2083 2
1720 2040 1803 2086 quia
1817 2051 1858 2073 eo
1873 2046 1966 2073 tem-

453 2113 536 2146 pore
550 2101 674 2134 tertius
690 2101 879 2134 canonicus
893 2106 1006 2133 morte
1024 2100 1173 2133 fortuitu
1189 2099 1390 2133 subtractus
1403 2105 1478 2132 crat
1489 2125 1497 2141 ‚
1518 2105 1553 2131 et
1569 2098 1643 2143 ejus
1662 2097 1862 2144 praebenda
1882 2110 1963 2132 cum

452 2165 577 2205 quarta
596 2170 709 2204 nuper
723 2159 915 2191 instaurata
929 2157 1047 2191 adhuc
1065 2157 1210 2191 vacabat
1223 2184 1231 2200 7
1253 2158 1368 2203 coepit
1388 2169 1480 2190 unus
1500 2156 1707 2199 canonicus,
1728 2157 1871 2190 nomine
1885 2157 1964 2190 Bal-

453 2217 599 2260 duinus7
620 2223 857 2265 cognomento
877 2216 995 2259 'Wala7
1018 2229 1098 2249 nam
1118 2216 1204 2250 alter
1224 2215 1349 2250 Oiotus
1367 2216 1571 2258 dicebatur5
1594 2213 1793 2261 saepedicto
1808 2214 1965 2249 Gerardo

453 2275 678 2321 persuadere7
701 2282 895 2322 quatenus5
918 2274 1121 2308 fundandae
1136 2274 1333 2308 intenderet
1351 2275 1531 2317 abbatiae,
1554 2273 1704 2307 maxime
1726 2285 1807 2306 cum
1826 2272 1966 2307 duabus

454 2334 655 2367 vacantibus
681 2346 780 2367 suam
800 2340 941 2379 paratus
969 2340 1058 2367 esset
1080 2333 1317 2379 praebendam
1340 2333 1504 2378 adjicere.
1533 2332 1672 2373 Quibus
1695 2333 1730 2364 in
1754 2331 1823 2365 hoc
1844 2338 1965 2366 sancto

455 2392 633 2437 proposito
658 2391 783 2425 devote
810 2390 1128 2435 concordantibus,
1158 2391 1290 2437 placuit
1308 2392 1432 2424 fratres
1454 2389 1808 2424 Praemonstratensis
1832 2390 1965 2424 ordinis

454 2462 525 2483 esse
539 2449 760 2483 advocandos
774 2477 783 2493 7
805 2462 959 2496 quorum
979 2450 1181 2484 suavissima
1200 2450 1473 2483 conversationis
1487 2449 1607 2495 opinio
1628 2454 1726 2496 grata
1742 2449 1813 2482 Deo
1830 2455 1865 2482 et
1881 2449 1963 2494 plu-

454 2509 583 2542 rimum
598 2508 886 2543 commendabilis
901 2508 1036 2543 mundo
1052 2508 1250 2543 videbatur.
1273 2509 1375 2543 Missa
1390 2510 1508 2555 itaque
1524 2508 1696 2555 legatione
1711 2507 1890 2540 Parcensis
1903 2518 1962 2540 ec-
