2118 3184
738 391 1027 427 APPENDICES.
1568 392 1634 428 351

86 495 89 497 ⁵
117 501 222 528 videam
232 501 267 527 de
278 500 445 536 prudentum
456 501 578 526 virorum
589 499 703 526 consilio
713 500 850 529 concessi,
864 505 895 526 ut
905 500 948 526 via
961 508 1031 535 quae
1042 508 1092 535 per
1103 499 1203 526 Labroc
1213 508 1309 526 versus
1324 498 1496 525 Herltnclnove
1506 498 1636 525 tendebat

117 554 194 575 extra
203 549 308 574 vineam
320 553 487 574 conventus.
499 547 578 580 juxta
591 546 721 573 fossatum
733 546 967 573 circumducatur.
982 547 1018 573 I't
1033 552 1123 573 autem
1137 546 1203 573 haec
1217 552 1275 573 rata
1289 552 1317 573 et
1330 546 1490 572 inconcussa
1500 546 1527 572 in
1541 555 1637 572 aevum

118 601 295 631 permaneant
307 616 314 623 ,
330 595 463 630 scriptum
476 594 528 620 hoc
542 593 624 630 sigilli
637 594 688 620 mei
700 593 868 629 appensione
882 599 909 620 et
924 594 1034 620 testium
1048 594 1243 620 subnotatione
1255 593 1358 629 placuit
1371 592 1508 620 roborari.
1522 592 1636 629 Signum

120 642 247 669 Willelmi
258 642 291 668 de
304 641 488 676 Grimbergis‚
503 640 606 666 domini
618 640 652 666 de
665 640 766 672 Ascha,
780 640 893 666 Gosuini
906 640 941 666 de
954 640 1024 676 Brpe
1036 646 1063 666 et
1078 640 1190 667 Gosuini
1203 641 1237 667 de
1250 640 1361 673 Ridere,
1372 638 1487 666 militum
1499 651 1506 674 ς
1519 639 1548 667 S.
1560 640 1639 676 Aegi-

117 689 247 716 diiBalivi
260 694 288 716 et
302 688 425 721 nem-ici,
439 687 583 724 capellani.
598 688 694 714 Actum
709 697 780 714 anno
795 687 901 714 Domini
916 687 1073 714 Jtlccxxlll
1085 710 1091 716 .
1107 697 1199 715 mense
1214 687 1382 715 Decembris.

1075 754 1182 786 Origiual
1192 773 1198 784 .
1214 761 1283 779 sceau
1297 762 1326 778 en
1343 753 1391 778 cire
1406 754 1490 779 brune.

829 1015 928 1052 CXL.

118 1117 169 1151 H.
173 1145 184 1160 ,
200 1118 289 1152 abbe'
303 1117 344 1152 de
361 1117 468 1160 Jette,
493 1118 535 1152 G.
542 1144 553 1159 ,
578 1117 690 1163 doyen
710 1116 751 1150 de
770 1115 873 1150 HaIIe
891 1121 924 1149 et
939 1114 1027 1157 Ph„
1046 1114 1135 1148 mcre'
1147 1115 1188 1148 cle
1207 1115 1338 1158 Brnst,
1358 1119 1548 1150 terminent
1564 1128 1638 1163 par

165 1175 245 1210 leur
259 1176 411 1210 de'czleion
429 1176 457 1210 Ie
476 1174 650 1221 differ-end
667 1177 733 1221 qni
745 1177 886 1208 esrz'staz't
903 1179 1000 1207 entre
1018 1173 1176 1220 Z'abhaye
1200 1179 1234 1207 et
1253 1173 1376 1208 Simon
1395 1175 1437 1208 cle
1455 1174 1552 1208 Lewe
1564 1187 1638 1221 par

168 1240 319 1282 rapport
331 1247 380 1269 au
395 1234 530 1268 nundin
543 1232 818 1280 d‘Ydrengsleem.
832 1253 880 1258 —
889 1232 1027 1267 leovn.

752 1401 769 1422 Δ
784 1397 922 1425 Meerheke,
935 1397 1007 1421 122⁴.

155 1470 294 1498 Universis
307 1479 438 1506 praesens
456 1470 588 1505 scriptum
603 1469 784 1505 inspecturis,
808 1468 854 1501 H„
870 1468 919 1494 Dei
933 1469 1021 1504 gratia
1041 1468 1126 1494 abbas
1146 1468 1286 1495 Jethensis
1298 1489 1306 1501 ,
1328 1468 1373 1501 G.,
1392 1469 1512 1495 decanus
1527 1470 1560 1496 de
1585 1469 1641 1495 Hal

117 1523 145 1545 et
159 1518 307 1545 eanonicus
322 1517 351 1543 B.
367 1517 467 1543 Mariae
487 1516 706 1549 Cameracensis,
725 1521 753 1543 et
769 1516 832 1549 Ph„
847 1516 994 1552 presbyter
1005 1516 1040 1542 de
1054 1516 1152 1547 Ernst,
1167 1515 1284 1542 salutem
1299 1517 1325 1542 in
1339 1516 1436 1542 salutis
1447 1522 1570 1543 auctore.
1588 1517 1641 1543 No-

116 1566 207 1592 verint
219 1565 340 1591 universi
355 1565 429 1600 quod
443 1574 505 1591 cum
518 1565 706 1590 controversia
719 1569 791 1590 esset
803 1565 875 1590 inter
889 1564 1014 1589 abbatem
1030 1568 1057 1590 et
1070 1569 1235 1590 conventum
1250 1564 1423 1590 Ninivensem
1435 1573 1467 1590 ex
1480 1573 1536 1590 una
1549 1569 1638 1600 parte.

116 1619 144 1640 et
157 1613 302 1649 Symonem
316 1612 350 1639 de
365 1612 442 1639 Lewe
455 1622 488 1638 ex
501 1612 588 1638 altera
600 1633 607 1644 7
624 1621 708 1647 super
719 1611 805 1637 fundo
818 1611 961 1646 cujusdam
975 1610 1140 1640 molendini,
1152 1611 1262 1646 jacente
1275 1611 1349 1651 apud
1365 1611 1540 1648 Ydrenghem
1553 1616 1581 1638 et
1594 1621 1641 1638 su—

116 1670 167 1696 per
177 1660 294 1697 quadam
306 1660 420 1695 septima
433 1665 511 1695 parte
522 1669 604 1695 quam
614 1659 680 1686 dicti
689 1659 774 1685 abbas
788 1664 815 1685 et
828 1664 980 1685 conventus
989 1659 1041 1685 sibi
1050 1658 1224 1685 vindicabant
1234 1659 1260 1685 in
1273 1659 1428 1685 molendino
1438 1659 1503 1685 dieti
1515 1659 1640 1694 Symonis

114 1708 233 1735 inferius
245 1707 393 1739 existente,
410 1712 437 1734 et
450 1716 535 1742 super
547 1716 580 1733 eo
594 1706 668 1743 quod
683 1706 800 1742 praefati
810 1706 894 1733 abbas
905 1711 932 1732 et
947 1711 1098 1733 conventus
1111 1706 1239 1733 dicebant
1253 1706 1397 1742 Symonem
1410 1696 1526 1733 erexisse
1536 1706 1642 1733 molen-

117 1754 212 1781 dinum
232 1763 311 1781 suum
330 1755 357 1780 in
377 1754 577 1790 praejudicium
597 1754 739 1781 memorati
758 1753 835 1780 fundi
854 1759 882 1780 et
896 1763 981 1789 super
999 1759 1061 1780 octo
1081 1754 1178 1780 marcis
1196 1753 1338 1787 alborum,
1357 1754 1391 1781 de
1409 1754 1511 1790 quibus
1530 1754 1564 1780 lis
1580 1759 1639 1781 erat

116 1802 252 1837 interjam
264 1801 351 1828 dictas
363 1806 456 1837 partes
467 1806 493 1828 et
503 1810 589 1837 super
599 1801 717 1837 quodam
733 1800 821 1827 frusto
832 1805 923 1827 terrae
936 1800 1078 1835 adjacente
1088 1801 1162 1827 dicto
1174 1800 1260 1827 fundo
1270 1822 1277 1833 ‚
1294 1801 1404 1828 tandem
1415 1806 1478 1837 post
1490 1801 1590 1828 multas
1602 1801 1642 1827 al-

118 1849 284 1876 tercationes
292 1869 299 1882 ‚
311 1848 345 1875 de
356 1848 493 1875 communi
503 1857 637 1874 consensu
648 1848 784 1874 dictarum
794 1848 913 1883 partium
921 1868 928 1879 ‚
939 1847 993 1873 fide
1005 1852 1033 1874 et
1042 1847 1202 1882 juramento
1212 1848 1382 1884 interpositis
1393 1853 1420 1874 et
1432 1848 1484 1875 sub
1494 1857 1583 1884 poena
1591 1849 1641 1875 tri-

117 1897 194 1933 ginta
206 1895 339 1923 librarum
351 1896 477 1922 alborum
490 1895 517 1921 in
531 1904 581 1921 nos
597 1894 649 1921 suit
660 1895 884 1930 compromissum
894 1915 901 1927 7
917 1903 1034 1930 quarum
1046 1894 1180 1921 librarum
1194 1904 1249 1921 una
1262 1895 1392 1922 medietas
1405 1896 1459 1921 erit
1471 1905 1486 1921 a
1500 1895 1640 1922 resiliente

117 1943 247 1970 solvenda
258 1943 352 1970 curiae
365 1942 551 1969 Cameracensi
562 1964 568 1975 ‚
582 1942 689 1978 reliqua
702 1951 768 1969 vero
781 1942 859 1968 alteri
871 1943 942 1978 parti
956 1947 1081 1968 nostrum
1094 1943 1238 1969 arbitrium
1252 1942 1420 1969 observanti.
1434 1943 1488 1969 Nos
1502 1952 1568 1969 vero
1579 1943 1639 1969 dili-

117 1995 216 2027 genter
226 1991 346 2026 pensatis
359 1994 412 2016 tam
425 1989 518 2016 valore
533 1998 614 2025 quam
629 1989 733 2016 meritis
745 1998 843 2015 causae
855 1994 993 2021 nostrum,
1005 1989 1040 2015 de
1049 1989 1201 2024 proborum
1210 1990 1334 2015 virorum
1345 1989 1458 2016 consilio
1467 2011 1474 2023 ,
1489 1995 1517 2016 et
1528 1991 1554 2015 in
1566 1989 1639 2016 hunc

119 2038 229 2065 modum
238 2037 404 2073 protulimus
411 2037 570 2063 arbitrium:
584 2050 595 2061 u
604 2036 695 2063 Abbas
704 2042 731 2063 et
739 2041 893 2063 conventus
901 2041 928 2063 et
936 2036 1025 2062 dictus
1031 2036 1132 2072 Symon
1142 2037 1322 2063 communiter
1332 2037 1512 2072 possidebunt
1522 2036 1637 2063 fundum

118 2090 299 2112 memoratum
310 2105 317 2117 ,
332 2090 360 2112 et
372 2085 562 2111 communibus
575 2085 700 2120 expensis
713 2084 814 2110 sacient
827 2083 982 2110 aedificium
999 2089 1026 2110 et
1043 2083 1110 2110 alias
1123 2084 1290 2110 necessarias
1303 2093 1435 2120 expensas
1448 2089 1475 2110 et
1487 2085 1622 2119 impensas
1631 2105 1637 2110 .

119 2132 300 2159 communiter
313 2140 426 2167 quoqne
443 2131 577 2166 recipient
592 2131 806 2157 emolumentum
816 2152 823 2164 ,
841 2132 878 2157 ita
898 2131 972 2166 quod
989 2131 1073 2157 abbas
1089 2136 1117 2158 et
1131 2136 1283 2158 conventus
1297 2132 1322 2157 in
1337 2131 1463 2158 omnibus
1477 2131 1641 2167 supradietis

119 2179 261 2206 habebunt
275 2188 357 2204 unam
368 2177 552 2210 medietatem⁷
567 2177 667 2213 Symon
679 2187 745 2204 vero
757 2177 847 2204 aliam.
862 2178 1008 2204 piscariam
1018 2187 1085 2204 vero
1097 2187 1168 2214 quae
1176 2178 1229 2204 erit
1239 2187 1324 2213 supra
1337 2177 1452 2204 fundum
1463 2178 1528 2204 dicti
1541 2177 1640 2204 molen-

119 2226 191 2258 dini,
205 2226 291 2252 abbas
303 2230 331 2252 et
342 2216 494 2252 conventus
504 2224 647 2251 habebunt
657 2234 689 2251 ex
700 2226 808 2261 integro
818 2226 844 2251 in
858 2230 1023 2260 perpetuum
1037 2225 1095 2252 sine
1105 2225 1323 2252 contradictione
1332 2225 1467 2260 Symonis⁷
1485 2225 1558 2252 illam
1572 2235 1639 2252 vero

119 2282 191 2309 quae
205 2273 258 2299 erit
270 2273 367 2299 subter
385 2272 501 2298 fundum
518 2272 583 2298 dicti
600 2272 748 2299 molendini
766 2272 878 2299 habebit
893 2272 995 2308 Symon
1012 2273 1070 2299 sine
1087 2272 1302 2299 contradictione
1315 2273 1422 2299 abbatis
1435 2278 1462 2299 et
1475 2278 1637 2300 conventus.

119 2320 189 2347 Item
197 2319 381 2346 molendinum
390 2319 516 2354 Symonis
526 2339 533 2351 ‚
544 2318 618 2354 quod
626 2319 769 2345 dicebatur
776 2319 923 2345 exaltatum
932 2340 940 2352 ‚
949 2319 976 2345 in
987 2319 1186 2355 praejudicium
1197 2320 1253 2346 sive
1263 2319 1390 2345 damnum
1402 2321 1553 2356 superioris
1563 2319 1641 2347 fundi

120 2366 205 2394 debet
221 2367 322 2402 Symon
340 2365 486 2392 humiliare
501 2375 555 2392 uno
570 2365 639 2401 pede
651 2371 678 2392 et
694 2366 818 2399 dimidio7
836 2367 888 2393 sub
907 2367 1062 2393 testimonio
1080 2367 1231 2402 proborum
1247 2368 1368 2393 virorum
1379 2388 1386 2399 ‚
1402 2368 1439 2394 ita
1459 2368 1532 2403 quod
1549 2368 1640 2395 dictus

120 2414 206 2441 abbas
215 2419 242 2440 et
254 2418 406 2440 conventus
416 2413 443 2439 in
452 2412 640 2439 humiliatione
651 2413 735 2448 ipsius
747 2413 1003 2440 molendinidebent
1014 2423 1175 2449 procurare,
1188 2418 1215 2439 et
1223 2422 1361 2449 apponere
1372 2424 1457 2440 unum
1469 2415 1639 2450 operarium,

120 2461 222 2497 Symon
232 2460 399 2487 vernalium.
409 2459 595 2486 molendinum
609 2465 699 2485 autem
711 2460 779 2486 illud
793 2460 875 2486 debet
889 2460 988 2496 Symon
1003 2460 1163 2491 humiliare,
1178 2460 1249 2486 sicut
1261 2460 1364 2486 dictum
1375 2465 1433 2493 est,
1451 2461 1523 2488 infra
1536 2464 1640 2489 instans

123 2507 226 2535 Pascha
239 2508 392 2543 proximum
406 2506 530 2533 futurum
545 2517 551 2541 ς
566 2507 630 2533 item
646 2516 696 2542 pro
711 2506 799 2533 frusto
814 2512 904 2534 terrae
913 2507 970 2542 jam
986 2507 1059 2534 dicto
1071 2506 1157 2534 fundo
1170 2507 1311 2541 adjacente
1321 2507 1426 2534 dabunt
1438 2508 1523 2535 abbas
1536 2514 1563 2536 et
1578 2519 1643 2536 con-
