2137 3131
826 380 1000 417 CORPUS
1027 377 1357 413 CHROMCORUM
1385 378 1648 413 FLANDRIAE.

798 1018 867 1053 820

801 1371 872 1406 825

801 1664 870 1700 830

802 2255 872 2291 840

895 490 938 523 Se
959 489 1062 522 traxit
1079 499 1162 521 euin
1182 494 1294 521 matre
1313 499 1374 521 sua

896 550 994 589 Quae
1012 553 1228 581 remanserat
1246 546 1351 580 vidua

896 608 937 641 Et
955 607 1077 641 orbata
1097 606 1140 640 de
1159 606 1307 649 comite,

896 666 965 707 Qui
984 665 1110 699 habuit
1125 665 1231 698 finem
1252 664 1342 697 vitae

850 735 853 741 ’
897 725 937 758 In
956 723 1124 758 conflictu
1143 721 1238 768 apud
1261 721 1386 756 Creeltc'
1401 737 1411 754 :

895 784 968 817 Hoc
986 783 1147 816 fecerunt
1164 781 1309 815 inimici.

896 842 988 875 Haec
1005 841 1074 874 fuit
1091 840 1135 874 de
1155 846 1272 873 mente
1290 840 1347 886 pia

896 901 1000 948 Regis
1020 899 1173 945 Philippi
1192 899 1262 933 filia
1275 926 1283 942 7

894 960 935 992 Et
952 959 1014 1005 qui
1033 970 1212 992 successor
1230 958 1265 990 in
1285 969 1395 1005 regno

897 1019 973 1052 Fuit
991 1017 1034 1051 de
1049 1018 1130 1063 jure
1148 1017 1318 1051 fraterno.

895 1077 1023 1123 Sicque
1042 1076 1086 1109 de
1105 1076 1212 1121 stirpe
1232 1075 1327 1123 regia

897 1135 1096 1170 Ludovieus
1111 1133 1155 1167 de
1174 1132 1336 1167 Flandria

899 1194 1054 1237 Exstitit,
1074 1193 1164 1227 sicut
1182 1199 1347 1239 apparet7

897 1253 1004 1299 Cujus
1022 1264 1153 1286 nomen
1170 1252 1260 1285 hene
1278 1251 1397 1285 claret.

898 1372 1092 1406 Comitatus
1111 1370 1314 1404 Hannoniae
1327 1396 1334 1411 7

897 1429 1100 1463 Hollandiae
1113 1456 1121 1472 7
1142 1427 1327 1462 Zelandiae

898 1488 940 1521 Et
957 1488 1090 1535 Frigiae
1109 1486 1309 1521 dominium
1322 1513 1330 1529 7

898 1547 1018 1581 Gentis
1035 1547 1181 1580 infestae
1200 1546 1368 1587 nimium7

898 1605 1081 1640 Comitissa
1100 1605 1300 1647 obtinebat,

898 1665 939 1698 Et
956 1664 1025 1698 hoe
1042 1664 1107 1697 sibi
1125 1663 1288 1696 veniebat

897 1726 946 1758 De
964 1724 1080 1757 fratris
1098 1723 1317 1757 successione

896 1783 1101 1826 Guillermi,
1124 1783 1185 1829 qui
1204 1783 1240 1815 in
1259 1794 1372 1830 agone

898 1842 1027 1877 Contra
1045 1842 1202 1875 Frisones
1221 1841 1366 1875 corruit.

896 1902 938 1935 Et
956 1901 1005 1934 sie
1023 1913 1122 1934 soror
1141 1899 1296 1933 obtinuit

898 1960 1031 1994 Cuncta
1053 1958 1256 2005 supradicta
1269 1958 1351 2003 jura

897 2019 986 2054 Cum
1005 2031 1068 2052 sua
1087 2018 1316 2065 progenitura

898 2079 1031 2126 Regina
1050 2077 1275 2111 Alemanniae

897 2138 986 2172 Cum
1006 2137 1134 2171 comite
1154 2135 1329 2169 Bavariae.

899 2197 975 2230 Fuit
994 2197 1056 2243 qui
1076 2208 1151 2229 eam
1172 2201 1313 2240 ceperat

900 2258 1015 2303 Atque
1034 2255 1192 2303 reginam
1212 2254 1360 2297 fecerat7

898 2316 939 2348 Et
956 2314 1105 2348 duxerat
1124 2313 1159 2346 in
1178 2324 1325 2346 uxorem

898 2372 1102 2407 Secundum
1121 2372 1254 2418 patriae
1273 2383 1421 2405 morem.

898 2432 938 2464 In
958 2431 1142 2464 Hannonia
1160 2429 1329 2464 tenebant

898 2490 939 2523 Et
957 2489 1195 2523 communiter
1212 2488 1384 2522 vocabant
