2137 3131
413 337 482 371 880
1022 326 1309 363 APPENDICES.

412 444 436 469 in
457 442 595 478 praedicto
614 438 681 465 festo
695 438 765 463 beati
787 436 899 471 Remigii
918 435 995 461 annis
1012 434 1125 469 singulis
1141 438 1276 469 perpetuo
1292 433 1381 459 solvat
1395 433 1469 468 apud
1491 432 1612 468 llblpute
1633 433 1691 458 sine
1713 433 1929 459 contradictione

413 489 548 525 praefatae
562 486 690 513 ecclcsiae
704 484 843 510 Ninivensi
856 503 862 514 ‚
879 482 912 508 de
926 492 980 517 qna
995 482 1134 517 praedicta
1149 481 1272 516 quinque
1289 480 1404 506 bonaria
1417 480 1489 516 prati
1503 485 1613 515 praeter
1626 479 1768 506 dimidium
1782 479 1927 506 dietarium

414 537 514 562 debent
529 535 561 560 dc
572 539 690 563 caetero⁷
704 532 773 557 sicut
784 530 818 556 de
829 539 870 556 me
885 534 1031 555 tenuerant
1044 528 1221 554 haereditatis
1236 527 1317 554 titulo
1328 528 1480 563 possidere.
1496 527 1524 554 Si
1538 537 1604 553 vero
1618 527 1758 563 quippiam
1770 526 1804 553 de
1818 536 1931 562 praeno-

414 583 475 608 tatis
483 581 590 607 circiter
599 579 722 614 quinque
733 577 851 603 bonai-iis
862 576 932 611 prati
944 580 1054 610 praeter
1064 574 1206 600 dimidium
1221 574 1366 600 dietarium
1375 595 1382 607 ‚
1394 575 1450 600 sive
1461 573 1523 609 plus
1537 574 1593 600 sive
1603 575 1692 600 minus
1706 573 1769 600 inde
1780 574 1830 605 sit,
1845 573 1880 599 ab
1891 574 1930 600 eis

413 629 459 663 qui
472 638 502 653 ea
514 627 592 653 modo
603 626 634 651 ad
647 625 749 651 dictum
764 633 874 650 censum
890 622 1030 658 possident
1047 622 1081 648 ad
1098 622 1165 648 alios
1185 622 1292 657 aliquos
1306 622 1362 648 sive
1373 631 1423 657 per
1437 622 1636 648 successionem
1647 642 1654 654 ‚
1670 621 1714 647 vel
1728 620 1928 653 vendilionem‚

411 680 458 701 aut
472 674 524 700 alio
539 673 662 708 quolibet
677 672 755 698 modo
770 671 912 697 transferri
925 670 1082 705 continget,
1096 669 1122 695 id
1137 670 1196 696 t'ieri
1211 669 1303 695 licebit
1318 669 1416 696 libere.
1433 669 1474 694 tta
1488 668 1562 704 quod
1578 668 1612 695 de
1628 668 1754 704 quolibet
1768 668 1883 694 bonario
1897 677 1929 694 ex

411 727 486 757 parte
500 720 642 747 vendentis
662 718 805 745 duodecim
823 717 927 743 denarii
946 717 1114 742 flandrenses
1128 721 1155 742 et
1176 726 1207 742 ex
1223 721 1301 751 parte
1323 716 1438 742 ementis
1455 715 1568 742 totidem
1587 715 1711 741 similiter
1727 714 1871 741 solvantur
1891 724 1932 741 ec-

409 769 504 795 clesiae
519 771 693 793 memoratae.
706 766 794 801 Quum
807 766 833 790 in
843 765 899 798 jam
912 763 991 790 dictis
1007 763 1100 790 decem
1115 763 1236 789 bonariis
1251 763 1322 798 prati
1338 762 1407 789 nihil
1426 763 1537 789 omnino
1549 763 1622 797 juris
1641 762 1706 788 mihi
1719 762 1837 795 retinui,
1854 771 1932 798 prae-

411 822 451 841 ter
466 815 567 841 dictum
581 822 691 839 censum
709 817 735 838 et
750 812 884 845 justitiam
898 810 1037 846 sanguinis
1047 831 1053 841 ,
1068 810 1204 842 incendii,
1225 809 1268 836 vel
1282 810 1430 844 cujuslibet.
1444 809 1558 835 alterius
1570 809 1726 836 violentiae.
1739 808 1851 835 Caetera
1864 817 1931 835 vero

410 862 496 888 omnia
518 860 683 896 praelibatae
702 859 854 885 Ninivensis
872 857 1001 883 ecelesiae
1021 856 1107 883 libera
1125 862 1153 883 et
1169 857 1246 892 quita
1269 857 1379 883 donavi.
1403 856 1528 892 Denique
1551 861 1581 882 ut
1602 856 1674 882 dicta
1695 855 1809 882 ecclesia
1825 855 1929 882 dictum

411 914 517 944 pratum
530 907 640 943 pacifice
651 911 678 931 et
688 906 781 941 quiete
792 905 862 931 sicut
876 904 958 930 debet
972 909 1107 939 perpetuo
1120 904 1210 930 valeat
1220 904 1361 940 possidere
1370 924 1376 936 ‚
1392 909 1487 930 contra
1499 903 1643 929 universos
1652 903 1711 937 juri
1724 912 1822 938 parere
1835 903 1932 929 nolen-

413 961 452 981 tcs
464 975 470 985 ,
485 954 519 980 de
533 953 627 979 eodem
642 957 721 988 prato
742 951 852 987 promisi
870 951 921 986 ipsi
937 950 1065 976 ecclesiae
1081 949 1230 986 perfectam
1247 950 1434 977 warandisiam
1453 960 1467 976 a
1486 959 1528 976 me
1539 971 1546 982 ,
1571 955 1597 975 et
1615 959 1630 975 a
1644 950 1710 976 meis
1724 949 1931 976 successoribus

412 1001 482 1027 omni
499 1006 619 1036 tempore
639 998 835 1030 exhibendum,
858 1003 884 1024 et
902 997 1004 1023 idcirco
1023 997 1056 1023 ad
1078 997 1242 1024 evidentiam
1257 1003 1310 1023 tam
1325 997 1475 1033 promissae
1494 996 1687 1029 warandisiae,
1707 1005 1788 1032 quam
1811 997 1931 1023 omnium

412 1048 623 1084 praedictorum,
633 1055 761 1082 praesens
769 1046 900 1081 scriptum
909 1045 1012 1071 contuli
1023 1045 1178 1081 praedictae
1189 1045 1318 1072 ecclesiae
1327 1044 1408 1081 sigilli
1420 1045 1471 1071 mei
1486 1044 1635 1070 munimine
1649 1044 1823 1070 roboratum.
1833 1043 1929 1070 Actum

412 1105 481 1121 anno
493 1095 595 1131 gratiae
611 1092 791 1124 MCCXXXV‚
808 1101 898 1118 mense
913 1091 997 1118 Julio.

1085 1319 1251 1353 CLXXX.

420 1419 583 1453 (iaute'er,
613 1416 723 1461 (loyen
749 1417 789 1449 (le
823 1414 1037 1449 Grammont
1048 1442 1059 1457 ,
1081 1414 1217 1449 cle‘clare
1245 1416 1359 1461 qu’wn
1390 1415 1540 1462 e'clzarzqe
1558 1416 1599 1449 de
1618 1422 1728 1449 terres
1753 1428 1776 1449 a
1793 1428 1836 1450 eu
1861 1415 1931 1450 lieu

722 1480 819 1507 entre
838 1474 995 1520 Fabhagse
1009 1480 1041 1508 et
1062 1473 1167 1507 Gillo-5
1185 1474 1225 1507 tle
1245 1473 1377 1520 Heylze.
1390 1495 1437 1500 —
1452 1475 1630 1508 Rovsmtn.

1135 1639 1204 1662 1255.

454 1713 607 1743 walterus,
623 1711 741 1737 decanus
754 1711 787 1737 de
800 1710 1016 1739 Geraldimonte,
1033 1711 1160 1737 omnibus
1180 1719 1309 1746 praesens
1323 1711 1455 1745 scriptum
1470 1711 1569 1737 visuris
1585 1711 1611 1736 in
1627 1715 1802 1746 perpetuum.
1817 1711 1933 1738 Univer—

416 1761 488 1786 sitati
508 1764 615 1785 vestrae
636 1763 731 1783 tenore
748 1758 932 1792 praesentium
953 1757 1115 1789 innotescat,
1135 1757 1209 1792 quod
1226 1757 1340 1783 ecclesia
1359 1757 1512 1783 Ninivensis
1531 1757 1607 1783 dedit
1620 1757 1734 1793 Aegidio
1747 1757 1781 1783 de
1797 1757 1886 1794 Heqlie
1903 1759 1930 1784 in

416 1806 653 1832 commutationem
671 1804 780 1830 circiter
797 1804 849 1830 tria
860 1804 974 1830 bonaria
988 1809 1078 1830 terrae
1088 1826 1095 1835 ,
1110 1814 1207 1839 parum
1222 1804 1284 1839 plus
1297 1804 1340 1830 vel
1354 1805 1443 1831 minus
1454 1825 1460 1833 ,
1472 1805 1590 1839 jacentis
1606 1805 1679 1839 apud
1693 1803 1836 1840 Sletthem,
1851 1805 1931 1839 juxta

419 1861 584 1879 communem
600 1852 669 1878 viam
684 1860 754 1886 quae
769 1851 856 1877 tendit
870 1861 966 1878 versus
978 1851 1097 1887 Asplar,
1107 1857 1134 1878 et
1144 1857 1252 1887 pratum
1268 1851 1335 1878 illud
1347 1852 1420 1887 quod
1434 1852 1535 1878 dicitur
1548 1851 1735 1885 ll'illisewade‚
1750 1857 1777 1878 et
1790 1852 1931 1879 dimidium

420 1900 560 1925 bonarium
575 1904 665 1925 terrae
680 1899 747 1924 sitae
761 1900 786 1924 in
801 1899 930 1934 parochia
943 1900 977 1925 de
991 1899 1110 1935 Asphzr,
1126 1900 1200 1935 quod
1216 1899 1337 1935 Sygerus
1352 1899 1427 1926 miles
1446 1899 1479 1926 de
1496 1900 1600 1935 Asplar
1612 1899 1698 1925 eidem
1715 1899 1844 1926 ecclesiae
1857 1900 1934 1927 dedit.

418 1948 444 1972 in
457 1946 652 1979 eleemosynam
668 1954 719 1980 pro
734 1946 856 1980 quinque
870 1946 990 1972 bonariis
1007 1951 1096 1971 terrae
1118 1946 1198 1972 liberi
1212 1946 1304 1972 allodii
1317 1947 1360 1972 sui
1374 1967 1381 1978 ,
1396 1956 1468 1982 quae
1482 1946 1533 1972 sita
1549 1951 1590 1972 est
1609 1946 1636 1972 in
1655 1946 1785 1981 parochia
1802 1946 1837 1972 de
1852 1947 1934 1973 Wou-

417 1993 590 2028 brectenqhem
604 1997 631 2018 et
645 1997 760 2018 vocatur
775 1991 957 2018 Herratsvelde
967 2014 974 2026 ‚
993 1998 1020 2019 et
1040 1993 1113 2019 illam
1126 1999 1227 2019 terram
1242 1994 1268 2019 in
1286 1999 1453 2029 perpetuum
1468 1994 1620 2020 Ninivensis
1636 1993 1750 2020 ecclesia
1768 1993 1935 2022 allodialiter

418 2040 573 2076 possidebit.
590 2040 674 2065 Porro
689 2044 790 2065 terram
804 2040 876 2065 illam
893 2045 919 2066 et
933 2046 1042 2076 pratum
1058 2041 1132 2076 qnod
1148 2042 1171 2067 ei
1185 2046 1333 2067 memorata
1346 2041 1460 2067 ecclesia
1474 2041 1565 2072 dedit,
1581 2042 1609 2067 in
1627 2041 1816 2067 concambium
1829 2043 1935 2078 recepit

417 2087 517 2121 abipsa
532 2086 644 2112 ecclesia
655 2086 838 2113 haereditarie
851 2087 1013 2121 possidenda
1023 2109 1029 2119 ,
1045 2088 1078 2113 ad
1093 2093 1258 2123 perpetuum
1273 2097 1386 2114 censum
1400 2088 1524 2123 quinque
1537 2088 1714 2114 denariorum
1727 2088 1844 2124 singulis
1857 2090 1935 2116 annis

417 2135 441 2159 in
455 2134 498 2159 die
509 2134 593 2159 sancti
603 2133 733 2169 Stephani
744 2133 777 2159 ad
792 2134 882 2160 natale
893 2135 1086 2161 solvendorum
1097 2156 1104 2167 ‚
1119 2141 1145 2162 et
1157 2135 1226 2162 hanc
1240 2141 1341 2162 terram
1356 2145 1417 2161 cuni
1431 2141 1510 2171 prato
1524 2136 1561 2161 ita
1576 2136 1696 2170 recepit,
1715 2141 1744 2161 ut
1757 2135 1861 2162 salvum
1871 2145 1936 2172 per-

419 2185 522 2206 maneat
534 2180 580 2214 jus
594 2189 672 2206 suum
684 2201 690 2209 q
707 2180 800 2206 liberis
811 2182 867 2207 suis
883 2181 917 2208 de
929 2183 1023 2217 priore
1038 2192 1123 2209 uxore
1143 2171 1192 2209 sua
1202 2203 1209 2210 ,
1226 2188 1253 2209 et.
1271 2183 1351 2209 etiam
1366 2183 1419 2209 illis
1435 2192 1504 2218 qnos
1522 2182 1607 2208 habet
1622 2182 1664 2208 vel
1678 2182 1825 2209 habiturus
1845 2189 1886 2209 est
1899 2183 1934 2210 ab

417 2237 447 2253 ea
459 2236 541 2253 uxore
550 2247 556 2259 ,
571 2236 652 2262 quam
666 2229 804 2262 posterius
817 2228 904 2258 duxit,
920 2229 993 2264 qnod
1007 2230 1032 2255 in
1045 2230 1186 2265 praedicta
1202 2235 1275 2256 terra
1287 2235 1314 2256 et
1329 2236 1407 2265 prato
1419 2230 1523 2264 dejure
1533 2235 1595 2265 post
1607 2230 1748 2256 decessum
1760 2230 1820 2264 ejus
1828 2230 1935 2257 ratione

419 2274 592 2300 successionis
603 2274 727 2300 obtinere
742 2274 893 2301 debebunt.
906 2276 941 2302 [t
954 2282 1045 2302 autem
1060 2277 1236 2303 commutatio
1254 2278 1304 2303 ista
1316 2277 1393 2303 firma
1409 2277 1436 2303 in
1453 2282 1617 2312 perpetuum
1633 2282 1791 2312 perseveret
1806 2286 1935 2313 praesens

420 2323 547 2356 scriptum
559 2330 640 2356 super
650 2321 701 2347 hoc
712 2322 850 2357 praefatae
866 2323 1004 2350 Ninivensi
1016 2324 1146 2351 ecclesiae
1164 2325 1245 2360 sigilli
1259 2325 1311 2351 mei
1322 2325 1471 2351 munimine
1485 2324 1624 2350 roboravi.
1637 2324 1735 2350 Actum
1747 2333 1819 2351 anno
1829 2325 1934 2360 gratiae

422 2368 581 2394 mcxxxv
595 2388 601 2396 ,
613 2378 703 2394 mense
722 2369 801 2395 Maio.

1365 2409 1487 2439 Original.
1503 2417 1571 2434 sceau
1582 2417 1610 2432 cn
1625 2408 1671 2432 cire
1679 2408 1762 2432 brune.

1124 2479 1190 2490 ΙΙ

2123 2023 2137 2042 ..‘
2130 1992 2137 2011 .-
2135 1972 2137 1978 .
2131 1917 2137 1956 *⁴-

2127 2082 2137 2271 ι-..Α-μιιν-
2128 2047 2137 2052 ι

2123 2964 2137 3053 amr...
2125 2899 2137 2942 ‚n—
2123 2834 2137 2886 -ῃι
2119 2555 2137 2822 “humez-an—
2123 2306 2137 2546 mdiu-un„-
2134 2289 2136 2291 ⁴

2120 3096 2137 3131 ς..«
2128 3078 2132 3082 -
