2118 3184
758 380 1045 416 APPENDlCES.
1603 383 1673 418 329

146 485 244 512 etesiae
258 487 469 521 inquietaverit.
489 492 514 513 et
535 486 657 513 laicalem
671 487 808 520 justitiam
829 488 972 522 requirere
992 496 1061 523 opus
1081 487 1244 519 habuerint,
1262 488 1295 514 ad
1318 498 1367 515 nos
1382 488 1476 514 venire
1490 488 1631 514 debebunt
1646 493 1671 513 et

146 542 196 559 nos
209 542 267 559 eam
282 533 434 560 warandire
444 539 471 560 et
482 543 647 560 conservare
659 533 762 569 ubique
775 538 911 560 tenemur.
927 534 960 561 th
974 539 1065 561 autem
1079 535 1129 561 hoc
1141 541 1230 562 ratum
1248 540 1275 562 et
1288 535 1385 562 stabile
1396 540 1571 570 perseveret.
1586 536 1672 570 scrip-

146 585 204 606 tum
220 580 271 606 hoc
283 580 379 616 sigillis
392 581 491 606 nostris
505 586 531 606 et
544 580 684 607 hominum
699 586 854 607 nostrorum
865 602 870 611 ,
887 582 1060 617 aliorumque
1075 582 1197 608 fidelium
1213 583 1335 609 virorum
1353 583 1509 609 testimonio
1522 582 1667 608 coufirma—

149 637 209 653 mus
226 633 253 654 et
268 629 477 654 auctorisamus.
492 627 520 653 S.
536 627 651 653 XValteri
665 627 699 654 de
717 627 870 664 Son-nymn,
891 629 996 655 Walter
1008 629 1041 655 de
1057 628 1210 666 Stei‘nberq,
1226 630 1340 656 walteri
1354 630 1388 656 de
1405 630 1555 666 Gn'senqem,
1571 629 1673 656 Soikini

145 674 180 701 de
194 673 315 710 Stripes.
336 674 441 700 Boidini
455 679 482 700 et
499 675 588 710 Sigeri
607 674 641 701 de
658 674 890 711 Goetrerdcnyeuri,
908 676 1022 702 Gerardi
1041 676 1075 702 de
1096 676 1284 713 ll'aesberqen,
1307 677 1447 703 hominum
1465 677 1498 703 de
1513 676 1648 713 Solenqem
1664 689 1670 702 .-

146 721 174 748 S.
191 721 320 748 Everardi
330 743 336 751 ,
351 721 455 747 Radolfi
470 726 497 747 et
508 721 609 747 Oliveri
623 721 656 748 ile
669 720 818 758 Solenqem.
835 722 930 748 Avium
945 732 1016 749 anuo
1032 722 1138 749 Domini
1153 723 1287 755 MCCXH,
1304 732 1396 750 mense
1408 724 1517 750 Martio.

303 806 307 819 Ι
1069 779 1188 811 Original.
1200 787 1285 804 sceaux
1296 788 1324 804 en
1337 781 1384 804 cii-e
1396 780 1480 805 bruna».

868 991 954 1024 cvl.

262 1078 405 1112 Arnoul
422 1078 676 1112 &Aratorem-de
691 1078 859 1124 confirma
877 1079 912 1111 Ia
930 1078 1050 1112 charte
1066 1078 1282 1125 pre‘ce'dente.
1297 1099 1343 1104 —
1356 1080 1541 1113 Roucnour.

784 1245 799 1266 A
812 1242 951 1275 Affiighem.
966 1244 1038 1268 1212».

187 1316 219 1342 ln
237 1316 347 1342 nomine
366 1315 453 1341 Patris
465 1319 493 1341 et
505 1314 565 1340 Filii
578 1319 606 1340 et.
623 1314 743 1350 Spiritus
758 1313 860 1341 Sancti.
876 1315 933 1350 Ego
947 1315 1086 1342 Arnoldus
1105 1315 1139 1342 de
1154 1315 1310 1349 Aldenardo
1324 1316 1450 1342 omnibus
1468 1317 1520 1342 hoc
1537 1319 1669 1353 scriptun»

146 1363 260 1390 lecturis
268 1363 294 1388 in
309 1366 483 1397 perpetuum.
498 1361 597 1387 Notum
608 1361 643 1387 sit
655 1361 848 1397 praesentibus
860 1366 887 1388 et
899 1361 1010 1394 suturis,
1021 1362 1096 1397 quod
1109 1362 1145 1388 ob
1158 1367 1299 1388 aeternam
1310 1363 1362 1388 mei
1374 1372 1553 1399 meorumque
1568 1374 1669 1391 memo-

149 1411 217 1436 riam
228 1419 337 1436 manum
349 1409 479 1444 apposui,
493 1413 520 1435 et
533 1417 669 1435 consensu
682 1408 796 1435 adhibui
809 1408 882 1435 dono
893 1414 921 1435 et
932 1409 1121 1444 eleemosynae
1132 1430 1139 1441 ‚
1153 1419 1235 1445 quam
1249 1410 1376 1436 dominus
1390 1410 1516 1437 Galterus
1530 1412 1563 1438 de
1575 1412 1669 1438 Solen-

146 1467 215 1494 qem,
230 1457 265 1483 de
278 1465 413 1483 consensu
424 1456 518 1482 matris
532 1464 606 1482 meae
618 1455 746 1489 Ricaldis,
755 1455 922 1482 allodialiter
935 1455 1065 1482 ecclesiae
1074 1456 1211 1483 Ninivensi
1221 1457 1349 1483 contulit.
1359 1458 1500 1493 Siquidem
1513 1459 1622 1494 quidam
1636 1461 1669 1486 de

153 1505 240 1539 Gar-t,
252 1504 342 1531 dietus
356 1504 451 1530 Brama
464 1524 471 1535 ‚
488 1509 590 1530 terram
603 1513 685 1539 quam
698 1504 726 1529 in
739 1503 870 1539 parochia
883 1504 917 1530 de
933 1503 1044 1530 Felseca
1057 1503 1201 1531 feodaliter
1214 1505 1326 1531 tenebat
1337 1526 1343 1536 ,
1356 1506 1543 1532 consentiente
1557 1507 1669 1543 Aegidio

148 1551 298 1585 Smihase,
313 1556 341 1577 et
350 1550 484 1586 quidquid
495 1550 567 1584 juris
583 1551 609 1576 in
623 1550 673 1576 hac
689 1556 764 1576 terra
778 1550 898 1577 habebat
911 1552 1060 1586 werpiente
1070 1572 1077 1583 ‚
1097 1551 1184 1578 eidem
1196 1551 1320 1578 W'altero
1335 1553 1501 1589 resignavit,
1516 1559 1543 1579 et
1558 1563 1616 1589 ipse
1630 1555 1670 1580 ni-

147 1599 295 1626 hilominus
312 1597 452 1634 praefatae
468 1597 598 1624 ecclesiae
613 1599 640 1624 in
659 1597 858 1633 eleemosynam
877 1598 964 1625 libere
973 1598 1095 1625 donavit.
1118 1598 1175 1635 Ego
1189 1599 1275 1635 igitur
1292 1605 1388 1626 contra
1400 1609 1494 1627 omnes
1507 1601 1672 1635 injuriantes

149 1646 336 1674 warandisiam
345 1646 541 1681 repromittens
549 1666 556 1674 ,
573 1650 602 1671 ut
611 1645 663 1671 hoc
675 1651 766 1672 ratum
777 1651 804 1672 et
814 1646 912 1672 stabile
924 1652 1095 1682 perseveret,
1106 1647 1238 1682 scriptum
1249 1647 1301 1673 hoe
1312 1647 1402 1683 sigillo
1414 1658 1475 1674 meo
1488 1654 1515 1674 et
1528 1648 1668 1675 hominum

147 1703 272 1720 meorum
282 1693 436 1719 testimonio
449 1692 582 1719 confirmo
591 1697 619 1718 et
631 1693 780 1719 auctoriso.
795 1693 908 1729 Signum
921 1694 1036 1720 Razonis
1049 1693 1083 1720 de
1093 1693 1199 1720 Gavera
1209 1699 1237 1720 et
1250 1694 1363 1721 Arnoldi
1376 1695 1424 1721 filii
1436 1696 1477 1722 sui
1489 1707 1495 1730 3
1510 1696 1539 1722 S.
1554 1696 1669 1723 Walteri

146 1742 181 1768 de
191 1740 330 1777 Solenqem
344 1745 372 1767 et
384 1740 486 1767 Oliveri
503 1739 596 1766 fratris
608 1740 687 1774 ejus;
703 1740 732 1767 S.
749 1740 880 1767 Everardi
893 1741 1010 1778 liudolff
1024 1741 1053 1768 S.
1068 1741 1206 1768 Eustachii
1216 1762 1223 1768 ,
1239 1741 1332 1768 clerici
1346 1742 1380 1768 de
1395 1742 1469 1768 Aria.
1486 1743 1583 1769 Actum
1597 1753 1669 1769 anno

151 1788 260 1815 Domini
273 1787 392 1815 MCCXII
403 1809 410 1820 7
425 1788 452 1814 in
465 1788 586 1814 crastino
598 1787 751 1814 Palmarum
764 1809 771 1821 ⁷
787 1788 860 1824 apud
875 1787 1031 1825 Haffliqem.

1035 1845 1144 1877 Original
1153 1864 1160 1876 ‚
1172 1853 1241 1870 sceau
1255 1854 1284 1870 en
1296 1847 1344 1871 cire
1355 1854 1430 1879 rouge
1442 1848 1611 1879 endommage.

859 2081 964 2116 CVII.

153 2155 356 2201 Erasmede
374 2167 491 2202 Gavre
504 2167 672 2213 ccmfirme
683 2169 719 2202 la
731 2168 900 2202 donation
911 2168 1018 2202 d’une
1033 2175 1125 2202 terre
1138 2169 1294 2202 nomme'e
1314 2169 1553 2203 Brez'denhroc
1559 2196 1569 2212 ,
1583 2169 1671 2214 faite

477 2225 500 2259 ἀ
518 2226 676 2273 l’ablmsgse
690 2239 764 2274 past·
781 2238 843 2261 son
859 2226 915 2272 fils
933 2226 1085 2261 Arnoul.
1100 2247 1148 2253 —
1160 2227 1324 2261 Bocnour.

872 2383 944 2408 1212.

190 2445 334 2481 Imprimee
344 2444 412 2471 dans
423 2445 509 2471 Μίνωϊ
520 2444 619 2471 Donat.
633 2444 722 2481 Bely.‚
737 2445 785 2471 lib.
801 2445 842 2478 ΙΙ,
857 2445 937 2481 chap.
953 2445 1031 2472 XCV.
