2137 3131
447 365 518 400 5624
792 366 966 401 CORI'US
992 365 1323 400 CHRONICORUM
1351 366 1618 401 FLANDRIAE.

450 474 592 519 epistola
611 486 779 519 namque.
797 486 902 519 quam
918 472 962 507 ad
976 472 1231 520 Ageruchiam¹
1248 474 1370 508 scribit
1382 501 1390 517 7
1408 475 1500 508 inter
1514 475 1579 509 alia
1594 476 1658 509 ista
1674 476 1827 510 subtexit
1844 490 1851 510 ε
1871 492 1888 508 α
1906 479 1965 512 ln-

451 532 682 565 numerabiles
705 538 737 564 ct
762 531 996 564 ferocissimae
1019 531 1178 565 nationes
1196 532 1374 566 universas
1392 532 1518 566 Gallias
1540 540 1782 568 vastaverunt.
1801 551 1818 567 »
1837 542 1872 569 et
1885 548 1964 570 cae-

452 597 520 623 tera
546 602 636 635 quae
660 589 694 622 in
718 589 839 623 eadem
865 590 1106 623 continentur.
1136 590 1235 630 Quae
1261 591 1430 624 nimirum
1452 593 1570 626 omnia
1591 593 1663 638 jam
1689 600 1774 627 tune
1798 595 1965 640 temporis

450 647 621 692 completa
636 648 755 689 fuisse7
773 648 799 681 si
816 660 937 681 verum
954 655 1023 691 cst„
1044 661 1113 681 non
1130 649 1307 683 immerito
1321 649 1511 694 credimus.
1530 651 1628 697 quod
1644 652 1718 697 ipso
1734 651 1858 685 eodem
1875 659 1966 686 tem-

451 706 590 751 pestatis
605 706 764 749 turbine.
783 719 854 753 quo
867 707 1057 741 Remorum
1073 708 1192 741 civitas
1206 720 1225 741 a
1245 708 1423 741 Wandalis
1437 721 1554 742 eversa
1568 716 1620 743 est
1631 737 1639 752 a
1659 710 1888 744 'tornacensis
1903 723 1967 757 pa—

451 764 696 797 1·iterinx·oluta
711 771 775 807 est.
793 765 954 811 quamvis
970 766 1127 813 legamus
1143 772 1355 799 memoratos
1370 766 1488 800 hostes
1502 766 1636 812 dejecta
1647 768 1681 800 in
1693 768 1794 809 urbe7
1812 768 1968 814 itemque

449 823 632 856 beatorum
654 830 849 869 martyrum
866 823 1019 857 Nichasii
1033 824 1284 870 sociorumque
1305 824 1382 869 ejus
1401 831 1694 871 caeterorumque
1713 826 1841 859 civium
1862 825 1968 860 caede

449 881 642 927 completa.
662 881 829 915 divinitus
845 882 1046 924 exterritos.
1069 895 1139 928 qua
1158 889 1326 916 venerant
1340 882 1467 929 pedem
1487 884 1657 917 retulisse.
1682 884 1801 918 Potuit
1814 897 1968 931 namque

452 940 542 982 fieri„
569 947 605 973 ut
626 940 741 986 aliqua
761 953 884 973 eorum
906 947 1004 986 parte
1027 940 1145 974 adhuc
1165 940 1306 974 detenta
1326 941 1361 974 in
1380 941 1564 975 obsidione
1584 943 1700 981 urbis„
1727 954 1806 988 pars
1826 943 1967 976 interim

451 1005 584 1032 caetera
602 998 766 1032 finitimas
782 999 938 1032 civitates
952 1012 1114 1046 aggressa
1129 999 1173 1032 sit
1187 1011 1409 1047 expugnare⁷
1424 1000 1477 1033 vel
1496 1007 1590 1034 certe
1601 1007 1734 1034 terrore
1752 1001 1810 1035 illo
1827 1001 1966 1044 divino,

450 1056 568 1103 quoad
591 1064 731 1103 tempus
753 1058 884 1091 turbati
909 1065 992 1091 sunt
1018 1071 1088 1091 non
1112 1059 1310 1102 immutati7
1334 1059 1409 1104 jam
1435 1059 1571 1104 sopito,
1599 1059 1829 1093 nibilominus
1850 1059 1969 1093 obdu-

452 1122 524 1148 rata
549 1122 684 1158 mente,
707 1116 834 1149 nostris
861 1129 1005 1162 quoque
1027 1118 1061 1150 in
1082 1117 1242 1162 partibus
1261 1116 1384 1151 eadem
1408 1130 1499 1163 quae
1518 1117 1634 1151 Remis
1658 1125 1970 1164 perseveraverunt

452 1181 665 1220 perpetrare.
693 1174 799 1215 Quod
818 1175 879 1221 qui
900 1175 1151 1221 imputandum
1176 1182 1407 1221 putaverunt„
1429 1175 1619 1210 ostendant
1640 1177 1691 1210 vel
1711 1177 1776 1222 ipsi
1792 1176 1968 1210 excidium

452 1233 538 1266 illud
567 1233 715 1267 Tornaei
735 1246 807 1279 quo
833 1235 1055 1279 potissimum
1075 1241 1233 1280 tempore
1252 1241 1359 1281 atque
1376 1247 1394 1268 a
1417 1235 1548 1281 quibus
1561 1236 1727 1283 gentibus
1743 1235 1969 1269 administra-

454 1299 528 1325 tum
548 1292 603 1325 sit.
627 1292 748 1338 Neque
770 1294 863 1325 enim
884 1293 941 1325 illo
962 1293 997 1326 in
1022 1293 1098 1326 loco
1121 1293 1349 1326 Jheronimus
1369 1293 1433 1326 alia
1453 1300 1728 1327 commemorat.
1754 1306 1861 1340 quam
1878 1305 1969 1339 quae

453 1363 516 1384 suo
540 1357 696 1396 [empore
720 1351 773 1384 vel
796 1352 885 1384 forte
910 1352 1015 1397 paulo
1033 1359 1114 1385 ante
1139 1359 1236 1399 gesta
1256 1352 1404 1399 legerat.
1430 1353 1503 1398 ipse
1526 1353 1596 1385 sive
1615 1352 1786 1386 audierat.
1809 1351 1916 1393 Quod
1941 1353 1974 1397 si¹

453 1422 574 1442 verum
595 1415 663 1451 est.
685 1409 1085 1455 constatproculdubio
1106 1410 1363 1443 Tornacensem
1384 1410 1561 1443 civitatem
1581 1411 1671 1444 infra
1690 1409 1970 1458 quadringentos

453 1469 563 1501 ferme
579 1480 688 1501 annos
703 1469 755 1502 bis
770 1481 920 1502 numero
935 1481 1024 1514 pene
1038 1482 1150 1515 nsque
1163 1468 1207 1502 ad
1221 1470 1497 1503 internecionem
1514 1469 1735 1517 profligatam
1752 1482 1836 1503 esse.
1851 1470 1970 1503 Primo

453 1528 612 1561 omnium
628 1528 693 1560 sub
712 1527 804 1560 Julio
821 1527 963 1561 Caesare
974 1555 982 1570 a
1006 1527 1150 1574 quando
1170 1534 1204 1561 et
1225 1528 1406 1573 potissima
1421 1527 1570 1561 florebat
1581 1555 1589 1570 a
1607 1534 1641 1561 et
1656 1528 1791 1561 civibus
1807 1528 1879 1561 fere
1897 1527 1969 1561 suis

454 1586 619 1619 omnibus
631 1612 638 1618 .
661 1598 752 1631 quos
770 1586 975 1619 innumeros
994 1593 1029 1619 et
1044 1593 1206 1619 strenuos
1221 1586 1373 1619 habebat
1387 1613 1395 1629 7
1416 1586 1538 1619 orbata
1554 1592 1617 1619 est.

503 1646 604 1677 Anno
622 1651 800 1690 praeterea
819 1645 1023 1678 Dominicae
1045 1645 1296 1678 incarnationis
1320 1644 1596 1687 DCCCLXXXI,
1620 1656 1700 1678 cum
1720 1644 1791 1678 suis
1811 1644 1968 1678 finitimis

453 1703 664 1745 civitatibus.
683 1703 837 1749 oppidis.
855 1704 1002 1737 castellis
1017 1710 1051 1737 et
1065 1704 1165 1746 villis„
1183 1716 1201 1737 a
1213 1703 1427 1737 Normannis
1436 1703 1530 1737 ferro
1545 1710 1579 1736 et
1593 1702 1734 1736 flamma
1747 1702 1853 1737 modo
1864 1702 1970 1736 mise-

453 1762 551 1795 rabili
573 1761 796 1807 pessumdata
813 1769 862 1795 est
877 1789 885 1805 7
907 1774 947 1795 ex
965 1762 1096 1808 quibus
1117 1762 1284 1795 omnibus
1301 1762 1465 1809 colligere
1480 1774 1668 1807 possumus
1681 1788 1689 1804 7
1711 1774 1817 1808 quam
1837 1761 1970 1795 nobiles

453 1827 487 1854 et
510 1827 671 1854 strenuos
690 1827 724 1854 et
749 1821 847 1866 prius
872 1827 1081 1863 structores„
1109 1828 1143 1854 et
1166 1820 1396 1867 postmodum
1415 1821 1666 1854 instauratores
1685 1826 1721 1854 et
1745 1832 1885 1866 semper
1906 1819 1970 1853 ad—

453 1879 706 1912 ministratores
724 1879 940 1912 habuerunt.
965 1879 1116 1913 Narrant
1136 1879 1245 1926 igitur
1264 1879 1430 1912 historiae
1450 1879 1644 1925 praefatam
1661 1879 1787 1912 urbem
1807 1891 1826 1912 a
1847 1878 1968 1911 Turno

453 1950 534 1985 rege
544 1937 821 1980 denominatam7
834 1937 917 1971 olim
934 1938 1087 1986 regalem
1101 1938 1271 1972 exstitisse
1281 1944 1315 1972 et
1325 1945 1394 1971 tam
1407 1938 1700 1983 potentissimam7
1718 1944 1758 1971 ut
1766 1937 1871 1971 etiam
1885 1948 1970 1983 por-

453 2003 504 2029 tas
523 1996 598 2041 ejus
612 1995 657 2030 ad
675 1996 901 2030 Arduennam
918 1996 1051 2042 sylvam
1071 2009 1183 2043 usque
1200 1996 1432 2044 protingeret.
1451 1996 1524 2030 Hoc
1543 1996 1609 2030 alio
1629 1996 1771 2029 nomine
1788 2008 1807 2029 a
1827 1994 1947 2029 Servio
1959 2023 1968 2039 ‚

454 2055 695 2089 Romanorum
715 2068 818 2103 rege.
843 2055 967 2089 Nervia
987 2062 1192 2101 nuncupata
1210 2062 1281 2099 est7
1307 2055 1421 2101 prima
1444 2054 1589 2101 quidem
1610 2055 1723 2088 littera
1743 2061 1895 2098 mutata.
1916 2055 1971 2087 vi—

453 2113 578 2147 delicet
594 2112 616 2146 S
634 2113 670 2146 in
690 2113 719 2147 N
731 2140 739 2156 τ
761 2125 805 2146 ne
828 2113 918 2147 forte
937 2113 1113 2147 servitutis
1132 2113 1247 2161 elogio
1267 2119 1449 2147 notaretur
1470 2105 1674 2159 aliquando.
1695 2112 1803 2158 Cujus
1821 2112 1970 2147 civitatis

453 2172 504 2205 vel
530 2173 637 2205 totius
662 2172 759 2219 regni
784 2172 999 2206 habitatores
1018 2172 1135 2206 Nervii
1157 2172 1396 2215 vocabantur7
1418 2172 1479 2218 qui
1499 2178 1571 2204 tam
1597 2171 1742 2205 rebelles
1763 2177 1798 2203 et
1820 2169 1970 2204 audaces

454 2238 553 2264 erant
566 2257 573 2263 .
591 2238 631 2264 ut
645 2231 760 2277 ipsum
779 2243 924 2278 quoque
943 2230 1124 2265 Caesarem
1147 2231 1282 2265 cunctis
1301 2230 1562 2264 formidabilem
1582 2242 1807 2276 nequaquam
1823 2235 1971 2263 cuncta-

455 2296 577 2322 rentur
590 2290 682 2323 bello
697 2296 874 2335 appetere.
893 2289 1062 2324 Conserto
1077 2290 1196 2337 itaque
1210 2290 1342 2337 praelio
1357 2290 1448 2323 inter
1462 2289 1617 2330 Quirites
1631 2296 1665 2322 et
1681 2288 1844 2332 Nervios.
1861 2288 1971 2322 innu-

456 2347 541 2380 meri
561 2360 600 2380 ex
620 2354 771 2393 utraque
789 2355 888 2394 parte
907 2348 1143 2382 trucidantur.
1168 2349 1330 2383 Attamen
1349 2348 1474 2382 Caesar
1496 2347 1637 2382 tandem
1659 2348 1791 2393 potitus
1809 2347 1967 2389 victoria,

496 2442 501 2458 ¹
525 2442 612 2477 Epist.
627 2452 664 2468 xci
677 2443 710 2468 ad
724 2443 880 2469 Gerontiam
895 2453 942 2469 seu
955 2444 1136 2480 Ageruchiam
1148 2445 1188 2471 vi·
1238 2451 1264 2472 et
1279 2446 1312 2472 D.
1326 2445 1467 2480 Bouquet,
1485 2450 1550 2471 tom.
1569 2444 1592 2476 I,
1611 2453 1673 2480 pag.
1691 2443 1755 2469 744.

453 2487 544 2513 duam.
563 2488 631 2513 Vide
646 2488 763 2521 Oudini,
780 2491 892 2521 C'omm.7
910 2493 976 2516 tom.
993 2489 1018 2523 Ι,
1036 2499 1098 2526 pag.
1116 2489 1184 2523 802,
