2118 3184
625 367 766 403 BREVE
794 367 1055 402 CHRONICON
1089 367 1364 403 ELNONENSE.
1706 373 1746 405 19

279 475 417 510 MCt‘tt.
445 475 544 522 Apud
568 476 694 510 'si-ecus
713 483 788 522 post
813 476 944 510 Pascha
968 475 1145 521 synodum
1165 476 1287 510 habuit
1306 476 1481 511 I‘aschalis
1501 490 1607 524 papa.
1630 479 1664 512 in
1680 493 1748 525 qua

228 548 359 569 novum
388 535 626 582 privilegium.
663 535 830 581 petitione
857 533 978 568 domni
1007 535 1143 568 abbatis
1171 534 1328 581 Hugonis
1342 562 1349 568 .
1385 548 1403 568 a
1434 549 1470 569 se
1501 538 1749 571 confirmatum

227 594 391 627 ecelesiae
419 599 556 627 nostrae
582 592 781 627 destinavit.
810 593 986 639 Sequente
1011 593 1237 626 Pentecoste.
1264 593 1299 626 in
1322 593 1568 639 deportatione
1594 598 1751 642 eorporis

227 653 335 686 saneti
356 651 502 686 ,tmandi
526 651 571 685 ad
596 651 876 699 {teclengm-a1n1
899 652 1007 685 inulta
1032 652 1198 686 miracula
1221 652 1297 697 ejus
1320 653 1453 687 meritis
1475 653 1643 688 divinitus
1669 662 1748 689 sunt

227 718 377 744 ostensa.
397 710 500 744 Sexto
516 710 595 744 idus
611 710 840 757 Septembris,
858 710 915 744 (lie
929 710 1122 745 dominico.
1140 711 1224 744 obiit
1245 711 1399 745 domnus
1418 712 1526 746 abbas
1541 713 1655 761 Ilugo,
1673 715 1748 761 qui.

228 771 318 803 inter
336 770 400 803 alia
425 770 535 803 inulta
558 770 711 803 inultum
732 770 829 804 utilia
848 782 940 816 quae
960 770 1061 809 fecit.
1085 776 1208 816 utpote
1224 770 1275 803 vir
1289 771 1421 819 sagacis
1443 770 1656 805 industriae.
1674 778 1750 818 post

226 827 431 862 incendium
461 834 574 861 totuin
597 828 848 862 monasterium
870 834 1031 862 nostrum
1056 840 1140 862 cum
1168 829 1299 874 templo
1321 829 1431 863 sancti
1455 830 1622 876 Stephani
1646 843 1752 864 reno-

227 888 330 920 vavit.
354 886 435 927 Quo
449 887 604 933 sepulto.
623 900 704 921 mox
719 886 943 921 concorditer
961 887 1092 921 electus
1106 894 1157 921 est
1176 887 1330 921 doninus
1347 888 1440 922 Bovo
1460 889 1495 922 in
1509 889 1687 922 abbatem.

277 944 416 979 MCVII.
441 945 643 991 Philippus.
661 958 719 979 rex
740 946 967 988 francorum.
990 946 1090 979 obiit.
1111 945 1326 979 Ludovicus.
1351 947 1443 980 lilius
1463 947 1554 992 ejus.
1578 946 1748 981 succedit.

228 1002 337 1036 Natus
356 1009 407 1036 est
425 1016 444 1035 e
471 1003 568 1048 pullo
591 1003 739 1051 gallinae
757 1002 975 1050 quadrupes.
1000 1003 1037 1037 ln
1059 1003 1224 1050 parochia
1248 1004 1424 1051 Legiensi.
1450 1017 1557 1050 porca
1578 1006 1678 1039 enixa
1701 1011 1752 1039 est

227 1061 423 1106 porcellum
438 1061 629 1095 habentem
649 1062 774 1095 faciem
791 1061 957 1095 hominis.

277 1118 404 1153 MClx.
427 1119 523 1153 Obiit
543 1120 595 1153 vir
615 1120 820 1153 venerabilis
843 1120 1047 1161 Anselmus.
1070 1119 1329 1152 Cantuariensis
1348 1119 1645 1167 archiepiscopus.

276 1177 402 1212 MCXI.
425 1176 523 1211 Obiit
543 1178 717 1211 Robcrtus
736 1189 866 1211 comes.
895 1177 1062 1210 Atrebato
1089 1177 1269 1221 sepelitur.
1301 1175 1515 1210 Balduinus.
1542 1179 1617 1223 ejus
1644 1179 1747 1223 filius.

226 1235 395 1270 succedit.
420 1236 569 1270 Ecclesia
588 1235 624 1269 S.
647 1235 826 1269 Michaelis
840 1234 885 1268 de
907 1234 1069 1268 Periculo
1089 1234 1194 1268 Maris
1213 1235 1356 1282 fulgure
1375 1243 1633 1270 concrematur.

277 1291 444 1342 [MCXH.
466 1293 585 1327 Mense
605 1293 696 1327 Maio
709 1320 718 1327 .
743 1293 897 1341 siligines
916 1300 951 1327 et
971 1293 1115 1327 arbores
1133 1305 1232 1328 sacro
1249 1293 1332 1341 igne
1355 1293 1519 1337 adustae.
1542 1296 1680 1329 fructus
1699 1298 1751 1330 sui

225 1364 324 1399 spem
344 1359 429 1386 sunt
447 1349 646 1400 mentitae]

275 1410 433 1445 mcxlv.
451 1410 550 1445 Obiit
568 1411 796 1453 Lambertus.
814 1411 1002 1457 episcopus
1017 1411 1282 1445 Attrebatensis.
1301 1410 1476 1445 Successit
1494 1411 1687 1449 Robertus.
1712 1424 1751 1445 ex

227 1469 353 1504 eadem
372 1470 461 1504 urbe
480 1476 597 1504 natus.

276 1525 458 1578 [MCXIX.
484 1527 583 1562 Obiit
604 1527 799 1562 Balduinus
821 1539 939 1562 comes
957 1528 1031 1562 sine
1054 1527 1152 1569 filiis3
1181 1527 1278 1574 apud
1301 1526 1336 1561 S.
1360 1527 1544 1561 Bertinum
1570 1528 1750 1574 sepelitur.

227 1587 402 1622 Successit
419 1588 449 1621 ei
469 1599 578 1634 nepos
597 1587 673 1633 ejus
692 1587 857 1629 Karolus.
878 1586 972 1620 filius
991 1586 1117 1620 Canuti
1129 1613 1138 1629 a
1162 1586 1255 1634 regis
1270 1587 1470 1630 Danorum7
1491 1598 1533 1620 ex
1552 1585 1659 1620 Adela
1672 1613 1680 1626 .
1702 1598 1754 1620 so-

229 1658 308 1680 rore
328 1646 490 1680 Roberti.
512 1646 574 1692 qui
596 1645 754 1680 Atrebati
772 1645 932 1691 sepultus
951 1642 1034 1694 est.]

277 1702 431 1753 [Eodem
455 1716 569 1747 anno.
593 1703 786 1738 tredecimo
805 1703 939 1745 kal....7
960 1703 1116 1737 Kalixtus
1140 1715 1231 1749 papa
1257 1703 1376 1737 Remis
1395 1703 1585 1737 concilium
1610 1703 1750 1737 habuit.

226 1763 263 1796 in
281 1775 355 1809 quo
367 1760 494 1812 ΞΜ...]

276 1821 435 1855 MCXXI.
459 1821 594 1861 Quinto
613 1819 693 1854 idus
709 1820 932 1864 Decembris‚
955 1820 1044 1854 obiit
1057 1820 1152 1854 Bovo
1165 1820 1286 1854 abbas.
1309 1818 1476 1854 Succedit
1495 1819 1666 1854 Galterus.
1690 1819 1754 1853 Se-

227 1881 351 1927 quenti
375 1891 490 1922 anno.v
519 1879 627 1913 abbas
649 1878 810 1913 Galterus
828 1878 934 1925 jussit
956 1878 1033 1912 fieri
1054 1877 1247 1912 rotundam
1273 1889 1416 1912 crucem
1439 1890 1602 1921 auream,
1629 1878 1665 1911 in
1683 1890 1754 1924 qua

228 1950 311 1972 cum
325 1937 399 1971 aliis
414 1937 623 1985 pignoribus
643 1937 847 1971 continetur
866 1936 953 1970 dens
972 1936 1211 1984 gloriosissimi
1227 1934 1397 1981 Stephani
1415 1936 1702 1982 protomartyris„
1719 1942 1754 1969 et

228 1995 468 2044 praebendam
487 1996 609 2030 beatae
631 1995 761 2030 Mariae
779 1995 925 2044 singulis
943 1994 1070 2029 diebus
1088 1995 1133 2029 ad
1152 1994 1382 2041 principalem
1401 2006 1559 2028 mensam
1577 1994 1614 2028 in
1632 2006 1754 2040 perpe-

228 2062 332 2090 tuum
352 2061 545 2102 poneretur
558 2082 566 2097 .
588 2055 752 2088 instituit.
770 2055 810 2088 ln
829 2054 909 2089 villa
927 2053 1082 2089 Honela5
1100 2061 1204 2088 natus
1224 2060 1276 2088 est
1295 2066 1384 2100 puer
1402 2054 1438 2087 in
1457 2052 1605 2087 modum
1629 2053 1750 2098 piscis,

229 2126 294 2149 nec
308 2114 454 2149 brachia
472 2114 607 2148 habens
623 2125 688 2147 nec
706 2125 821 2147 coxas.

278 2172 454 2207 MCXXll.
479 2173 609 2219 Hyems
629 2172 722 2207 facta
743 2179 795 2206 est
813 2172 1017 2218 asperrima.

269 2264 277 2281 ¹
299 2264 390 2300 Quum
413 2268 504 2290 essent
529 2273 598 2299 pene
622 2263 726 2290 deleta.
753 2263 872 2298 scriptor
894 2262 964 2289 xvii
1015 2261 1137 2288 Fer-raris
1157 2267 1184 2288 et
1203 2261 1325 2293 Gerard,
1349 2261 1545 2287 lleerliuclmve.
1565 2260 1666 2287 Locum
1687 2261 1753 2287 citat

229 2311 331 2337 saeculi
351 2315 466 2336 conatus
480 2314 520 2336 est
536 2309 602 2336 haec
616 2310 779 2343 restituere,
799 2309 964 2344 scripsitque
1015 2308 1135 2334 Miraeus
1151 2307 1278 2343 (DIplom.
1295 2306 1384 2343 Bely„
1402 2307 1425 2333 ll
1436 2328 1443 2340 ,
1460 2308 1543 2339 1151)
1557 2307 1629 2333 inter
1643 2316 1752 2342 posses-

230 2355 435 2392 lleclenqotam,
450 2355 498 2382 ubi
511 2360 586 2382 certe
601 2356 678 2390 prins
689 2354 879 2390 Herlenqovam
890 2354 965 2390 lege·
1015 2354 1107 2380 siones
1119 2353 1245 2379 abbatiae
1260 2352 1431 2379 Etnonensis.

229 2402 322 2428 batur.
339 2401 469 2438 Designat
481 2406 578 2428 auctor
591 2401 642 2427 boc
654 2402 762 2427 nomine
774 2400 893 2426 viculum
903 2409 965 2426 con·
1054 2399 1066 2416 ‘-'
1086 2399 1250 2434 Sequuntur
1271 2408 1324 2424 non
1344 2398 1419 2424 nulla
1435 2407 1506 2434 quae
1518 2398 1573 2434 legi
1590 2402 1730 2433 nequeunt
1743 2408 1748 2430 ς

229 2448 336 2484 tignum
359 2447 522 2479 Ninhovizoe,
548 2448 723 2474 Occidentem
748 2456 858 2479 versus,
883 2456 964 2482 quem
1016 2446 1160 2473 concilium
1172 2445 1297 2472 habitum
1311 2445 1362 2471 suit
1374 2445 1451 2471 Xlll’
1463 2445 1516 2470 kal.
1533 2445 1600 2471 Nor.

229 2503 357 2521 vocamus
372 2494 558 2528 Herlinchove.
574 2504 637 2527 seu,
655 2499 684 2520 ut
695 2494 798 2520 habeut
815 2493 965 2529 geographi
1053 2493 1066 2511 3
1088 2492 1208 2525 lloncla,
1226 2492 1259 2518 Ι).
1274 2491 1406 2518 Martene.
