2137 3131
446 409 515 445 788
1054 396 1341 435 APPENDICES.

448 516 611 543 Mauricius.
632 513 703 539 filins
719 511 791 545 ejus,
806 515 888 536 testes
902 513 929 534 et
946 507 1069 537 obsides,
1092 506 1226 532 uem-icus
1244 504 1349 534 Burin,
1374 503 1545 534 Erebaldus‚
1569 502 1708 529 Gen-ardus
1720 524 1726 535 ,
1748 504 1850 529 scabini
1870 504 1960 531 Nivei-

449 564 548 592 lcnses,
563 560 721 587 Withelmus
731 558 764 584 de
776 557 844 583 Baisi
853 561 880 582 et
892 555 1058 585 Everardus,
1074 552 1166 579 famuli
1176 553 1253 578 ducis
1262 573 1268 583 ,
1284 551 1357 578 Bovo
1369 551 1455 577 miles.
1468 551 1564 577 Actum
1577 559 1647 576 anno
1657 549 1764 576 Domini
1776 550 1956 583 MClAtXXV,

447 610 516 636 iufra
532 608 626 634 turrim
642 604 785 637 Niviellae⁷
802 603 930 629 kalendas
944 601 1124 637 Septembris.

1456 663 1564 695 Original
1574 682 1579 687 .
1594 671 1662 688 secan
1675 663 1758 694 pcrdu.

1166 761 1240 771 l

1171 959 1241 993 LlI.

454 1060 558 1094 Oston
577 1058 617 1091 (le
646 1056 849 1103 Trasegsm'es
866 1054 1001 1089 cle‘olczre
1020 1067 1086 1100 que
1104 1054 1252 1102 linques
1270 1054 1310 1088 (le
1324 1054 1425 1088 Felln,
1439 1067 1461 1087 α
1475 1053 1624 1087 conteste'
1641 1055 1869 1099 ‘z'ty'ustement
1884 1065 1960 1086 aua·

547 1118 675 1149 moines
689 1114 728 1148 de
743 1113 879 1147 Ninove
895 1113 941 1147 les
955 1113 1065 1147 droits
1082 1113 1184 1159 qu’ils
1191 1112 1414 1160 posse'daz'ent
1427 1110 1450 1145 ἀ
1469 1111 1585 1157 Senes.
1600 1133 1645 1137 ——
1655 1112 1860 1146 Remmsmvr.

1092 1312 1110 1334 A
1123 1310 1223 1334 Niveues
1233 1329 1239 1340 ‚
1256 1310 1327 1334 1185.

489 1384 517 1410 ln
532 1384 638 1409 nomine
649 1382 736 1408 Patris
751 1387 778 1409 et
791 1382 850 1409 Filii
866 1387 893 1409 et
910 1382 1029 1418 Spiritus
1043 1381 1145 1408 Sancti.
1161 1380 1228 1407 Osto
1242 1381 1276 1407 de
1289 1381 1416 1407 Trasenis
1427 1401 1433 1411 ,
1450 1380 1577 1406 omnibus
1591 1379 1690 1406 Christi
1708 1380 1846 1406 fidelibus.
1863 1380 1961 1406 Notum

451 1441 508 1458 esse
522 1431 582 1456 volo
597 1435 648 1455 tam
664 1428 764 1455 suturis
775 1439 857 1465 quam
871 1429 1063 1465 praesentibus
1077 1427 1154 1464 quod
1174 1427 1272 1454 fratres
1285 1428 1319 1454 de
1335 1427 1488 1453 Reinirsarc
1501 1427 1586 1453 multo
1599 1433 1721 1462 tempore
1736 1432 1762 1453 et
1777 1427 1885 1453 assidua
1898 1436 1965 1453 con-

452 1478 595 1504 suetudine
615 1478 640 1502 in
657 1477 737 1502 terris
752 1482 779 1502 et
793 1477 819 1502 in
838 1477 922 1512 sylvis
935 1476 969 1502 de
983 1475 1090 1502 Senefia
1108 1476 1134 1501 in
1157 1476 1264 1511 pascuis
1275 1496 1281 1504 ,
1302 1476 1397 1510 aqniS,
1412 1475 1548 1500 communi
1567 1484 1619 1501 usu
1640 1475 1775 1511 lignorum
1791 1484 1862 1510 quae
1881 1474 1964 1511 vulgo

454 1530 559 1551 mortua
577 1524 649 1559 ligna
664 1529 814 1555 vocantur,
830 1524 863 1550 ad
876 1524 965 1559 ignem
980 1529 1007 1549 et
1019 1523 1052 1548 ad
1068 1523 1223 1548 clausuram
1237 1528 1264 1549 et
1278 1528 1402 1549 caeteros
1418 1522 1586 1547 necessarios
1600 1531 1666 1548 usus
1676 1543 1683 1554 ‚
1699 1527 1726 1548 et
1740 1531 1898 1548 communes
1910 1526 1968 1547 tan-

454 1581 533 1607 quam
549 1581 596 1597 sua
608 1571 719 1606 propria
733 1571 902 1606 possessione
913 1571 955 1596 usi
964 1575 1039 1596 sunt.
1054 1570 1169 1605 Hugone
1181 1579 1245 1595 vero
1259 1569 1293 1595 de,
1307 1569 1383 1595 Fellu
1396 1568 1563 1596 reclamante
1575 1574 1603 1594 et
1616 1578 1667 1604 pro
1682 1569 1808 1604 portione
1821 1578 1870 1595 sua
1884 1578 1966 1604 quam

453 1619 535 1645 habet
547 1619 573 1644 in
588 1624 660 1644 terra
674 1623 700 1644 et
714 1618 790 1653 sylva
805 1618 839 1644 de
852 1617 959 1644 Senessa
970 1638 977 1650 ‚
994 1617 1098 1643 nullum
1114 1617 1237 1651 inibijus
1251 1616 1293 1643 vel
1309 1617 1506 1652 possessionem
1522 1616 1640 1642 fratrum
1655 1615 1712 1642 sore
1725 1616 1828 1642 dehere
1840 1616 1963 1649 dicente,

452 1666 510 1691 dies
521 1675 536 1691 a
550 1675 590 1691 me
604 1675 653 1700 pro
668 1665 782 1692 veritate
794 1664 956 1700 inquirenda
970 1669 1073 1690 statuta
1089 1670 1144 1696 est,
1161 1669 1188 1690 et
1201 1664 1358 1690 homiuibus
1371 1665 1436 1690 meis
1449 1664 1594 1690 admonitis
1608 1668 1635 1689 et
1648 1663 1781 1697 adjuratis
1793 1663 1845 1689 sub
1858 1672 1888 1689 ea
1900 1663 1969 1690 fide-

453 1713 529 1738 litate
542 1733 548 1739 .
564 1722 644 1748 qnam
663 1712 727 1738 mihi
743 1712 804 1748 lege
823 1717 850 1738 et
865 1713 930 1746 jure
944 1711 1056 1737 hominii
1073 1711 1207 1737 deberent
1219 1732 1225 1743 7
1242 1716 1273 1736 ut
1285 1711 1361 1745 juste
1376 1720 1460 1746 super
1474 1711 1516 1737 bis
1526 1710 1699 1745 judicarent,
1714 1711 1850 1745 possessio
1864 1711 1970 1737 usuarii

455 1759 569 1794 praefati
583 1759 713 1785 fratribus
730 1759 868 1795 recognita
882 1764 908 1784 et
924 1758 1078 1792 adjudicata
1092 1764 1143 1785 est.
1159 1758 1274 1794 lingone
1289 1759 1388 1784 iterum
1402 1759 1428 1784 in
1443 1759 1640 1794 possessionem
1656 1757 1787 1784 fratribus
1801 1759 1969 1794 recognitam

454 1806 587 1832 calumnia
604 1806 731 1837 iaciente„
745 1811 873 1841 tanquam
884 1805 1006 1841 legitimo
1018 1805 1157 1831 caruerint
1167 1805 1248 1831 titulo
1259 1806 1368 1839 ctjnsto
1378 1806 1512 1841 principio
1521 1810 1548 1831 et
1556 1805 1721 1839 competenti
1732 1805 1855 1841 ingressu
1865 1826 1872 1837 ‚
1882 1805 1971 1847 homi-

453 1862 501 1878 nes
514 1853 605 1878 itidem
622 1853 671 1878 mei
685 1852 737 1878 sub
751 1852 844 1878 eadem
862 1862 916 1887 qua
931 1861 1015 1887 supra
1035 1852 1166 1878 fidelitate
1183 1853 1314 1878 admoniti
1331 1852 1467 1878 testificati
1484 1857 1548 1878 sunt
1561 1861 1590 1877 se
1604 1852 1677 1877 dono
1689 1851 1754 1878 huic
1767 1852 1925 1878 interfuisse
1943 1857 1971 1878 et

456 1901 483 1925 in
495 1900 678 1925 testimoninm
691 1905 814 1932 vocatos,
828 1900 875 1926 nbi
884 1900 1021 1925 Arnoldus
1033 1900 1066 1925 tle
1077 1899 1153 1925 Felln
1163 1921 1170 1932 7
1182 1906 1260 1934 pater
1272 1900 1423 1934 supradicti
1435 1899 1573 1935 lingonis,
1586 1899 1839 1935 supranominatum
1852 1900 1970 1926 usumin

456 1948 564 1983 pascuis
574 1968 580 1978 ,
597 1947 674 1982 lignis
689 1953 714 1973 et
727 1948 819 1982 aquis,
838 1952 864 1973 et
879 1948 959 1973 etiam
977 1947 1010 1973 ad
1026 1947 1225 1973 aedificandum
1240 1947 1274 1973 de
1288 1947 1368 1983 lignis
1382 1947 1415 1972 ad
1434 1947 1557 1973 aedificia
1570 1947 1730 1973 necessariis
1743 1947 1906 1973 beneficium
1920 1955 1970 1982 per

456 1995 568 2029 gratiam
584 1994 710 2020 ecclesiae
726 1994 861 2020 Ninivensi
871 2015 878 2025 ,
901 1994 935 2020 ad
949 2004 1018 2029 opus
1037 1994 1153 2020 fratrum
1172 1994 1205 2020 de
1220 1994 1387 2028 Reinirsarz,
1401 2004 1536 2020 consensu
1551 1994 1653 2020 ‹lomini
1666 1993 1754 2029 Egidii
1767 1994 1853 2029 patris
1867 1994 1918 2020 mei
1934 1995 1969 2021 (18

459 2041 599 2069 Trasenis,
617 2051 631 2066 a
643 2051 697 2076 qno
710 2041 760 2067 hoc
774 2041 937 2067 beneficium
948 2042 1011 2075 jure
1027 2042 1124 2067 feodali
1138 2042 1319 2068 descenderat
1333 2043 1359 2067 in
1374 2042 1572 2077 eleemosynam
1586 2041 1746 2073 donaverit,
1761 2046 1788 2067 et
1800 2041 1852 2068 hoc
1866 2042 1970 2068 donum

458 2088 596 2124 praefatus
612 2088 738 2114 dominns
753 2088 865 2124 Egidius
880 2089 913 2115 de
927 2099 1007 2115 mann
1022 2090 1154 2124 praedicti
1169 2089 1282 2115 Arnoldi
1297 2089 1330 2115 ad
1345 2099 1414 2125 opus
1428 2090 1581 2115 Ninivensis
1594 2089 1724 2115 ecclesiae
1736 2090 1889 2124 susceperit
1901 2095 1929 2116 et
1942 2099 1972 2116 se

456 2137 513 2171 ipse
527 2136 650 2161 dominns
664 2136 774 2171 Egidius
787 2136 908 2161 obsidem
926 2141 951 2162 et
969 2142 1114 2171 patronum
1133 2138 1260 2162 statuerit
1279 2137 1311 2162 ad
1332 2136 1383 2162 hoc
1400 2136 1501 2162 donum
1517 2136 1647 2163 ecclesiae
1664 2136 1802 2162 Ninivensi
1815 2137 1972 2164 custodien-

457 2183 531 2209 dum.
546 2183 640 2208 Testes
653 2183 699 2217 qui
716 2182 877 2216 audierunt,
891 2183 1033 2210 viderunt.
1051 2188 1078 2209 et
1092 2184 1119 2209 in
1135 2184 1318 2209 testimoninm
1337 2184 1424 2209 vocati
1436 2189 1500 2209 sunt
1514 2182 1668 2209 XVillelmns
1683 2183 1783 2208 Delam
1794 2204 1800 2215 .,
1822 2185 1925 2210 Amant
1937 2184 1972 2211 de

459 2229 546 2263 Naat,
565 2230 588 2253 Vx
600 2229 702 2254 alterus
718 2229 751 2254 (le
767 2229 903 2265 Adenqem
913 2251 919 2261 ‚
937 2230 1040 2255 Franco
1055 2230 1088 2256 de
1102 2230 1213 2256 Arkem.
1227 2230 1327 2256 Gislart
1343 2231 1376 2256 (18
1390 2229 1574 2256 ΓαυιρΙοηι-ια.
1591 2230 1670 2266 Hugo
1685 2231 1765 2256 etiam
1779 2231 1813 2257 de
1825 2231 1882 2257 Hal
1896 2233 1973 2258 testi-

459 2277 554 2302 ficatus
568 2281 607 2301 est
621 2285 650 2301 se
664 2285 695 2301 ex
711 2284 758 2301 ore
773 2276 905 2310 praedicti
919 2277 1032 2302 Arnoldi
1046 2277 1154 2303 audisse
1167 2277 1236 2303 hanc
1249 2277 1447 2312 eleemosynam
1462 2277 1508 2303 tali
1524 2277 1604 2303 modo
1618 2277 1707 2302 datam
1720 2277 1814 2303 suisse-
1831 2278 1972 2305 Testisiea-

458 2324 495 2349 tio
510 2323 575 2349 haec
589 2333 677 2349 coram
692 2323 847 2349 hominibus
861 2324 926 2349 meis
940 2329 965 2350 et
980 2334 1072 2350 coram
1091 2324 1184 2350 multis
1198 2325 1325 2351 fidelibus
1339 2324 1408 2350 sacta
1422 2331 1463 2350 cst
1474 2346 1481 2357 ,
1499 2324 1625 2351 videlicet
1642 2334 1732 2350 coram
1747 2325 1856 2352 domino
1874 2325 1970 2362 Sigei-0

459 2370 492 2396 de
508 2371 597 2404 Bella,
616 2371 700 2396 fratre
716 2380 775 2396 meo
787 2371 956 2405 Hermanno,
971 2372 1074 2398 decano
1090 2369 1123 2398 de
1138 2373 1256 2404 Mvella,
1278 2372 1354 2398 Helia
1373 2372 1550 2408 presbytero,
1567 2372 1706 2398 Francone
1719 2372 1815 2408 Lupo,
1831 2373 1971 2400 Francone

464 2418 560 2442 Gihhon
572 2438 579 2450 ,v
594 2417 716 2443 Gis-lardo
732 2417 765 2443 de
779 2417 886 2443 Saintes
897 2439 903 2449 ,
923 2418 1034 2444 lteiniro
1049 2419 1082 2445 de
1100 2419 1190 2445 Herna
1203 2440 1210 2451 ,
1230 2419 1351 2446 Gerardo
1365 2419 1399 2445 de
1420 2419 1574 2456 Adenqem,
1589 2419 1706 2454 Symone
1719 2418 1825 2455 Slnjon,
1839 2420 1916 2446 ducis
1931 2420 1973 2446 sa-

462 2463 546 2495 mulo,
566 2470 589 2489 et
603 2464 693 2489 multis
706 2463 765 2489 aliis
781 2464 918 2490 fidelibus.
935 2465 974 2490 Ad
988 2466 1197 2492 custodiendum
1215 2467 1308 2502 itaque
1322 2471 1376 2492 tam
1389 2466 1501 2492 evidens
1518 2466 1619 2492 donum
1637 2471 1665 2492 et
1678 2466 1876 2502 eleemosynam
1892 2472 1971 2494 tuen—

462 2511 521 2536 dam
537 2510 689 2545 praedictae
703 2510 832 2537 ecclesiae
845 2511 880 2537 ob
892 2511 1008 2538 salutem
1021 2514 1126 2540 animae
1139 2523 1214 2539 meae
1227 2519 1340 2549 paterna
1354 2514 1527 2540 successione
1540 2514 1662 2540 obsidem
1675 2523 1717 2540 me
1731 2514 1816 2540 teneri
1829 2513 1930 2540 debere
1943 2519 1971 2540 et
