2137 3131
489 409 556 444 700
826 406 910 440 COR
918 405 999 439 PUS
1025 402 1354 438 CHRONICORUM
1383 402 1646 438 FLANDRIAE.

491 518 642 551 misereri
656 543 663 559 .
682 515 830 560 ideoque
850 514 883 546 in
900 512 1031 558 templo
1050 512 1124 556 ejus
1139 517 1172 544 te
1186 510 1291 544 facias
1305 510 1455 556 portari.
1473 510 1556 556 quia
1572 510 1619 544 ibi
1635 510 1743 544 habes
1758 512 1883 544 sanari.
1897 526 1915 542 »
1933 510 1995 545 Cui

489 576 543 609 ille
560 589 565 608 :
593 589 610 605 a
628 574 715 614 Quia
733 573 776 606 ab
791 571 955 605 omnibus
973 569 1226 603 miraculorum
1245 569 1356 602 factor
1370 568 1496 602 diceris
1509 595 1517 611 ,
1542 568 1586 602 ad
1601 575 1634 602 te
1650 569 1740 602 veni.
1760 584 1776 600 η
1799 569 1841 603 Et
1857 576 1996 604 sanctus

493 633 657 666 &lai-tinus
671 644 676 663 :
699 645 715 660 «
727 630 807 663 Sine
823 628 1050 675 permissione
1060 627 1212 675 Virginis
1221 627 1395 673 exstingui
1411 639 1483 660 non
1498 627 1642 672 poteris.
1655 643 1672 659 υ
1693 626 1847 661 Discedit
1859 633 1999 661 sanctus

491 691 674 724 Martinus.
692 688 751 734 qui
768 688 895 721 iterum
910 685 1065 728 rediens,
1081 685 1185 730 jussit
1199 684 1297 718 illum
1314 684 1428 717 redire
1443 684 1489 718 ad
1504 691 1651 718 matrem
1668 684 1938 718 misericordiae.
1956 685 1998 718 Et

488 749 540 781 ille
563 761 568 779 z
597 761 613 776 «
638 748 705 779 Aut
728 758 790 791 pcr
808 751 860 787 te.
887 744 1019 790 inquit.
1042 743 1192 776 sanabor
1210 749 1268 775 aut
1290 742 1348 775 hic
1368 742 1510 775 moriar.
1534 758 1551 773 »
1578 742 1619 775 Et
1637 749 1777 776 sanctus
1796 742 1967 776 Martinus
1986 755 1992 775 :

491 822 506 836 «
523 805 627 838 Sanet
642 811 675 837 te
692 803 859 837 Dominus
873 803 1000 836 Jlicsus
1015 801 1173 835 Christus
1188 801 1351 846 precibus
1366 813 1448 834 suae
1463 801 1583 834 matris
1596 828 1605 844 ,
1623 807 1657 835 et
1671 801 1739 835 hoc
1754 802 1816 835 tibi
1831 802 1972 850 signum
1987 815 1992 834 :

488 864 539 896 'l'u
552 863 698 909 primus.
711 868 787 908 post
804 868 835 895 te
848 861 892 895 de
901 861 1067 895 omnibus
1083 867 1157 893 tum
1167 872 1223 893 sex
1234 859 1466 893 sanabuntur.
1482 875 1500 891 »
1517 860 1652 893 Dixitct
1665 860 1835 903 discessit,
1852 860 1999 894 factum-

486 935 554 969 que
569 929 616 955 est
634 928 670 955 ut
688 921 922 967 prophetavit.
942 919 1134 953 balduinus
1147 946 1155 961 ,
1174 931 1232 952 rex
1250 918 1469 952 Jherusalem
1483 945 1491 961 ,
1509 919 1660 952 moritur
1672 945 1680 961 ,
1700 918 1857 953 succedit
1871 919 1974 953 Fulco
1987 946 1996 958 ..

487 993 602 1015 comcs
620 979 888 1026 Andegavensis.
907 978 1061 1011 Honorio
1076 989 1166 1023 papa
1183 983 1341 1019 mortuo,
1363 976 1527 1010 ecclesiae
1541 989 1606 1022 pax
1622 977 1854 1022 interpolatur
1865 1004 1874 1020 ,
1891 978 1998 1012 alter-

487 1037 699 1073 cantibusde
710 1044 839 1083 papatu
851 1036 1020 1084 Gregorio
1031 1036 1186 1084 legitime
1196 1036 1319 1078 electo,
1335 1036 1395 1082 qui
1408 1035 1634 1069 Innocentius
1643 1042 1695 1069 est
1703 1035 1832 1079 dictus,
1845 1043 1880 1070 et
1893 1036 1998 1070 Petro

486 1097 628 1139 Leonis,¹
648 1096 822 1130 monacho
839 1095 1057 1129 Cluniacensi
1070 1123 1078 1137 ,
1098 1094 1159 1129 sed
1174 1095 1316 1128 natione
1333 1095 1504 1128 Romano.
1527 1094 1736 1142 Gregorius,
1760 1095 1821 1141 qui
1837 1101 1871 1128 et
1889 1095 1999 1129 Inno-

486 1157 640 1198 centius.
657 1156 788 1189 veritus
808 1155 1001 1201 potentiam
1024 1154 1116 1188 Petri
1140 1153 1184 1187 de
1202 1153 1430 1187 multitudine
1445 1154 1558 1201 gentis
1580 1154 1852 1199 praesumentis,
1873 1153 2000 1188 Gallias

485 1215 571 1259 petit
588 1221 695 1260 atque
715 1214 758 1247 ab
779 1213 1008 1258 imperatore.
1031 1225 1050 1245 a
1074 1225 1154 1259 rege
1176 1212 1358 1254 Franciae,
1379 1211 1552 1257 episcopis
1571 1218 1605 1245 et
1623 1212 1829 1254 comitibus,
1851 1212 1998 1246 honeste

485 1273 687 1318 suscipitur.
707 1272 835 1314 Remis,
855 1271 973 1305 Leodii
989 1271 1134 1305 concilia
1150 1277 1330 1304 convocat.
1349 1270 1505 1304 Tandem
1521 1282 1562 1304 ex
1578 1271 1759 1304 communi
1773 1270 1934 1304 omnium
1949 1283 1999 1305 as-

484 1343 605 1373 sensu,
627 1343 708 1364 cum
729 1331 940 1376 imperatore
959 1336 993 1362 et
1013 1329 1164 1363 maximo
1178 1329 1332 1362 exercitu
1353 1329 1499 1363 Romam
1521 1328 1632 1371 vadit,
1654 1329 1689 1361 in
1709 1329 1809 1374 cujus
1827 1329 1998 1363 comitatu

486 1390 551 1423 fuit
565 1390 759 1423 Norbertus
773 1388 1070 1434 archiepiscopus.
1083 1394 1153 1421 tam
1171 1400 1281 1433 papae
1296 1399 1403 1433 quam
1420 1387 1622 1433 imperatori
1638 1394 1742 1421 notus
1755 1394 1790 1421 et
1803 1387 1995 1430 familiaris,

486 1448 547 1481 ubi
571 1448 796 1481 Innocentius
822 1459 911 1492 papa
934 1446 1007 1480 sedi
1036 1446 1217 1480 restitutus
1240 1446 1445 1480 Lotharium
1470 1447 1506 1479 in
1529 1447 1778 1492 imperatorem
1802 1446 1994 1480 benedixit.

486 1505 552 1539 Sed
568 1505 660 1539 idem
677 1506 866 1550 imperator
881 1517 960 1538 cum
977 1504 1021 1537 ad
1037 1503 1286 1537 debellandum
1301 1504 1460 1545 Petrum,
1477 1504 1539 1550 qui
1553 1510 1587 1537 et
1602 1504 1786 1538 Anacletus
1801 1504 1917 1538 dictus
1931 1511 1995 1548 est,

486 1564 748 1610 pseudopapam
763 1564 931 1607 venisset,
954 1563 1000 1596 illi
1021 1576 1146 1609 parum
1167 1563 1294 1596 obfuit.
1318 1563 1440 1609 Itaque
1454 1563 1546 1596 inter
1561 1562 1651 1596 duos
1666 1575 1773 1608 papas
1791 1574 1854 1608 per
1870 1563 1915 1608 vij
1939 1575 1999 1596 an-

486 1635 549 1656 nos
568 1630 599 1656 et
619 1635 660 1656 eo
678 1623 827 1668 amplius
849 1623 1028 1655 contentio
1048 1628 1225 1667 protracta
1243 1627 1305 1654 est.
1326 1621 1412 1654 Nam
1430 1620 1517 1654 dum
1538 1621 1724 1654 Auacletus
1741 1620 1861 1654 sedem
1879 1627 1975 1655 tenet
1987 1649 1995 1664 7

489 1681 711 1714 lnnocentius
726 1680 885 1713 ccclesias
898 1707 906 1721 .
928 1680 990 1713 iste
1009 1679 1183 1725 praevalet
1203 1679 1236 1712 in
1255 1679 1342 1712 urbe
1356 1706 1364 1721 ,
1386 1679 1449 1712 iste
1469 1679 1605 1712 obtinet
1622 1679 1758 1712 orbem.
1781 1679 1996 1722 Norbertus,

486 1752 566 1772 cum
582 1739 704 1772 mortis
719 1739 933 1784 periculum,
952 1750 1016 1784 pro
1034 1738 1212 1784 episcopio
1229 1750 1293 1771 suo
1308 1738 1372 1771 sibi
1387 1750 1406 1771 a
1421 1738 1556 1771 civibus
1570 1738 1781 1771 intentatum
1793 1765 1801 1780 ,
1819 1745 1998 1784 protectus

486 1798 550 1831 sub
571 1798 695 1831 umbra
715 1798 847 1831 alarum
872 1798 933 1830 Dei
953 1798 1056 1831 tertio
1081 1797 1287 1830 miraculose
1306 1797 1484 1839 evasisset.
1509 1803 1636 1842 quarto
1655 1809 1773 1830 mense
1792 1797 1999 1845 egressionis

486 1974 744 2019 Argumentum
763 1972 881 2006 salutis
900 1972 974 2017 ejus
989 1985 1059 2005 non
1075 1973 1187 2005 solum
1208 1973 1380 2006 virtutum
1394 1972 1502 2020 signis
1521 1984 1608 2018 quas
1626 1972 1709 2006 fecit
1721 1971 1839 2006 adhuc
1856 1972 1975 2007 vivens
1987 2000 1996 2016 ,

486 2030 545 2064 sed
567 2031 670 2064 etiam
690 2031 803 2064 tribus
827 2038 906 2077 post
926 2030 1118 2065 discessum
1141 2043 1246 2064 suum
1270 2031 1551 2077 apparitionibus
1572 2030 1789 2065 declaratum
1813 2038 1876 2065 est.
1901 2032 2000 2073 Quae

485 2102 565 2122 cum
585 2089 728 2122 caeteris
751 2089 969 2122 mirabilibus
993 2089 1036 2122 al)
1058 2090 1134 2135 ipso
1156 2089 1300 2135 patratis
1314 2116 1323 2132 ,
1349 2101 1440 2135 quae
1463 2089 1521 2123 hic
1540 2101 1643 2123 causa
1662 2089 1840 2123 brevitatis
1863 2090 2000 2124 omitti-

486 2160 583 2190 mus.
606 2148 640 2181 in
660 2148 749 2181 libro
768 2148 858 2182 vitae
877 2161 958 2182 suae
978 2148 1214 2182 declarantur.

534 2206 697 2253 Magister
712 2206 814 2253 Hugo
829 2205 872 2240 de
888 2206 922 2239 S.
942 2206 1100 2250 Victore,
1123 2207 1185 2253 qui
1199 2206 1337 2240 diversa
1352 2207 1522 2252 opuscula
1536 2207 1761 2252 conscripsit,
1778 2207 1999 2253 simplicitate

487 2271 519 2297 et
536 2276 674 2297 morum
690 2265 873 2298 honestate
887 2266 1097 2311 praecipuus
1111 2265 1275 2299 habetur.
1295 2264 1491 2308 Frederico,
1509 2265 1706 2299 Coloniensi
1719 2265 1998 2312 archiepiscopo,

485 2322 641 2356 succedit
661 2324 792 2357 Bruuo.
819 2324 1013 2367 Heni-icus,
1040 2337 1100 2358 rex
1125 2324 1319 2372 Anglorum
1334 2351 1343 2367 ,
1367 2325 1443 2358 obit
1462 2324 1515 2358 vir
1539 2324 1754 2370 pauperibus
1778 2330 1814 2357 et
1837 2324 2000 2358 ecclesiae

488 2382 546 2414 Dei
563 2382 691 2414 multae
705 2382 944 2429 benignitatis,
959 2383 1029 2425 cui,
1042 2382 1124 2429 quia
1138 2383 1266 2416 liberos
1283 2395 1354 2415 non
1369 2382 1506 2426 habuit,
1523 2381 1681 2416 succedit
1694 2381 1907 2428 Stephanus,
1919 2394 2002 2416 con-

487 2439 647 2472 sobrinus
666 2440 752 2485 ejus.
771 2439 995 2483 Lodewicus,
1013 2453 1072 2474 rex
1087 2441 1300 2474 Francorum
1311 2467 1319 2483 ,
1337 2441 1430 2483 obit,
1446 2441 1539 2474 filius
1553 2440 1627 2486 ejus
1641 2440 1854 2487 aequivocus
1871 2452 2000 2474 secun—

488 2496 552 2529 dus
580 2504 662 2530 natu
685 2497 854 2531 succedit.
882 2499 969 2533 Nam
995 2499 1131 2544 primus
1149 2505 1250 2533 antea
1274 2499 1391 2532 Remis
1410 2499 1454 2532 ab
1473 2499 1680 2533 Innocentio
1697 2510 1788 2545 papa
1812 2504 1999 2532 coronatus
