<?xml version="1.0" encoding="UTF-8"?>
<!DOCTYPE html PUBLIC "-//W3C//DTD XHTML 1.0 Transitional//EN"
    "http://www.w3.org/TR/xhtml1/DTD/xhtml1-transitional.dtd">
<html xmlns="http://www.w3.org/1999/xhtml" xml:lang="en" lang="en">
 <head>
  <title>
</title>
<meta http-equiv="Content-Type" content="text/html;charset=utf-8" />
  <meta name='ocr-system' content='tesseract 3.04.00' />
  <meta name='ocr-capabilities' content='ocr_page ocr_carea ocr_par ocr_line ocrx_word'/>
</head>
<body>
  <div class='ocr_page' id='page_1' title='image "./corpuschronicoru02smetuoft_0583.png"; bbox 0 0 2118 3184; ppageno 0'>
   <div class='ocr_carea' id='block_1_1' title="bbox 566 416 1610 452">
    <p class='ocr_par' dir='ltr' id='par_1_1' title="bbox 566 416 1610 452">
     <span class='ocr_line' id='line_1_1' title="bbox 566 416 1610 452; baseline -0.002 0"><span class='ocrx_word' id='word_1_1' title='bbox 566 417 790 452; x_wconf 58' lang='lat' dir='ltr'>CttRoNICA</span> <span class='ocrx_word' id='word_1_2' title='bbox 822 417 1142 452; x_wconf 54' lang='lat' dir='ltr'>Tonxxclzxsls.</span> <span class='ocrx_word' id='word_1_3' title='bbox 1545 416 1610 450; x_wconf 73' lang='lat'>:5231</span> 
     </span>
    </p>
   </div>
   <div class='ocr_carea' id='block_1_2' title="bbox 100 522 1617 2384">
    <p class='ocr_par' dir='ltr' id='par_1_2' title="bbox 100 522 1617 2384">
     <span class='ocr_line' id='line_1_2' title="bbox 100 522 1609 571; baseline -0.003 -12"><span class='ocrx_word' id='word_1_4' title='bbox 100 527 304 560; x_wconf 74' lang='lat' dir='ltr'>avenacium</span> <span class='ocrx_word' id='word_1_5' title='bbox 320 526 571 560; x_wconf 79' lang='lat' dir='ltr'>conwdebant.</span> <span class='ocrx_word' id='word_1_6' title='bbox 595 533 630 559; x_wconf 84' lang='lat' dir='ltr'>ut</span> <span class='ocrx_word' id='word_1_7' title='bbox 655 525 699 558; x_wconf 84' lang='lat' dir='ltr'>de</span> <span class='ocrx_word' id='word_1_8' title='bbox 718 537 759 558; x_wconf 95' lang='lat' dir='ltr'>eo</span> <span class='ocrx_word' id='word_1_9' title='bbox 779 537 842 558; x_wconf 79' lang='lat' dir='ltr'>nec</span> <span class='ocrx_word' id='word_1_10' title='bbox 869 526 999 560; x_wconf 81' lang='lat' dir='ltr'>micae.</span> <span class='ocrx_word' id='word_1_11' title='bbox 1029 537 1093 558; x_wconf 85' lang='lat' dir='ltr'>nee</span> <span class='ocrx_word' id='word_1_12' title='bbox 1112 525 1230 571; x_wconf 83' lang='lat' dir='ltr'>paleae</span> <span class='ocrx_word' id='word_1_13' title='bbox 1254 529 1487 570; x_wconf 69' lang='lat' dir='ltr'>superessent.</span> <span class='ocrx_word' id='word_1_14' title='bbox 1512 522 1609 555; x_wconf 72' lang='lat' dir='ltr'>Non-</span> 
     </span>
     <span class='ocr_line' id='line_1_3' title="bbox 102 582 1612 630; baseline -0.003 -12"><span class='ocrx_word' id='word_1_15' title='bbox 102 585 187 618; x_wconf 89' lang='lat' dir='ltr'>nulli</span> <span class='ocrx_word' id='word_1_16' title='bbox 215 597 254 618; x_wconf 76' lang='lat' dir='ltr'>ex</span> <span class='ocrx_word' id='word_1_17' title='bbox 277 586 326 618; x_wconf 86' lang='lat' dir='ltr'>eis</span> <span class='ocrx_word' id='word_1_18' title='bbox 349 585 526 618; x_wconf 73' lang='lat' dir='ltr'>multoties</span> <span class='ocrx_word' id='word_1_19' title='bbox 545 585 787 630; x_wconf 72' lang='lat' dir='ltr'>cogitaverunt</span> <span class='ocrx_word' id='word_1_20' title='bbox 810 584 835 616; x_wconf 80' lang='lat' dir='ltr'>si</span> <span class='ocrx_word' id='word_1_21' title='bbox 856 584 1007 629; x_wconf 86' lang='lat' dir='ltr'>aliquem</span> <span class='ocrx_word' id='word_1_22' title='bbox 1028 590 1170 629; x_wconf 85' lang='lat' dir='ltr'>possent</span> <span class='ocrx_word' id='word_1_23' title='bbox 1190 582 1307 616; x_wconf 67' lang='lat' dir='ltr'>videre</span> <span class='ocrx_word' id='word_1_24' title='bbox 1326 582 1418 615; x_wconf 78' lang='lat' dir='ltr'>diem</span> <span class='ocrx_word' id='word_1_25' title='bbox 1432 609 1440 614; x_wconf 95' lang='lat'>.</span> <span class='ocrx_word' id='word_1_26' title='bbox 1462 593 1535 627; x_wconf 89' lang='lat' dir='ltr'>quo</span> <span class='ocrx_word' id='word_1_27' title='bbox 1554 593 1612 614; x_wconf 90' lang='lat' dir='ltr'>ec-</span> 
     </span>
     <span class='ocr_line' id='line_1_4' title="bbox 100 640 1607 688; baseline -0.004 -11"><span class='ocrx_word' id='word_1_28' title='bbox 100 643 201 677; x_wconf 79' lang='lat' dir='ltr'>clesia</span> <span class='ocrx_word' id='word_1_29' title='bbox 225 644 260 676; x_wconf 79' lang='lat' dir='ltr'>S.</span> <span class='ocrx_word' id='word_1_30' title='bbox 285 643 422 676; x_wconf 75' lang='lat' dir='ltr'>Martini</span> <span class='ocrx_word' id='word_1_31' title='bbox 450 649 520 675; x_wconf 90' lang='lat' dir='ltr'>tam</span> <span class='ocrx_word' id='word_1_32' title='bbox 540 642 636 675; x_wconf 78' lang='lat' dir='ltr'>dives</span> <span class='ocrx_word' id='word_1_33' title='bbox 658 648 763 675; x_wconf 79' lang='lat' dir='ltr'>esset.</span> <span class='ocrx_word' id='word_1_34' title='bbox 789 648 823 675; x_wconf 88' lang='lat' dir='ltr'>ut</span> <span class='ocrx_word' id='word_1_35' title='bbox 846 643 908 688; x_wconf 79' lang='lat' dir='ltr'>ipsi</span> <span class='ocrx_word' id='word_1_36' title='bbox 930 654 1018 688; x_wconf 80' lang='lat' dir='ltr'>pane</span> <span class='ocrx_word' id='word_1_37' title='bbox 1041 641 1264 675; x_wconf 77' lang='lat' dir='ltr'>solummodo</span> <span class='ocrx_word' id='word_1_38' title='bbox 1282 640 1429 674; x_wconf 88' lang='lat' dir='ltr'>saturari</span> <span class='ocrx_word' id='word_1_39' title='bbox 1455 646 1607 685; x_wconf 75' lang='lat' dir='ltr'>possent.</span> 
     </span>
     <span class='ocr_line' id='line_1_5' title="bbox 101 698 1612 748; baseline -0.003 -13"><span class='ocrx_word' id='word_1_40' title='bbox 101 701 327 747; x_wconf 89' lang='lat' dir='ltr'>Quicumque</span> <span class='ocrx_word' id='word_1_41' title='bbox 345 713 429 748; x_wconf 73' lang='lat' dir='ltr'>ergo</span> <span class='ocrx_word' id='word_1_42' title='bbox 446 712 687 734; x_wconf 83' lang='lat' dir='ltr'>successorum</span> <span class='ocrx_word' id='word_1_43' title='bbox 710 706 910 733; x_wconf 83' lang='lat' dir='ltr'>nostrorum</span> <span class='ocrx_word' id='word_1_44' title='bbox 931 700 1015 733; x_wconf 84' lang='lat' dir='ltr'>liaec</span> <span class='ocrx_word' id='word_1_45' title='bbox 1035 700 1199 747; x_wconf 67' lang='lat' dir='ltr'>legerint..</span> <span class='ocrx_word' id='word_1_46' title='bbox 1221 705 1322 732; x_wconf 89' lang='lat' dir='ltr'>orent</span> <span class='ocrx_word' id='word_1_47' title='bbox 1340 711 1404 744; x_wconf 89' lang='lat' dir='ltr'>pro</span> <span class='ocrx_word' id='word_1_48' title='bbox 1427 698 1612 731; x_wconf 81' lang='lat' dir='ltr'>animabus</span> 
     </span>
     <span class='ocr_line' id='line_1_6' title="bbox 101 756 1613 804; baseline -0.003 -11"><span class='ocrx_word' id='word_1_49' title='bbox 101 766 362 793; x_wconf 86' lang='lat' dir='ltr'>antecessorum</span> <span class='ocrx_word' id='word_1_50' title='bbox 380 770 524 792; x_wconf 90' lang='lat' dir='ltr'>suorum</span> <span class='ocrx_word' id='word_1_51' title='bbox 537 785 544 798; x_wconf 62' lang='lat'><em>‚</em></span> <span class='ocrx_word' id='word_1_52' title='bbox 565 759 625 804; x_wconf 87' lang='lat' dir='ltr'>qui</span> <span class='ocrx_word' id='word_1_53' title='bbox 642 771 767 804; x_wconf 86' lang='lat' dir='ltr'>panem</span> <span class='ocrx_word' id='word_1_54' title='bbox 788 770 858 791; x_wconf 88' lang='lat' dir='ltr'>non</span> <span class='ocrx_word' id='word_1_55' title='bbox 873 758 1084 792; x_wconf 76' lang='lat' dir='ltr'>ordeaceum</span> <span class='ocrx_word' id='word_1_56' title='bbox 1103 757 1162 791; x_wconf 90' lang='lat' dir='ltr'>sed</span> <span class='ocrx_word' id='word_1_57' title='bbox 1181 758 1385 791; x_wconf 68' lang='lat' dir='ltr'>avenacium</span> <span class='ocrx_word' id='word_1_58' title='bbox 1405 769 1485 790; x_wconf 88' lang='lat' dir='ltr'>cum</span> <span class='ocrx_word' id='word_1_59' title='bbox 1506 756 1613 801; x_wconf 83' lang='lat' dir='ltr'>paleis</span> 
     </span>
     <span class='ocr_line' id='line_1_7' title="bbox 100 815 1612 864; baseline -0.003 -13"><span class='ocrx_word' id='word_1_60' title='bbox 100 816 321 851; x_wconf 89' lang='lat' dir='ltr'>comedendo</span> <span class='ocrx_word' id='word_1_61' title='bbox 334 845 342 860; x_wconf 56' lang='lat'><em>7</em></span> <span class='ocrx_word' id='word_1_62' title='bbox 363 818 500 863; x_wconf 84' lang='lat' dir='ltr'>copiam</span> <span class='ocrx_word' id='word_1_63' title='bbox 520 818 568 850; x_wconf 83' lang='lat' dir='ltr'>eis</span> <span class='ocrx_word' id='word_1_64' title='bbox 584 818 681 863; x_wconf 89' lang='lat' dir='ltr'>panis</span> <span class='ocrx_word' id='word_1_65' title='bbox 699 817 824 850; x_wconf 90' lang='lat' dir='ltr'>triticei</span> <span class='ocrx_word' id='word_1_66' title='bbox 845 817 1010 863; x_wconf 88' lang='lat' dir='ltr'>patientia</span> <span class='ocrx_word' id='word_1_67' title='bbox 1027 829 1089 851; x_wconf 88' lang='lat' dir='ltr'>sua</span> <span class='ocrx_word' id='word_1_68' title='bbox 1108 829 1170 863; x_wconf 89' lang='lat' dir='ltr'>per</span> <span class='ocrx_word' id='word_1_69' title='bbox 1188 817 1248 850; x_wconf 86' lang='lat' dir='ltr'>Dei</span> <span class='ocrx_word' id='word_1_70' title='bbox 1271 817 1418 864; x_wconf 76' lang='lat' dir='ltr'>gratiam</span> <span class='ocrx_word' id='word_1_71' title='bbox 1439 815 1612 861; x_wconf 84' lang='lat' dir='ltr'>acquisie-</span> 
     </span>
     <span class='ocr_line' id='line_1_8' title="bbox 101 875 1613 921; baseline -0.002 -11"><span class='ocrx_word' id='word_1_72' title='bbox 101 882 197 910; x_wconf 80' lang='lat' dir='ltr'>runt.</span> <span class='ocrx_word' id='word_1_73' title='bbox 225 876 342 910; x_wconf 92' lang='lat' dir='ltr'>Unum</span> <span class='ocrx_word' id='word_1_74' title='bbox 366 882 483 910; x_wconf 88' lang='lat' dir='ltr'>tamen</span> <span class='ocrx_word' id='word_1_75' title='bbox 505 883 590 910; x_wconf 89' lang='lat' dir='ltr'>tunc</span> <span class='ocrx_word' id='word_1_76' title='bbox 609 875 752 917; x_wconf 76' lang='lat' dir='ltr'>accidit7</span> <span class='ocrx_word' id='word_1_77' title='bbox 774 875 869 909; x_wconf 87' lang='lat' dir='ltr'>unde</span> <span class='ocrx_word' id='word_1_78' title='bbox 888 875 1065 918; x_wconf 68' lang='lat' dir='ltr'>dolemus7</span> <span class='ocrx_word' id='word_1_79' title='bbox 1087 888 1200 921; x_wconf 90' lang='lat' dir='ltr'>quum</span> <span class='ocrx_word' id='word_1_80' title='bbox 1221 875 1387 909; x_wconf 89' lang='lat' dir='ltr'>dominus</span> <span class='ocrx_word' id='word_1_81' title='bbox 1407 875 1515 908; x_wconf 86' lang='lat' dir='ltr'>abbas</span> <span class='ocrx_word' id='word_1_82' title='bbox 1543 886 1613 907; x_wconf 84' lang='lat' dir='ltr'>non</span> 
     </span>
     <span class='ocr_line' id='line_1_9' title="bbox 100 932 1609 980; baseline -0.003 -11"><span class='ocrx_word' id='word_1_83' title='bbox 100 935 218 969; x_wconf 73' lang='lat' dir='ltr'>valeus</span> <span class='ocrx_word' id='word_1_84' title='bbox 236 935 387 969; x_wconf 87' lang='lat' dir='ltr'>retinere</span> <span class='ocrx_word' id='word_1_85' title='bbox 411 934 675 968; x_wconf 80' lang='lat' dir='ltr'>multitudinem</span> <span class='ocrx_word' id='word_1_86' title='bbox 694 934 924 974; x_wconf 60' lang='lat' dir='ltr'>feminarum,</span> <span class='ocrx_word' id='word_1_87' title='bbox 946 946 1053 980; x_wconf 89' lang='lat' dir='ltr'>quam</span> <span class='ocrx_word' id='word_1_88' title='bbox 1072 940 1291 979; x_wconf 61' lang='lat' dir='ltr'>susceperat„</span> <span class='ocrx_word' id='word_1_89' title='bbox 1318 933 1492 967; x_wconf 81' lang='lat' dir='ltr'>licentiam</span> <span class='ocrx_word' id='word_1_90' title='bbox 1514 932 1609 966; x_wconf 82' lang='lat' dir='ltr'>dedit</span> 
     </span>
     <span class='ocr_line' id='line_1_10' title="bbox 101 992 1609 1040; baseline -0.003 -13"><span class='ocrx_word' id='word_1_91' title='bbox 101 993 150 1027; x_wconf 92' lang='lat' dir='ltr'>eis</span> <span class='ocrx_word' id='word_1_92' title='bbox 169 993 323 1027; x_wconf 92' lang='lat' dir='ltr'>abeundi</span> <span class='ocrx_word' id='word_1_93' title='bbox 344 992 609 1040; x_wconf 87' lang='lat' dir='ltr'>quaerendique</span> <span class='ocrx_word' id='word_1_94' title='bbox 635 993 779 1026; x_wconf 74' lang='lat' dir='ltr'>victum.</span> <span class='ocrx_word' id='word_1_95' title='bbox 802 992 884 1025; x_wconf 71' lang='lat' dir='ltr'>Illae</span> <span class='ocrx_word' id='word_1_96' title='bbox 906 999 1023 1025; x_wconf 84' lang='lat' dir='ltr'>autem</span> <span class='ocrx_word' id='word_1_97' title='bbox 1047 999 1188 1038; x_wconf 85' lang='lat' dir='ltr'>accepta</span> <span class='ocrx_word' id='word_1_98' title='bbox 1212 992 1350 1026; x_wconf 83' lang='lat' dir='ltr'>lieentia</span> <span class='ocrx_word' id='word_1_99' title='bbox 1370 997 1609 1024; x_wconf 81' lang='lat' dir='ltr'>recesserunt.</span> 
     </span>
     <span class='ocr_line' id='line_1_11' title="bbox 101 1050 1613 1098; baseline -0.003 -12"><span class='ocrx_word' id='word_1_100' title='bbox 101 1052 288 1098; x_wconf 87' lang='lat' dir='ltr'>pecuniam</span> <span class='ocrx_word' id='word_1_101' title='bbox 304 1059 421 1086; x_wconf 84' lang='lat' dir='ltr'>tamen</span> <span class='ocrx_word' id='word_1_102' title='bbox 436 1064 542 1098; x_wconf 89' lang='lat' dir='ltr'>quam</span> <span class='ocrx_word' id='word_1_103' title='bbox 563 1050 737 1098; x_wconf 78' lang='lat' dir='ltr'>quaedam</span> <span class='ocrx_word' id='word_1_104' title='bbox 753 1063 873 1084; x_wconf 90' lang='lat' dir='ltr'>earum</span> <span class='ocrx_word' id='word_1_105' title='bbox 893 1050 1065 1084; x_wconf 85' lang='lat' dir='ltr'>dederant</span> <span class='ocrx_word' id='word_1_106' title='bbox 1083 1051 1131 1084; x_wconf 90' lang='lat' dir='ltr'>eis</span> <span class='ocrx_word' id='word_1_107' title='bbox 1146 1063 1216 1084; x_wconf 91' lang='lat' dir='ltr'>non</span> <span class='ocrx_word' id='word_1_108' title='bbox 1236 1050 1411 1093; x_wconf 53' lang='lat' dir='ltr'>reddidiu</span> <span class='ocrx_word' id='word_1_109' title='bbox 1430 1062 1536 1096; x_wconf 89' lang='lat' dir='ltr'>quam</span> <span class='ocrx_word' id='word_1_110' title='bbox 1553 1056 1613 1082; x_wconf 86' lang='lat' dir='ltr'>aut</span> 
     </span>
     <span class='ocr_line' id='line_1_12' title="bbox 100 1108 1609 1156; baseline -0.002 -12"><span class='ocrx_word' id='word_1_111' title='bbox 100 1110 317 1156; x_wconf 88' lang='lat' dir='ltr'>pauperibus</span> <span class='ocrx_word' id='word_1_112' title='bbox 334 1110 526 1144; x_wconf 75' lang='lat' dir='ltr'>donaverat</span> <span class='ocrx_word' id='word_1_113' title='bbox 544 1116 603 1143; x_wconf 91' lang='lat' dir='ltr'>aut</span> <span class='ocrx_word' id='word_1_114' title='bbox 627 1110 660 1142; x_wconf 93' lang='lat' dir='ltr'>in</span> <span class='ocrx_word' id='word_1_115' title='bbox 680 1110 844 1143; x_wconf 88' lang='lat' dir='ltr'>ecclesiae</span> <span class='ocrx_word' id='word_1_116' title='bbox 862 1109 984 1142; x_wconf 87' lang='lat' dir='ltr'>usibus</span> <span class='ocrx_word' id='word_1_117' title='bbox 1003 1108 1229 1154; x_wconf 79' lang='lat' dir='ltr'>expenderat.</span> <span class='ocrx_word' id='word_1_118' title='bbox 1250 1108 1457 1154; x_wconf 86' lang='lat' dir='ltr'>Radulphus</span> <span class='ocrx_word' id='word_1_119' title='bbox 1476 1120 1560 1155; x_wconf 72' lang='lat' dir='ltr'>ergo</span> <span class='ocrx_word' id='word_1_120' title='bbox 1583 1108 1609 1140; x_wconf 85' lang='lat'>¹.</span> 
     </span>
     <span class='ocr_line' id='line_1_13' title="bbox 103 1167 1613 1215; baseline -0.003 -11"><span class='ocrx_word' id='word_1_121' title='bbox 103 1170 367 1215; x_wconf 82' lang='lat' dir='ltr'>praepositurae</span> <span class='ocrx_word' id='word_1_122' title='bbox 392 1169 556 1215; x_wconf 87' lang='lat' dir='ltr'>pauperis</span> <span class='ocrx_word' id='word_1_123' title='bbox 578 1180 667 1202; x_wconf 90' lang='lat' dir='ltr'>onus</span> <span class='ocrx_word' id='word_1_124' title='bbox 693 1168 904 1213; x_wconf 86' lang='lat' dir='ltr'>suscipiens.</span> <span class='ocrx_word' id='word_1_125' title='bbox 927 1167 1120 1213; x_wconf 65' lang='lat' dir='ltr'>ridensque</span> <span class='ocrx_word' id='word_1_126' title='bbox 1142 1174 1177 1201; x_wconf 86' lang='lat' dir='ltr'>et</span> <span class='ocrx_word' id='word_1_127' title='bbox 1195 1168 1306 1201; x_wconf 89' lang='lat' dir='ltr'>sciens</span> <span class='ocrx_word' id='word_1_128' title='bbox 1324 1167 1503 1200; x_wconf 86' lang='lat' dir='ltr'>ecclesiam</span> <span class='ocrx_word' id='word_1_129' title='bbox 1525 1179 1613 1212; x_wconf 82' lang='lat' dir='ltr'>pau-</span> 
     </span>
     <span class='ocr_line' id='line_1_14' title="bbox 102 1225 1610 1274; baseline -0.002 -13"><span class='ocrx_word' id='word_1_130' title='bbox 102 1239 221 1274; x_wconf 87' lang='lat' dir='ltr'>perem</span> <span class='ocrx_word' id='word_1_131' title='bbox 250 1227 449 1261; x_wconf 85' lang='lat' dir='ltr'>redditibus</span> <span class='ocrx_word' id='word_1_132' title='bbox 476 1233 675 1261; x_wconf 78' lang='lat' dir='ltr'>carentem.</span> <span class='ocrx_word' id='word_1_133' title='bbox 710 1227 783 1259; x_wconf 88' lang='lat' dir='ltr'>sine</span> <span class='ocrx_word' id='word_1_134' title='bbox 810 1226 1023 1273; x_wconf 79' lang='lat' dir='ltr'>agricultura</span> <span class='ocrx_word' id='word_1_135' title='bbox 1050 1237 1120 1259; x_wconf 86' lang='lat' dir='ltr'>non</span> <span class='ocrx_word' id='word_1_136' title='bbox 1151 1225 1251 1259; x_wconf 80' lang='lat' dir='ltr'>facile</span> <span class='ocrx_word' id='word_1_137' title='bbox 1276 1237 1377 1270; x_wconf 86' lang='lat' dir='ltr'>posse</span> <span class='ocrx_word' id='word_1_138' title='bbox 1403 1225 1610 1259; x_wconf 75' lang='lat' dir='ltr'>subsistere.</span> 
     </span>
     <span class='ocr_line' id='line_1_15' title="bbox 100 1283 1615 1330; baseline -0.003 -10"><span class='ocrx_word' id='word_1_139' title='bbox 100 1293 216 1320; x_wconf 90' lang='lat' dir='ltr'>totum</span> <span class='ocrx_word' id='word_1_140' title='bbox 239 1285 397 1320; x_wconf 87' lang='lat' dir='ltr'>studium</span> <span class='ocrx_word' id='word_1_141' title='bbox 421 1298 526 1319; x_wconf 89' lang='lat' dir='ltr'>suum</span> <span class='ocrx_word' id='word_1_142' title='bbox 550 1284 595 1319; x_wconf 90' lang='lat' dir='ltr'>ad</span> <span class='ocrx_word' id='word_1_143' title='bbox 616 1284 781 1318; x_wconf 83' lang='lat' dir='ltr'>emendas</span> <span class='ocrx_word' id='word_1_144' title='bbox 802 1291 837 1317; x_wconf 91' lang='lat' dir='ltr'>et</span> <span class='ocrx_word' id='word_1_145' title='bbox 857 1283 1090 1330; x_wconf 84' lang='lat' dir='ltr'>acquirendas</span> <span class='ocrx_word' id='word_1_146' title='bbox 1111 1290 1220 1317; x_wconf 85' lang='lat' dir='ltr'>terras</span> <span class='ocrx_word' id='word_1_147' title='bbox 1244 1284 1428 1317; x_wconf 80' lang='lat' dir='ltr'>convertit.</span> <span class='ocrx_word' id='word_1_148' title='bbox 1453 1284 1615 1324; x_wconf 87' lang='lat' dir='ltr'>Quatuor</span> 
     </span>
     <span class='ocr_line' id='line_1_16' title="bbox 100 1341 1615 1392; baseline -0.002 -14"><span class='ocrx_word' id='word_1_149' title='bbox 100 1345 220 1391; x_wconf 87' lang='lat' dir='ltr'>itaque</span> <span class='ocrx_word' id='word_1_150' title='bbox 236 1343 428 1392; x_wconf 76' lang='lat' dir='ltr'>quadrigas</span> <span class='ocrx_word' id='word_1_151' title='bbox 438 1345 683 1389; x_wconf 87' lang='lat' dir='ltr'>jumentorum</span> <span class='ocrx_word' id='word_1_152' title='bbox 704 1343 737 1376; x_wconf 92' lang='lat' dir='ltr'>in</span> <span class='ocrx_word' id='word_1_153' title='bbox 753 1342 897 1376; x_wconf 89' lang='lat' dir='ltr'>ecclesia</span> <span class='ocrx_word' id='word_1_154' title='bbox 911 1343 1027 1387; x_wconf 89' lang='lat' dir='ltr'>posuit</span> <span class='ocrx_word' id='word_1_155' title='bbox 1041 1369 1049 1384; x_wconf 60' lang='lat' dir='ltr'>a</span> <span class='ocrx_word' id='word_1_156' title='bbox 1070 1348 1105 1375; x_wconf 82' lang='lat' dir='ltr'>et</span> <span class='ocrx_word' id='word_1_157' title='bbox 1119 1349 1228 1375; x_wconf 85' lang='lat' dir='ltr'>terras</span> <span class='ocrx_word' id='word_1_158' title='bbox 1246 1342 1294 1375; x_wconf 91' lang='lat' dir='ltr'>eis</span> <span class='ocrx_word' id='word_1_159' title='bbox 1311 1341 1520 1376; x_wconf 84' lang='lat' dir='ltr'>sufficientes</span> <span class='ocrx_word' id='word_1_160' title='bbox 1539 1355 1615 1387; x_wconf 86' lang='lat' dir='ltr'>par-</span> 
     </span>
     <span class='ocr_line' id='line_1_17' title="bbox 100 1400 1615 1447; baseline -0.003 -10"><span class='ocrx_word' id='word_1_161' title='bbox 100 1403 166 1438; x_wconf 89' lang='lat' dir='ltr'>tim</span> <span class='ocrx_word' id='word_1_162' title='bbox 187 1415 227 1436; x_wconf 85' lang='lat' dir='ltr'>ex</span> <span class='ocrx_word' id='word_1_163' title='bbox 246 1402 501 1437; x_wconf 88' lang='lat' dir='ltr'>donationibus</span> <span class='ocrx_word' id='word_1_164' title='bbox 520 1401 697 1444; x_wconf 46' lang='lat' dir='ltr'>fideliumf</span> <span class='ocrx_word' id='word_1_165' title='bbox 720 1401 848 1447; x_wconf 87' lang='lat' dir='ltr'>partim</span> <span class='ocrx_word' id='word_1_166' title='bbox 868 1407 1002 1446; x_wconf 87' lang='lat' dir='ltr'>emptas</span> <span class='ocrx_word' id='word_1_167' title='bbox 1021 1401 1170 1446; x_wconf 87' lang='lat' dir='ltr'>pecunia</span> <span class='ocrx_word' id='word_1_168' title='bbox 1189 1400 1384 1446; x_wconf 81' lang='lat' dir='ltr'>deputavit.</span> <span class='ocrx_word' id='word_1_169' title='bbox 1407 1401 1484 1433; x_wconf 90' lang='lat' dir='ltr'>Duo</span> <span class='ocrx_word' id='word_1_170' title='bbox 1502 1401 1615 1447; x_wconf 86' lang='lat' dir='ltr'>siqui-</span> 
     </span>
     <span class='ocr_line' id='line_1_18' title="bbox 101 1459 1615 1506; baseline -0.001 -11"><span class='ocrx_word' id='word_1_171' title='bbox 101 1460 183 1495; x_wconf 87' lang='lat' dir='ltr'>dem</span> <span class='ocrx_word' id='word_1_172' title='bbox 209 1461 300 1495; x_wconf 84' lang='lat' dir='ltr'>cives</span> <span class='ocrx_word' id='word_1_173' title='bbox 327 1461 583 1503; x_wconf 72' lang='lat' dir='ltr'>Tornacenses,</span> <span class='ocrx_word' id='word_1_174' title='bbox 617 1472 772 1506; x_wconf 89' lang='lat' dir='ltr'>quorum</span> <span class='ocrx_word' id='word_1_175' title='bbox 802 1472 896 1493; x_wconf 89' lang='lat' dir='ltr'>unus</span> <span class='ocrx_word' id='word_1_176' title='bbox 926 1459 1118 1493; x_wconf 76' lang='lat' dir='ltr'>vocabatur</span> <span class='ocrx_word' id='word_1_177' title='bbox 1146 1459 1343 1501; x_wconf 69' lang='lat' dir='ltr'>Walterus7</span> <span class='ocrx_word' id='word_1_178' title='bbox 1378 1466 1615 1506; x_wconf 73' lang='lat' dir='ltr'>cognomento</span> 
     </span>
     <span class='ocr_line' id='line_1_19' title="bbox 101 1517 1616 1566; baseline -0.002 -12"><span class='ocrx_word' id='word_1_179' title='bbox 101 1532 250 1566; x_wconf 89' lang='lat' dir='ltr'>parvum</span> <span class='ocrx_word' id='word_1_180' title='bbox 269 1519 505 1566; x_wconf 54' lang='lat' dir='ltr'>adjutorium7</span> <span class='ocrx_word' id='word_1_181' title='bbox 527 1519 614 1552; x_wconf 87' lang='lat' dir='ltr'>alter</span> <span class='ocrx_word' id='word_1_182' title='bbox 637 1518 824 1560; x_wconf 65' lang='lat' dir='ltr'>Letardus,</span> <span class='ocrx_word' id='word_1_183' title='bbox 844 1519 1024 1551; x_wconf 77' lang='lat' dir='ltr'>venientes</span> <span class='ocrx_word' id='word_1_184' title='bbox 1043 1517 1087 1551; x_wconf 85' lang='lat' dir='ltr'>ad</span> <span class='ocrx_word' id='word_1_185' title='bbox 1109 1518 1372 1551; x_wconf 77' lang='lat' dir='ltr'>conversionem</span> <span class='ocrx_word' id='word_1_186' title='bbox 1394 1530 1475 1551; x_wconf 89' lang='lat' dir='ltr'>cum</span> <span class='ocrx_word' id='word_1_187' title='bbox 1494 1518 1616 1551; x_wconf 75' lang='lat' dir='ltr'>uxori-</span> 
     </span>
     <span class='ocr_line' id='line_1_20' title="bbox 102 1576 1612 1622; baseline -0.003 -8"><span class='ocrx_word' id='word_1_188' title='bbox 102 1579 169 1613; x_wconf 89' lang='lat' dir='ltr'>bus</span> <span class='ocrx_word' id='word_1_189' title='bbox 182 1580 255 1614; x_wconf 87' lang='lat' dir='ltr'>suis</span> <span class='ocrx_word' id='word_1_190' title='bbox 268 1585 304 1613; x_wconf 84' lang='lat' dir='ltr'>et</span> <span class='ocrx_word' id='word_1_191' title='bbox 320 1579 418 1622; x_wconf 54' lang='lat' dir='ltr'>filiise</span> <span class='ocrx_word' id='word_1_192' title='bbox 435 1577 612 1612; x_wconf 84' lang='lat' dir='ltr'>dederunt</span> <span class='ocrx_word' id='word_1_193' title='bbox 626 1578 727 1611; x_wconf 89' lang='lat' dir='ltr'>nobis</span> <span class='ocrx_word' id='word_1_194' title='bbox 742 1577 870 1611; x_wconf 92' lang='lat' dir='ltr'>domus</span> <span class='ocrx_word' id='word_1_195' title='bbox 884 1577 1071 1611; x_wconf 84' lang='lat' dir='ltr'>officinales</span> <span class='ocrx_word' id='word_1_196' title='bbox 1090 1588 1177 1622; x_wconf 85' lang='lat' dir='ltr'>quas</span> <span class='ocrx_word' id='word_1_197' title='bbox 1195 1576 1374 1610; x_wconf 84' lang='lat' dir='ltr'>habebant</span> <span class='ocrx_word' id='word_1_198' title='bbox 1388 1577 1422 1609; x_wconf 93' lang='lat' dir='ltr'>in</span> <span class='ocrx_word' id='word_1_199' title='bbox 1439 1576 1612 1610; x_wconf 86' lang='lat' dir='ltr'>Tornaeo.</span> 
     </span>
     <span class='ocr_line' id='line_1_21' title="bbox 102 1635 1616 1672; baseline -0.003 0"><span class='ocrx_word' id='word_1_200' title='bbox 102 1645 138 1672; x_wconf 88' lang='lat' dir='ltr'>et</span> <span class='ocrx_word' id='word_1_201' title='bbox 154 1645 264 1672; x_wconf 87' lang='lat' dir='ltr'>terras</span> <span class='ocrx_word' id='word_1_202' title='bbox 282 1637 429 1672; x_wconf 86' lang='lat' dir='ltr'>arabiles</span> <span class='ocrx_word' id='word_1_203' title='bbox 444 1637 529 1671; x_wconf 86' lang='lat' dir='ltr'>citra</span> <span class='ocrx_word' id='word_1_204' title='bbox 551 1637 578 1670; x_wconf 91' lang='lat' dir='ltr'>T</span> <span class='ocrx_word' id='word_1_205' title='bbox 581 1648 750 1671; x_wconf 88' lang='lat' dir='ltr'>ornacum</span> <span class='ocrx_word' id='word_1_206' title='bbox 770 1636 815 1669; x_wconf 84' lang='lat' dir='ltr'>ad</span> <span class='ocrx_word' id='word_1_207' title='bbox 835 1636 952 1669; x_wconf 72' lang='lat' dir='ltr'>valens</span> <span class='ocrx_word' id='word_1_208' title='bbox 970 1635 1205 1668; x_wconf 86' lang='lat' dir='ltr'>ducentarum</span> <span class='ocrx_word' id='word_1_209' title='bbox 1225 1635 1464 1668; x_wconf 82' lang='lat' dir='ltr'>marcharum.</span> <span class='ocrx_word' id='word_1_210' title='bbox 1488 1635 1616 1668; x_wconf 81' lang='lat' dir='ltr'>Terrae</span> 
     </span>
     <span class='ocr_line' id='line_1_22' title="bbox 101 1692 1616 1742; baseline -0.003 -12"><span class='ocrx_word' id='word_1_211' title='bbox 101 1707 184 1730; x_wconf 83' lang='lat' dir='ltr'>vero</span> <span class='ocrx_word' id='word_1_212' title='bbox 203 1695 341 1730; x_wconf 87' lang='lat' dir='ltr'>Letardi</span> <span class='ocrx_word' id='word_1_213' title='bbox 361 1695 406 1729; x_wconf 91' lang='lat' dir='ltr'>de</span> <span class='ocrx_word' id='word_1_214' title='bbox 424 1696 569 1742; x_wconf 87' lang='lat' dir='ltr'>antiqua</span> <span class='ocrx_word' id='word_1_215' title='bbox 587 1694 804 1740; x_wconf 85' lang='lat' dir='ltr'>possessione</span> <span class='ocrx_word' id='word_1_216' title='bbox 823 1693 858 1727; x_wconf 90' lang='lat' dir='ltr'>S.</span> <span class='ocrx_word' id='word_1_217' title='bbox 881 1693 1043 1734; x_wconf 88' lang='lat' dir='ltr'>Quintini</span> <span class='ocrx_word' id='word_1_218' title='bbox 1063 1693 1227 1726; x_wconf 88' lang='lat' dir='ltr'>ecclesiae</span> <span class='ocrx_word' id='word_1_219' title='bbox 1239 1719 1247 1735; x_wconf 33' lang='grc' dir='ltr'><strong>Ἴ</strong></span> <span class='ocrx_word' id='word_1_220' title='bbox 1269 1704 1377 1738; x_wconf 87' lang='lat' dir='ltr'>quam</span> <span class='ocrx_word' id='word_1_221' title='bbox 1398 1704 1504 1738; x_wconf 83' lang='lat' dir='ltr'>supra</span> <span class='ocrx_word' id='word_1_222' title='bbox 1523 1692 1616 1726; x_wconf 80' lang='lat' dir='ltr'>dixi-</span> 
     </span>
     <span class='ocr_line' id='line_1_23' title="bbox 103 1751 1616 1800; baseline -0.004 -11"><span class='ocrx_word' id='word_1_223' title='bbox 103 1767 182 1789; x_wconf 93' lang='lat' dir='ltr'>mus</span> <span class='ocrx_word' id='word_1_224' title='bbox 199 1767 219 1789; x_wconf 89' lang='lat' dir='ltr'>a</span> <span class='ocrx_word' id='word_1_225' title='bbox 239 1755 382 1788; x_wconf 88' lang='lat' dir='ltr'>Fulcero</span> <span class='ocrx_word' id='word_1_226' title='bbox 400 1754 565 1800; x_wconf 87' lang='lat' dir='ltr'>episeopo</span> <span class='ocrx_word' id='word_1_227' title='bbox 587 1753 804 1788; x_wconf 86' lang='lat' dir='ltr'>destructam</span> <span class='ocrx_word' id='word_1_228' title='bbox 822 1753 947 1795; x_wconf 71' lang='lat' dir='ltr'>fuisse,</span> <span class='ocrx_word' id='word_1_229' title='bbox 968 1751 1138 1785; x_wconf 88' lang='lat' dir='ltr'>dicuntur</span> <span class='ocrx_word' id='word_1_230' title='bbox 1155 1763 1228 1784; x_wconf 88' lang='lat' dir='ltr'>esse</span> <span class='ocrx_word' id='word_1_231' title='bbox 1241 1778 1250 1793; x_wconf 62' lang='grc'><em>,</em></span> <span class='ocrx_word' id='word_1_232' title='bbox 1272 1751 1333 1785; x_wconf 89' lang='lat' dir='ltr'>sed</span> <span class='ocrx_word' id='word_1_233' title='bbox 1351 1758 1540 1797; x_wconf 86' lang='lat' dir='ltr'>postquam</span> <span class='ocrx_word' id='word_1_234' title='bbox 1559 1763 1616 1784; x_wconf 79' lang='lat' dir='ltr'>eas</span> 
     </span>
     <span class='ocr_line' id='line_1_24' title="bbox 102 1809 1615 1859; baseline -0.003 -12"><span class='ocrx_word' id='word_1_235' title='bbox 102 1813 197 1848; x_wconf 87' lang='lat' dir='ltr'>idem</span> <span class='ocrx_word' id='word_1_236' title='bbox 217 1813 403 1859; x_wconf 88' lang='lat' dir='ltr'>episcopus</span> <span class='ocrx_word' id='word_1_237' title='bbox 422 1812 592 1845; x_wconf 86' lang='lat' dir='ltr'>militibus</span> <span class='ocrx_word' id='word_1_238' title='bbox 614 1811 908 1845; x_wconf 74' lang='lat' dir='ltr'>Noviomensibus</span> <span class='ocrx_word' id='word_1_239' title='bbox 925 1809 1091 1852; x_wconf 73' lang='lat' dir='ltr'>tradidit,</span> <span class='ocrx_word' id='word_1_240' title='bbox 1111 1809 1159 1842; x_wconf 91' lang='lat' dir='ltr'>illi</span> <span class='ocrx_word' id='word_1_241' title='bbox 1178 1821 1249 1842; x_wconf 90' lang='lat' dir='ltr'>uon</span> <span class='ocrx_word' id='word_1_242' title='bbox 1269 1809 1421 1842; x_wconf 88' lang='lat' dir='ltr'>multum</span> <span class='ocrx_word' id='word_1_243' title='bbox 1441 1810 1615 1854; x_wconf 84' lang='lat' dir='ltr'>proficuas</span> 
     </span>
     <span class='ocr_line' id='line_1_25' title="bbox 102 1867 1615 1914; baseline -0.004 -8"><span class='ocrx_word' id='word_1_244' title='bbox 102 1872 168 1906; x_wconf 89' lang='lat' dir='ltr'>sibi</span> <span class='ocrx_word' id='word_1_245' title='bbox 194 1872 269 1906; x_wconf 85' lang='lat' dir='ltr'>fore</span> <span class='ocrx_word' id='word_1_246' title='bbox 294 1877 497 1913; x_wconf 49' lang='lat' dir='ltr'>cernentes2</span> <span class='ocrx_word' id='word_1_247' title='bbox 525 1870 806 1904; x_wconf 86' lang='lat' dir='ltr'>Tornacensibus</span> <span class='ocrx_word' id='word_1_248' title='bbox 831 1869 965 1903; x_wconf 89' lang='lat' dir='ltr'>civibus</span> <span class='ocrx_word' id='word_1_249' title='bbox 988 1867 1241 1909; x_wconf 62' lang='lat' dir='ltr'>vendiderunt„</span> <span class='ocrx_word' id='word_1_250' title='bbox 1270 1867 1413 1914; x_wconf 88' lang='lat' dir='ltr'>aliquod</span> <span class='ocrx_word' id='word_1_251' title='bbox 1437 1867 1615 1901; x_wconf 84' lang='lat' dir='ltr'>redditum</span> 
     </span>
     <span class='ocr_line' id='line_1_26' title="bbox 104 1925 1617 1976; baseline -0.004 -11"><span class='ocrx_word' id='word_1_252' title='bbox 104 1930 186 1965; x_wconf 89' lang='lat' dir='ltr'>inde</span> <span class='ocrx_word' id='word_1_253' title='bbox 201 1931 423 1976; x_wconf 85' lang='lat' dir='ltr'>accipientes.</span> <span class='ocrx_word' id='word_1_254' title='bbox 439 1930 505 1963; x_wconf 90' lang='lat' dir='ltr'>Has</span> <span class='ocrx_word' id='word_1_255' title='bbox 520 1936 638 1963; x_wconf 87' lang='lat' dir='ltr'>autem</span> <span class='ocrx_word' id='word_1_256' title='bbox 653 1941 740 1975; x_wconf 87' lang='lat' dir='ltr'>quas</span> <span class='ocrx_word' id='word_1_257' title='bbox 755 1927 926 1962; x_wconf 86' lang='lat' dir='ltr'>Letardus</span> <span class='ocrx_word' id='word_1_258' title='bbox 939 1926 1055 1969; x_wconf 55' lang='lat' dir='ltr'>dediu</span> <span class='ocrx_word' id='word_1_259' title='bbox 1072 1926 1116 1960; x_wconf 90' lang='lat' dir='ltr'>de</span> <span class='ocrx_word' id='word_1_260' title='bbox 1131 1927 1296 1972; x_wconf 86' lang='lat' dir='ltr'>episcopo</span> <span class='ocrx_word' id='word_1_261' title='bbox 1309 1933 1470 1959; x_wconf 84' lang='lat' dir='ltr'>tenemus</span> <span class='ocrx_word' id='word_1_262' title='bbox 1481 1925 1525 1959; x_wconf 86' lang='lat' dir='ltr'>ad</span> <span class='ocrx_word' id='word_1_263' title='bbox 1540 1938 1617 1960; x_wconf 92' lang='lat' dir='ltr'>een-</span> 
     </span>
     <span class='ocr_line' id='line_1_27' title="bbox 103 1984 1617 2037; baseline -0.004 -14"><span class='ocrx_word' id='word_1_264' title='bbox 103 2001 182 2023; x_wconf 92' lang='lat' dir='ltr'>sum</span> <span class='ocrx_word' id='word_1_265' title='bbox 205 1989 329 2037; x_wconf 78' lang='lat' dir='ltr'>viginti</span> <span class='ocrx_word' id='word_1_266' title='bbox 348 1987 504 2022; x_wconf 90' lang='lat' dir='ltr'>duorum</span> <span class='ocrx_word' id='word_1_267' title='bbox 526 1987 734 2021; x_wconf 91' lang='lat' dir='ltr'>solidorum.</span> <span class='ocrx_word' id='word_1_268' title='bbox 757 1986 891 2020; x_wconf 90' lang='lat' dir='ltr'>Deinde</span> <span class='ocrx_word' id='word_1_269' title='bbox 910 1984 1119 2031; x_wconf 88' lang='lat' dir='ltr'>Radulphus</span> <span class='ocrx_word' id='word_1_270' title='bbox 1137 1991 1291 2031; x_wconf 88' lang='lat' dir='ltr'>quatuor</span> <span class='ocrx_word' id='word_1_271' title='bbox 1309 1984 1450 2018; x_wconf 70' lang='lat' dir='ltr'>curtes2</span> <span class='ocrx_word' id='word_1_272' title='bbox 1469 1985 1504 2017; x_wconf 93' lang='lat' dir='ltr'>in</span> <span class='ocrx_word' id='word_1_273' title='bbox 1526 1997 1617 2031; x_wconf 79' lang='lat' dir='ltr'>pago</span> 
     </span>
     <span class='ocr_line' id='line_1_28' title="bbox 104 2044 1615 2092; baseline -0.003 -11"><span class='ocrx_word' id='word_1_274' title='bbox 104 2047 315 2081; x_wconf 87' lang='lat' dir='ltr'>Tornacensi</span> <span class='ocrx_word' id='word_1_275' title='bbox 336 2047 429 2080; x_wconf 80' lang='lat' dir='ltr'>infra</span> <span class='ocrx_word' id='word_1_276' title='bbox 445 2059 557 2080; x_wconf 90' lang='lat' dir='ltr'>unum</span> <span class='ocrx_word' id='word_1_277' title='bbox 577 2058 668 2092; x_wconf 87' lang='lat' dir='ltr'>pene</span> <span class='ocrx_word' id='word_1_278' title='bbox 687 2045 888 2078; x_wconf 86' lang='lat' dir='ltr'>milliarium</span> <span class='ocrx_word' id='word_1_279' title='bbox 906 2056 1017 2090; x_wconf 91' lang='lat' dir='ltr'>prope</span> <span class='ocrx_word' id='word_1_280' title='bbox 1035 2044 1215 2077; x_wconf 87' lang='lat' dir='ltr'>eeclesiam</span> <span class='ocrx_word' id='word_1_281' title='bbox 1235 2044 1442 2085; x_wconf 54' lang='lat' dir='ltr'>construxit„</span> <span class='ocrx_word' id='word_1_282' title='bbox 1464 2056 1615 2089; x_wconf 86' lang='lat' dir='ltr'>quarum</span> 
     </span>
     <span class='ocr_line' id='line_1_29' title="bbox 101 2101 1617 2152; baseline -0.003 -13"><span class='ocrx_word' id='word_1_283' title='bbox 101 2106 216 2152; x_wconf 84' lang='lat' dir='ltr'>prima</span> <span class='ocrx_word' id='word_1_284' title='bbox 229 2104 567 2147; x_wconf 54' lang='lat' dir='ltr'>dicituerarnavia5</span> <span class='ocrx_word' id='word_1_285' title='bbox 584 2103 739 2138; x_wconf 86' lang='lat' dir='ltr'>secunda</span> <span class='ocrx_word' id='word_1_286' title='bbox 752 2103 987 2148; x_wconf 58' lang='lat' dir='ltr'>Duciolpetra7</span> <span class='ocrx_word' id='word_1_287' title='bbox 1005 2102 1106 2135; x_wconf 90' lang='lat' dir='ltr'>tertia</span> <span class='ocrx_word' id='word_1_288' title='bbox 1116 2102 1235 2150; x_wconf 75' lang='lat' dir='ltr'>Longa</span> <span class='ocrx_word' id='word_1_289' title='bbox 1246 2101 1373 2144; x_wconf 71' lang='lat' dir='ltr'>Kalix⁵7</span> <span class='ocrx_word' id='word_1_290' title='bbox 1395 2108 1519 2147; x_wconf 89' lang='lat' dir='ltr'>quarta</span> <span class='ocrx_word' id='word_1_291' title='bbox 1531 2102 1617 2134; x_wconf 90' lang='lat' dir='ltr'>Tin—</span> 
     </span>
     <span class='ocr_line' id='line_1_30' title="bbox 103 2160 1616 2209; baseline -0.003 -12"><span class='ocrx_word' id='word_1_292' title='bbox 103 2163 225 2197; x_wconf 86' lang='lat' dir='ltr'>tenias.</span> <span class='ocrx_word' id='word_1_293' title='bbox 244 2163 283 2196; x_wconf 90' lang='lat' dir='ltr'>In</span> <span class='ocrx_word' id='word_1_294' title='bbox 298 2163 353 2197; x_wconf 91' lang='lat' dir='ltr'>his</span> <span class='ocrx_word' id='word_1_295' title='bbox 366 2169 520 2209; x_wconf 89' lang='lat' dir='ltr'>quatuor</span> <span class='ocrx_word' id='word_1_296' title='bbox 538 2162 704 2196; x_wconf 88' lang='lat' dir='ltr'>domibus</span> <span class='ocrx_word' id='word_1_297' title='bbox 722 2162 766 2207; x_wconf 80' lang='lat' dir='ltr'>xij</span> <span class='ocrx_word' id='word_1_298' title='bbox 787 2161 976 2209; x_wconf 78' lang='lat' dir='ltr'>quadrigas</span> <span class='ocrx_word' id='word_1_299' title='bbox 994 2161 1112 2206; x_wconf 88' lang='lat' dir='ltr'>posuit</span> <span class='ocrx_word' id='word_1_300' title='bbox 1124 2187 1132 2203; x_wconf 68' lang='lat' dir='ltr'>a</span> <span class='ocrx_word' id='word_1_301' title='bbox 1151 2167 1354 2206; x_wconf 79' lang='lat' dir='ltr'>terramque</span> <span class='ocrx_word' id='word_1_302' title='bbox 1373 2161 1420 2193; x_wconf 91' lang='lat' dir='ltr'>eis</span> <span class='ocrx_word' id='word_1_303' title='bbox 1439 2160 1616 2193; x_wconf 85' lang='lat' dir='ltr'>sufficien—</span> 
     </span>
     <span class='ocr_line' id='line_1_31' title="bbox 102 2218 1613 2267; baseline -0.002 -13"><span class='ocrx_word' id='word_1_304' title='bbox 102 2227 174 2254; x_wconf 87' lang='lat' dir='ltr'>tem</span> <span class='ocrx_word' id='word_1_305' title='bbox 189 2221 385 2267; x_wconf 79' lang='lat' dir='ltr'>acquisivit.</span> <span class='ocrx_word' id='word_1_306' title='bbox 404 2220 574 2261; x_wconf 85' lang='lat' dir='ltr'>Quintam</span> <span class='ocrx_word' id='word_1_307' title='bbox 594 2226 712 2253; x_wconf 89' lang='lat' dir='ltr'>autem</span> <span class='ocrx_word' id='word_1_308' title='bbox 730 2226 867 2253; x_wconf 86' lang='lat' dir='ltr'>curtem</span> <span class='ocrx_word' id='word_1_309' title='bbox 883 2219 974 2252; x_wconf 88' lang='lat' dir='ltr'>inter</span> <span class='ocrx_word' id='word_1_310' title='bbox 990 2218 1122 2252; x_wconf 62' lang='lat' dir='ltr'>xamen</span> <span class='ocrx_word' id='word_1_311' title='bbox 1137 2225 1172 2252; x_wconf 87' lang='lat' dir='ltr'>et</span> <span class='ocrx_word' id='word_1_312' title='bbox 1187 2218 1431 2264; x_wconf 87' lang='lat' dir='ltr'>Templovium</span> <span class='ocrx_word' id='word_1_313' title='bbox 1447 2218 1482 2251; x_wconf 92' lang='lat' dir='ltr'>in</span> <span class='ocrx_word' id='word_1_314' title='bbox 1502 2224 1594 2252; x_wconf 84' lang='lat' dir='ltr'>terra</span> <span class='ocrx_word' id='word_1_315' title='bbox 1606 2246 1613 2251; x_wconf 91' lang='lat'><em>.</em></span> 
     </span>
     <span class='ocr_line' id='line_1_32' title="bbox 104 2277 1613 2327; baseline -0.002 -14"><span class='ocrx_word' id='word_1_316' title='bbox 104 2292 212 2327; x_wconf 88' lang='lat' dir='ltr'>quam</span> <span class='ocrx_word' id='word_1_317' title='bbox 231 2291 251 2313; x_wconf 93' lang='lat' dir='ltr'>a</span> <span class='ocrx_word' id='word_1_318' title='bbox 265 2279 393 2313; x_wconf 87' lang='lat' dir='ltr'>comite</span> <span class='ocrx_word' id='word_1_319' title='bbox 407 2279 562 2312; x_wconf 85' lang='lat' dir='ltr'>Roberto</span> <span class='ocrx_word' id='word_1_320' title='bbox 581 2290 645 2324; x_wconf 90' lang='lat' dir='ltr'>pro</span> <span class='ocrx_word' id='word_1_321' title='bbox 659 2290 752 2324; x_wconf 90' lang='lat' dir='ltr'>equo</span> <span class='ocrx_word' id='word_1_322' title='bbox 770 2290 834 2312; x_wconf 90' lang='lat' dir='ltr'>suo</span> <span class='ocrx_word' id='word_1_323' title='bbox 853 2278 1016 2312; x_wconf 86' lang='lat' dir='ltr'>ecclesiae</span> <span class='ocrx_word' id='word_1_324' title='bbox 1030 2277 1105 2311; x_wconf 85' lang='lat' dir='ltr'>dari</span> <span class='ocrx_word' id='word_1_325' title='bbox 1125 2277 1392 2323; x_wconf 55' lang='lat' dir='ltr'>impetraverat7</span> <span class='ocrx_word' id='word_1_326' title='bbox 1414 2277 1613 2311; x_wconf 86' lang='lat' dir='ltr'>constituit.</span> 
     </span>
     <span class='ocr_line' id='line_1_33' title="bbox 102 2333 1617 2384; baseline -0.003 -12"><span class='ocrx_word' id='word_1_327' title='bbox 102 2344 138 2372; x_wconf 89' lang='lat' dir='ltr'>et</span> <span class='ocrx_word' id='word_1_328' title='bbox 160 2338 196 2371; x_wconf 88' lang='lat' dir='ltr'>in</span> <span class='ocrx_word' id='word_1_329' title='bbox 222 2349 279 2371; x_wconf 87' lang='lat' dir='ltr'>eas</span> <span class='ocrx_word' id='word_1_330' title='bbox 305 2343 460 2383; x_wconf 87' lang='lat' dir='ltr'>quatuor</span> <span class='ocrx_word' id='word_1_331' title='bbox 486 2335 676 2384; x_wconf 75' lang='lat' dir='ltr'>quadrigas</span> <span class='ocrx_word' id='word_1_332' title='bbox 702 2336 832 2381; x_wconf 85' lang='lat' dir='ltr'>posuit.</span> <span class='ocrx_word' id='word_1_333' title='bbox 861 2335 1000 2369; x_wconf 79' lang='lat' dir='ltr'>Sextam</span> <span class='ocrx_word' id='word_1_334' title='bbox 1024 2334 1120 2381; x_wconf 88' lang='lat' dir='ltr'>apud</span> <span class='ocrx_word' id='word_1_335' title='bbox 1151 2334 1300 2380; x_wconf 77' lang='lat' dir='ltr'>Canfem</span> <span class='ocrx_word' id='word_1_336' title='bbox 1318 2333 1331 2354; x_wconf 75' lang='lat'>⁴</span> <span class='ocrx_word' id='word_1_337' title='bbox 1356 2334 1443 2368; x_wconf 86' lang='lat' dir='ltr'>duas</span> <span class='ocrx_word' id='word_1_338' title='bbox 1469 2335 1617 2381; x_wconf 88' lang='lat' dir='ltr'>quadri-</span> 
     </span>
    </p>
   </div>
   <div class='ocr_carea' id='block_1_3' title="bbox 103 2415 1619 2555">
    <p class='ocr_par' dir='ltr' id='par_1_3' title="bbox 103 2415 1619 2555">
     <span class='ocr_line' id='line_1_34' title="bbox 142 2415 1619 2460; baseline -0.003 -8"><span class='ocrx_word' id='word_1_339' title='bbox 142 2426 151 2443; x_wconf 86' lang='lat'><strong>¹</strong></span> <span class='ocrx_word' id='word_1_340' title='bbox 174 2425 289 2457; x_wconf 79' lang='lat' dir='ltr'>Herim.‚</span> <span class='ocrx_word' id='word_1_341' title='bbox 307 2425 318 2460; x_wconf 63' lang='lat' dir='ltr'>S</span> <span class='ocrx_word' id='word_1_342' title='bbox 334 2424 380 2457; x_wconf 60' lang='lat'>717</span> <span class='ocrx_word' id='word_1_343' title='bbox 394 2434 456 2460; x_wconf 79' lang='lat' dir='ltr'>pag.</span> <span class='ocrx_word' id='word_1_344' title='bbox 470 2423 534 2450; x_wconf 81' lang='lat'>911.</span> <span class='ocrx_word' id='word_1_345' title='bbox 661 2415 664 2419; x_wconf 48' lang='lat'>&#39;</span> <span class='ocrx_word' id='word_1_346' title='bbox 922 2423 934 2441; x_wconf 86' lang='lat'>3</span> <span class='ocrx_word' id='word_1_347' title='bbox 956 2423 1040 2449; x_wconf 85' lang='lat' dir='ltr'>Hodie</span> <span class='ocrx_word' id='word_1_348' title='bbox 1055 2423 1144 2449; x_wconf 83' lang='lat' dir='ltr'>Ferme</span> <span class='ocrx_word' id='word_1_349' title='bbox 1157 2422 1200 2448; x_wconf 82' lang='lat' dir='ltr'>del</span> <span class='ocrx_word' id='word_1_350' title='bbox 1212 2422 1306 2458; x_wconf 74' lang='lat' dir='ltr'>lotique</span> <span class='ocrx_word' id='word_1_351' title='bbox 1320 2421 1421 2454; x_wconf 69' lang='lat' dir='ltr'>Sanla:‚</span> <span class='ocrx_word' id='word_1_352' title='bbox 1439 2431 1524 2458; x_wconf 85' lang='lat' dir='ltr'>prope</span> <span class='ocrx_word' id='word_1_353' title='bbox 1540 2422 1619 2448; x_wconf 81' lang='lat' dir='ltr'>Fras-</span> 
     </span>
     <span class='ocr_line' id='line_1_35' title="bbox 141 2469 1147 2506; baseline -0.003 -8"><span class='ocrx_word' id='word_1_354' title='bbox 141 2471 154 2490; x_wconf 83' lang='lat'>2</span> <span class='ocrx_word' id='word_1_355' title='bbox 173 2471 276 2499; x_wconf 70' lang='lat' dir='ltr'>Hei-im.</span> <span class='ocrx_word' id='word_1_356' title='bbox 298 2471 381 2497; x_wconf 86' lang='lat' dir='ltr'>habet</span> <span class='ocrx_word' id='word_1_357' title='bbox 397 2481 403 2497; x_wconf 89' lang='lat'>:</span> <span class='ocrx_word' id='word_1_358' title='bbox 423 2470 543 2506; x_wconf 69' lang='lat' dir='ltr'>Quacum</span> <span class='ocrx_word' id='word_1_359' title='bbox 559 2470 646 2496; x_wconf 76' lang='lat' dir='ltr'>domos</span> <span class='ocrx_word' id='word_1_360' title='bbox 661 2471 713 2496; x_wconf 73' lang='lat' dir='ltr'>sive</span> <span class='ocrx_word' id='word_1_361' title='bbox 725 2471 837 2496; x_wconf 73' lang='lat' dir='ltr'>mansio·</span> <span class='ocrx_word' id='word_1_362' title='bbox 887 2469 1147 2496; x_wconf 82' lang='lat' dir='ltr'>nes-lez-Buissenat.</span> 
     </span>
     <span class='ocr_line' id='line_1_36' title="bbox 103 2513 1391 2555; baseline -0.005 -10"><span class='ocrx_word' id='word_1_363' title='bbox 103 2528 149 2546; x_wconf 74' lang='lat' dir='ltr'>nes</span> <span class='ocrx_word' id='word_1_364' title='bbox 163 2528 229 2555; x_wconf 81' lang='lat' dir='ltr'>quas</span> <span class='ocrx_word' id='word_1_365' title='bbox 245 2518 350 2544; x_wconf 73' lang='lat' dir='ltr'>abusive</span> <span class='ocrx_word' id='word_1_366' title='bbox 361 2522 454 2543; x_wconf 81' lang='lat' dir='ltr'>curtes</span> <span class='ocrx_word' id='word_1_367' title='bbox 464 2527 595 2543; x_wconf 78' lang='lat' dir='ltr'>vocamus.</span> <span class='ocrx_word' id='word_1_368' title='bbox 927 2515 938 2534; x_wconf 73' lang='lat'><strong>4</strong></span> <span class='ocrx_word' id='word_1_369' title='bbox 960 2515 1060 2547; x_wconf 79' lang='lat' dir='ltr'>Hodie,</span> <span class='ocrx_word' id='word_1_370' title='bbox 1077 2514 1182 2550; x_wconf 78' lang='lat' dir='ltr'>Cnnuf,</span> <span class='ocrx_word' id='word_1_371' title='bbox 1196 2514 1238 2540; x_wconf 84' lang='lat' dir='ltr'>vel</span> <span class='ocrx_word' id='word_1_372' title='bbox 1251 2513 1391 2549; x_wconf 85' lang='lat' dir='ltr'>Cainphin.</span> 
     </span>
    </p>
   </div>
  </div>
 </body>
</html>
