2137 3131
454 367 528 415 36ss
797 363 972 399 CORPUS
999 360 1330 397 CHRONICORUM
1357 361 1621 396 FLANDRIAE.

872 472 959 504 Haec
977 470 1100 504 audire
1119 475 1193 503 erat
1212 469 1323 514 pium.

869 529 949 562 Sani
970 540 1032 573 pro
1052 528 1120 561 hoc
1139 527 1369 570 dubitabant?

868 587 909 619 Et
929 585 972 619 de
993 592 1106 619 morte
1126 586 1342 618 metuebant.

778 644 844 679 155
871 645 963 678 Citra
983 651 1017 677 et
1035 644 1128 677 ultra
1146 642 1296 677 fluvium
1310 670 1317 676 .

869 704 1040 737 Rumores
1058 709 1158 736 erant
1177 702 1328 735 nimium

868 763 908 796 In
927 762 1094 796 omnibus
1111 761 1328 808 parrochiisg

871 823 918 855 De
936 834 972 855 se
991 828 1026 855 et
1044 821 1165 855 amicis
1184 821 1256 853 suis

869 880 1119 927 Unusquisque
1138 878 1371 926 loquebatur.

777 939 842 973 160
870 940 910 973 Et
929 939 974 973 de
992 946 1109 973 morte
1127 938 1319 972 fatebatur.

868 999 1042 1033 Horribile
1057 1005 1110 1032 est
1126 998 1249 1031 audire
1259 1024 1267 1033 .

869 1058 1079 1092 Horribilius
1098 1057 1217 1091 videre

871 1118 948 1151 Fuit
967 1116 1116 1150 modum
1135 1114 1327 1157 moriendi7

870 1176 997 1210 Causas
1015 1187 1159 1222 quoque
1177 1173 1371 1208 decedendi
1386 1200 1395 1212 ,

781 1234 846 1269 165
873 1235 953 1268 Illos
972 1235 1033 1281 qui
1052 1234 1344 1267 infirmabantur.

875 1296 988 1340 Atque
1007 1294 1069 1340 qui
1090 1293 1335 1326 moriebantur

875 1351 1042 1393 Quotidie
1060 1358 1095 1385 et
1111 1358 1184 1384 tani
1205 1351 1275 1384 cito
1287 1377 1295 1392 ·.

876 1410 982 1444 Omni
1001 1410 1089 1443 hora
1107 1415 1142 1442 et
1159 1409 1291 1442 subito.

876 1469 975 1503 Certe
994 1469 1130 1501 bonum
1150 1467 1215 1500 erit
1233 1466 1322 1500 scire

786 1528 851 1563 170
881 1529 1017 1562 Futuris
1036 1534 1142 1574 atque
1161 1526 1301 1564 audire¹¹

875 1588 920 1621 Ut
938 1599 1002 1633 pro
1021 1586 1104 1631 ipsis
1122 1584 1359 1630 deprecentur

877 1647 918 1679 Et
937 1645 981 1679 de
1000 1651 1114 1678 morte
1132 1643 1365 1677 meditentur.

874 1705 997 1739 Nullus
1015 1702 1139 1737 evadet
1155 1701 1199 1735 de
1218 1707 1331 1734 morte
1344 1728 1352 1743 -,

874 1764 1010 1798 Idcirco
1027 1775 1092 1811 ego
1110 1773 1236 1808 precor
1254 1768 1287 1794 tc
1301 1788 1309 1800 „

782 1823 848 1858 175
876 1823 920 1856 Ut
939 1821 983 1856 de
1002 1827 1114 1854 morte
1134 1818 1329 1854 recorderis
1342 1845 1351 1860 ⁷

877 1881 968 1921 Quia
987 1886 1021 1914 et
1038 1887 1079 1913 tu
1096 1879 1269 1912 morieris.

874 1939 1005 1974 Mortui
1025 1943 1108 1972 sunt
1125 1937 1315 1971 morientes

876 1999 1004 2033 Sensus
1023 1997 1170 2031 devotos
1189 1996 1378 2035 habentes‘7

875 2057 1030 2092 Confessi
1048 2063 1154 2102 atque
1173 2054 1311 2095 devoti„

784 2116 850 2151 130
877 2116 1101 2150 poenitentes
1119 2120 1154 2147 et
1172 2112 1331 2147 contriti.

878 2175 1052 2209 Habentes
1072 2171 1360 2207 communionem

880 2233 921 2266 Et
939 2239 1130 2266 extremam
1148 2229 1352 2264 unctionem
1367 2226 1374 2259 !

926 2353 1032 2387 Pauci
1053 2358 1115 2386 aut
1134 2351 1220 2385 nulli
1240 2352 1386 2384 fuerunt

879 2411 949 2453 Qui
968 2418 1062 2445 certe
1081 2423 1152 2444 non
1172 2410 1377 2443 habuerunt

786 2470 853 2505 185
881 2470 1105 2504 Sacramenta
1125 2481 1187 2502 sua
1205 2474 1298 2510 tota3
