2137 3131
439 401 508 437 810
1046 392 1332 447 APPENDICES.

442 520 489 537 nos
500 512 535 537 ob
548 515 684 535 aeternam
698 507 782 532 nostri
796 510 1009 537 nostrorumque
1021 501 1135 528 salutem
1149 500 1280 527 allodium
1293 505 1418 526 nostrum
1431 500 1504 536 apud
1520 500 1712 537 Eversenqhem
1725 500 1858 528 fratribus
1869 510 1899 528 ac
1915 510 1959 527 so-

442 559 550 585 roribus
562 554 709 583 Ninivensis
720 553 848 580 ecclcsiae
860 552 885 577 in
897 555 1058 586 perpetuam
1073 549 1271 583 eleemosynam
1280 548 1456 581 contulimus,
1468 553 1501 574 ut
1511 557 1606 575 eorum
1618 548 1704 583 adjuti
1714 548 1886 575 orationibus
1898 553 1959 584 post

443 606 524 639 liujus
541 605 610 629 vitae
627 601 771 627 {erminum
785 600 811 625 iu
826 603 936 624 aeterna
951 595 1128 623 tabernacula
1141 595 1227 630 recipi
1241 603 1410 629 mereamur3
1431 595 1483 621 hoc
1496 600 1588 622 autem
1600 595 1702 622 donum
1715 605 1767 632 ego
1784 595 1915 632 Aegidius
1931 596 1957 621 in

444 652 537 682 terris,
556 648 703 678 mansuris,
726 647 812 682 pratis
822 666 828 677 ‚
843 644 926 680 sylvis
937 665 943 676 ‚
960 643 1110 679 piscatione
1122 647 1149 668 et
1163 641 1325 677 paludibus,
1347 646 1375 668 et
1389 642 1442 668 alio
1455 642 1653 677 quolibetjure
1669 643 1744 678 quod
1758 642 1823 669 inibi
1838 642 1959 668 habeba-

443 708 512 728 mus,
528 695 656 723 ecclcsiae
671 693 807 719 Ninivnnsi
818 692 975 727 acquietare
988 695 1083 716 teneor
1096 699 1127 715 ac
1142 689 1302 715 warandire.
1320 689 1384 714 Nam
1398 689 1465 715 nihil
1476 690 1668 724 omniuojuris
1679 690 1705 715 in
1720 688 1844 725 praefato
1859 689 1959 715 allodio

445 744 543 770 retinui
555 763 560 768 .
580 745 693 776 excepto
706 740 756 766 hoc
769 739 843 774 quod
857 739 883 764 in
904 747 936 763 eo
949 737 1098 763 advocatus
1112 745 1160 761 ero
1175 741 1203 762 et
1222 735 1351 762 defensor
1365 741 1461 762 contra
1475 745 1569 762 omnes
1584 737 1631 772 qui
1649 737 1683 763 de
1697 736 1748 763 hoc
1762 736 1862 763 allodio
1874 735 1961 762 eccle-

442 793 506 817 siam
518 789 671 824 inquietare
683 785 927 822 praesumpserint.
938 785 974 811 Ut
983 784 1035 810 hoc
1046 788 1137 809 autem
1146 784 1247 809 donum
1256 783 1364 809 firmum
1374 788 1401 809 et
1410 783 1508 809 stabile
1516 789 1686 819 perseveret,
1699 783 1798 810 idoneo
1806 783 1962 810 testimonio

442 838 542 872 scripto
562 841 589 861 et
609 834 760 871 sigillorum
779 837 937 859 nostrorum
958 831 1128 866 appositione
1145 830 1308 856 confirmare
1330 830 1496 856 curavimus.
1518 830 1548 856 S.
1568 830 1708 856 wilhelmi
1727 830 1761 857 de
1782 830 1959 866 Ledeberga3

444 885 471 909 S.
486 882 594 910 Reineri
607 881 640 907 de
655 881 762 915 Herna5
782 879 810 906 S.
827 879 924 914 Impini
941 878 975 904 de
993 877 1106 914 Otinga3
1123 877 1151 904 S.
1171 877 1287 903 walteri
1301 876 1402 913 Runq5
1418 876 1446 903 S.
1461 877 1567 913 Aegidii
1580 877 1614 903 de
1627 877 1747 904 Gasbeca
1760 888 1767 912 3
1783 877 1811 904 S.
1828 877 1921 903 Alardi
1934 882 1962 903 et

443 930 600 965 Stepponi8‚
613 927 805 954 canonicorum
820 935 850 952 ac
861 925 1043 952 sacerdotum.
1058 925 1154 951 Actum
1168 923 1241 960 apud
1253 923 1387 950 Pamelam
1401 933 1472 950 anno
1487 924 1618 951 MCXCVI
1631 945 1638 957 ,
1653 933 1746 951 mense
1759 924 1883 952 Octobri.

1260 990 1369 1022 Original
1378 1008 1385 1019 ,
1400 990 1421 1014 le
1437 998 1507 1015 sceau
1519 991 1547 1014 de
1561 990 1632 1015 Gilles
1642 1009 1647 1014 .
1660 999 1689 1014 en
1705 991 1752 1015 cire
1761 991 1836 1015 brune
1845 1009 1851 1015 .
1864 996 1898 1014 est
1914 991 1963 1014 seul

1280 1033 1404 1057 conserve.

1179 1123 1243 1133 ll

1133 1302 1256 1337 LXXV
1263 1330 1270 1336 .

495 1401 688 1434 Bmulouz'n
708 1399 765 1434 IX
771 1427 781 1441 ,
801 1406 908 1434 comio
931 1399 973 1433 de
995 1399 1153 1434 Flandre
1174 1405 1208 1433 et
1227 1400 1268 1434 de
1286 1399 1474 1441 Haz'wmut,
1501 1398 1668 1444 confiwne
1692 1399 1725 1433 ἰα
1744 1400 1914 1434 domnion

984 1457 1201 1505 pre'ce'clente.
1221 1478 1269 1483 --
1282 1457 1421 1492 Nmovt.

1058 1663 1074 1685 A
1088 1659 1248 1693 Roncquieres
1255 1679 1261 1686 .
1276 1661 1348 1685 1197.

489 1755 518 1780 In
531 1754 637 1779 nomine
653 1753 740 1779 Patris
755 1758 782 1779 et
792 1752 853 1778 Filii
866 1757 894 1778 et
905 1752 1024 1788 Spiritus
1036 1752 1138 1779 Sancti.
1150 1752 1207 1787 Ego
1219 1750 1369 1777 Balduinus
1378 1772 1385 1783 ‚
1405 1759 1495 1777 comes
1508 1749 1652 1777 Flandriae
1667 1755 1695 1777 et
1708 1750 1852 1784 Hainoiae,
1866 1756 1962 1778 notum

447 1802 506 1828 fieri
520 1801 582 1827 volo
597 1806 650 1826 tam
664 1799 766 1826 futuris
783 1809 866 1835 quam
879 1799 1081 1834 praesentibus,
1098 1798 1173 1834 quod
1186 1798 1286 1825 nobilis
1296 1798 1394 1824 mulier
1409 1797 1573 1834 Magtheldis
1584 1797 1618 1824 de
1629 1797 1730 1824 allodio
1746 1797 1822 1824 dedit
1834 1798 1964 1826 ecelesiae

448 1848 583 1875 Ninivensi
595 1849 622 1874 in
635 1848 833 1883 eleemosynam
844 1857 894 1883 per
901 1857 1009 1873 manum
1020 1856 1108 1873 meam
1121 1852 1148 1873 et
1160 1856 1301 1873 assensum
1314 1855 1414 1878 meum⁷
1428 1850 1455 1871 et
1463 1855 1576 1872 assensu
1588 1846 1669 1872 etiam
1678 1845 1828 1872 liberorum
1837 1855 1961 1879 suorum,

448 1896 576 1922 allodium
590 1905 668 1921 suum
681 1916 688 1927 ,
701 1895 775 1930 quod
789 1894 891 1920 dicitur
904 1894 1098 1931 Eversenqlzem
1108 1899 1136 1920 et
1145 1894 1220 1928 jacet
1231 1894 1258 1919 in
1272 1892 1403 1929 parochia
1416 1892 1450 1918 de
1463 1892 1622 1929 Okenqlzem‚
1635 1893 1841 1929 vigintiscilicet
1853 1893 1966 1920 bonaria

448 1943 490 1969 vel
504 1952 536 1969 eo
546 1943 654 1968 circiter
664 1943 691 1968 in
705 1942 786 1968 terris
797 1962 804 1971 ,
822 1942 909 1977 pratis
919 1947 946 1967 et
958 1941 1109 1973 mansuris,
1125 1950 1187 1967 cum
1202 1940 1351 1976 piscatione
1366 1939 1400 1966 ad
1415 1939 1485 1966 idem
1500 1939 1629 1966 allodium
1643 1940 1810 1975 pertinente.
1825 1941 1861 1967 Ut
1872 1946 1964 1968 autem

448 1990 530 2024 hujus
546 1989 699 2015 donationis
716 1988 888 2024 eleemosyna
906 1989 985 2015 firma
997 1994 1024 2015 et
1039 1989 1200 2015 inconcussa
1213 1992 1349 2023 perpetuo
1362 1991 1537 2022 permaneat,
1557 1991 1730 2022 praesentem
1745 1987 1872 2023 paginam
1884 1988 1966 2024 sigilli

451 2038 501 2063 mei
518 2036 687 2072 appositione
702 2035 754 2062 feci
775 2035 947 2063 confirmari.
969 2040 996 2062 et
1015 2035 1156 2062 hominum
1175 2044 1297 2061 meorum
1313 2034 1489 2060 attestatione
1508 2033 1645 2060 roborari.
1665 2034 1779 2070 Signum
1797 2033 1911 2062 Gerardi
1930 2036 1964 2063 de

450 2084 615 2119 Grimbergis
627 2088 654 2110 et
668 2082 781 2109 Arnoldi
794 2082 888 2109 fratris
900 2083 942 2108 sui
953 2093 959 2117 ς
972 2082 1000 2109 S.
1011 2083 1174 2109 Theoderici
1188 2082 1222 2108 de
1236 2081 1358 2108 Beverna
1369 2091 1376 2115 ;
1392 2080 1421 2107 S.
1432 2080 1548 2107 Walteri
1560 2073 1595 2107 de
1608 2079 1784 2118 Sathenqhem
1796 2093 1805 2112 ‚·
1816 2083 1845 2110 S,
1861 2082 1966 2120 Aegidifi

451 2132 483 2157 de
500 2131 627 2161 Trasnis;
641 2130 669 2157 S.
685 2129 834 2166 lngelberti
849 2129 882 2156 de
898 2129 1070 2166 Adenqlzem5
1083 2130 1112 2157 S.
1127 2129 1258 2156 Ghiselini
1271 2129 1305 2156 de
1318 2129 1405 2155 Lilar.
1417 2128 1515 2155 Actum
1528 2137 1600 2154 anno
1609 2128 1760 2155 dominicae
1772 2130 1966 2158 incarnationis

452 2177 608 2210 MCXCVII,
626 2178 722 2213 quinto
737 2177 798 2203 idus
814 2176 971 2204 Februarii.
989 2177 1061 2213 apud
1078 2177 1219 2204 Runkiris.

1405 2242 1513 2274 Original
1522 2261 1529 2271 ,
1541 2249 1609 2267 sceau
1621 2250 1650 2267 en
1662 2243 1709 2267 cire
1719 2247 1791 2267 verte.
