2118 3184
521 411 750 446 CHRONICA
779 412 947 446 AEGIDII
976 412 1017 446 LI
1046 410 1207 446 MUISIS.

521 520 610 553 Toto
628 532 734 554 cursu
754 521 844 553 vilae
862 532 961 562 suaeg

520 578 649 612 Doclor
668 579 703 612 in
723 578 900 626 theologia

426 633 492 668 180
520 636 559 669 Et
579 637 615 669 in
633 637 730 670 omni
749 637 893 670 scientia

517 694 647 740 Expers
666 702 739 728 erat
758 701 792 728 et
812 696 979 729 famosus.

522 752 643 799 Neque
661 754 725 786 fuit
746 754 908 795 vitiosus3

519 811 559 844 ln
579 813 746 846 omnibus
765 812 971 846 ordinandis

517 869 608 904 Cura
626 871 690 904 fuit
712 871 777 905 sibi
796 870 940 918 grandis

424 926 492 963 185
519 928 624 969 Quod
644 930 786 964 ordines
805 937 1001 976 repararet‚

519 988 557 1021 En
578 988 677 1034 quod
696 1001 754 1022 eos
775 988 988 1035 adaequaret

518 1045 569 1079 Ad
589 1046 778 1092 pristinum
797 1058 902 1080 suum
921 1053 1049 1080 statum
1062 1074 1069 1079 .

519 1104 561 1137 Et
579 1104 648 1138 hoc
668 1111 756 1138 esset
778 1104 982 1138 ordinatum

520 1162 587 1195 Per
605 1162 798 1197 cardinales
817 1170 851 1197 et
870 1163 995 1196 fratres
1009 1190 1017 1205 a

424 1218 492 1252 190
519 1220 588 1260 Qui
608 1222 774 1255 omuibus
792 1222 882 1255 sicut
901 1228 1028 1255 matres

518 1277 726 1312 Christianis
744 1278 876 1312 debent
894 1291 967 1312 esse

519 1335 559 1368 Et
579 1335 742 1369 fidelibus
760 1334 938 1381 prodesse.

665 1452 718 1486 De
748 1451 777 1486 C
777 1453 1044 1486 &tersz‘ensz‘hus

522 1560 575 1594 Ad
593 1572 698 1594 suum
716 1559 879 1593 ordinem
897 1561 1030 1606 coepit7

520 1620 634 1666 Atque
653 1619 820 1653 omnibus
837 1620 1015 1665 praecepit

426 1678 493 1714 195
519 1678 610 1712 Viris
628 1685 661 1712 et
680 1678 888 1712 mulieribus

519 1738 559 1771 In
580 1738 716 1771 cunctis
734 1737 805 1770 suis
824 1736 991 1770 domibus
1003 1763 1011 1769 .

522 1796 567 1830 Ut
585 1802 716 1830 statuta
734 1796 978 1830 observarent.

521 1853 631 1888 Sicuti
650 1854 725 1888 aliis
744 1853 870 1888 darent

520 1912 729 1959 Exemplum
747 1911 937 1946 obediendi

422 1970 493 2004 200
522 1971 637 2018 Atque
655 1976 785 2004 statuta
804 1967 977 2003 servandi.

522 2029 564 2062 Et
580 2041 601 2063 o
620 2029 713 2062 bone
732 2028 841 2062 Jhesu
861 2026 997 2061 Christe
1009 2053 1017 2069 τ

523 2087 638 2129 Quam
658 2088 774 2122 bonus
792 2086 881 2121 ordo
900 2093 949 2120 est
969 2084 1051 2120 iste!

523 2146 682 2180 Invenies
701 2146 761 2180 hic
779 2144 961 2179 studentes

522 2205 714 2239 Monachos
731 2203 955 2246 obedientes,

423 2262 494 2298 205
521 2263 591 2304 Qui
609 2264 743 2310 ubique
761 2264 884 2297 vivunt
902 2274 1005 2309 parce
1017 2290 1024 2304 -‚

523 2322 565 2356 Et
581 2328 622 2355 ut
638 2321 649 2342 ¹
670 2322 764 2356 Deus
782 2322 831 2355 eis
850 2333 971 2368 parem

523 2380 564 2413 Et
582 2380 752 2414 sustineas
772 2379 934 2413 ordinem
947 2406 955 2420 2

523 2438 568 2472 Ut
586 2437 715 2471 haheat
734 2437 871 2471 bonum
890 2437 1009 2471 finem.

151 2527 159 2544 ¹
184 2527 265 2554 Forte
277 2527 428 2554 dictaverat
441 2525 470 2552 Li
484 2525 578 2552 Muisis
593 2534 599 2552 :
616 2523 653 2551 Et
666 2528 710 2559 tu,
726 2525 817 2560 Deus,
831 2525 868 2551 eis
879 2533 969 2560 parce.

210 2574 295 2608 Tou.
328 2574 373 2608 II.

1488 2572 1535 2606 40

1558 409 1626 444 313
