2137 3131
448 392 517 426 806
943 383 951 390 '
1057 379 1345 416 APPENDICES.

447 502 504 527 sive
517 497 656 527 sart-anda,
672 495 756 530 pratis
769 492 812 519 vel
826 490 972 528 paludibus
983 497 1118 515 annonam
1131 487 1322 522 portantibus,
1335 486 1386 522 ipsi
1395 486 1517 513 ecclesia!
1530 495 1698 523 recognosco
1711 493 1738 514 et
1751 488 1786 514 ab
1797 489 1869 515 omni
1883 498 1962 515 exac—

448 550 520 574 tione
530 544 694 571 liberrimam
706 540 791 567 reddo
805 544 833 565 et
846 542 940 564 contra
952 544 1045 562 omnes
1059 534 1243 570 inquietantes
1254 533 1434 569 adquietab03
1448 533 1482 560 de
1494 534 1630 560 mansuris
1640 543 1705 560 vero
1719 543 1790 570 quae
1801 535 1883 571 vulgo
1895 535 1963 572 Hos-

450 595 517 620 stede
527 593 666 618 dicuntur.
679 589 747 614 lianc
757 587 795 613 cis
804 593 970 621 recognosco
981 583 1147 614 libertatem,
1161 581 1235 617 quod
1244 590 1293 607 nec
1304 590 1356 617 ego
1365 590 1415 607 nec
1426 580 1525 616 aliquis
1534 590 1656 607 meorum
1665 587 1776 616 praeter
1783 582 1925 608 ecclesiam
1933 583 1960 609 j„

447 642 511 677 ipsis
520 638 655 665 llot'stadis
663 634 858 662 mansionarios
868 631 1018 659 collocandi
1027 629 1068 656 vel
1079 629 1222 655 amovendi
1231 629 1330 655 habeat
1340 633 1501 664 potestatem
1510 639 1516 663 ;
1527 628 1561 655 de
1569 630 1750 656 conventione
1759 638 1825 656 vero
1834 639 1962 656 sororum

447 687 633 724 ponendarnm
647 684 672 709 in
684 682 782 708 Bochol
791 680 832 706 vel
843 680 869 705 in
878 678 988 705 Felseca
997 686 1029 703 ex
1043 681 1101 702 toto
1115 681 1142 702 et
1152 677 1260 712 integro
1271 675 1383 701 absolvo
1396 675 1548 707 ecclesiam,
1559 680 1590 701 ut:
1601 684 1651 702 nec
1663 676 1700 702 ibi
1712 685 1762 703 nec
1774 677 1800 703 in
1811 676 1962 703 Lidekerca

446 745 495 762 nec
509 731 607 760 alicubi
623 731 649 756 in
669 738 727 755 mea
739 728 841 754 ditione
858 735 904 752 eos
918 733 1028 751 manere
1045 723 1204 758 compellam
1216 743 1223 753 ,
1241 722 1389 749 dummodo
1403 722 1572 749 sacerdotem
1584 732 1669 750 unum
1684 724 1711 749 in
1726 724 1797 750 curti
1813 724 1846 751 de
1861 725 1962 751 Bochog

445 792 494 818 pro
509 790 566 806 mea
579 784 757 810 meorumque
775 773 863 800 salute
877 772 968 798 divina
981 770 1167 797 celebrantem
1185 769 1311 796 habeam.
1328 769 1394 795 Cum
1407 774 1499 795 autem
1513 770 1585 796 sicut
1599 779 1650 805 pro
1665 770 1710 797 tali
1727 772 1909 799 conventione
1922 773 1963 799 vi-

445 829 512 865 ginti
527 828 626 862 jugera
645 823 762 850 nemoris
775 820 897 847 dederim
917 819 968 854 ipsi
981 818 1111 845 eeclesiae
1125 818 1152 843 in
1169 817 1349 850 Brodenbroc,
1367 822 1394 843 et
1409 816 1573 852 palefridum
1586 817 1734 844 dimiserim
1745 839 1752 851 ‚
1767 828 1849 854 quem
1866 820 1894 845 in
1913 819 1962 847 de-

444 885 519 903 cessu
533 873 639 900 abbatis
653 871 704 896 mei
713 869 785 903 juris
799 877 857 894 esse
868 866 1006 898 dicebam,
1022 870 1049 892 et
1060 870 1204 901 praeterea
1215 874 1326 890 censum
1337 864 1494 900 quindecim
1507 864 1658 891 solidorum
1671 871 1697 892 et
1707 871 1770 892 octo
1783 866 1961 894 denariorum

445 932 524 959 quem
535 921 599 947 milii
612 919 717 945 solvere
731 916 884 946 debebant⁷
900 914 1059 946 dimiserim,
1072 922 1155 948 super
1168 912 1295 939 omnibus
1306 912 1348 938 his
1363 917 1452 938 tamen
1464 912 1605 938 ecclesiam
1618 913 1725 939 dintitto
1737 915 1857 949 quietam
1866 936 1873 947 ‚
1884 921 1915 942 ut.
1926 916 1961 942 de

443 969 582 996 sororibus
595 963 809 993 transmittendis
819 962 894 988 nulla
907 962 1048 988 exactione
1059 960 1201 997 fatigetur,
1217 960 1264 986 sed
1278 959 1350 986 etde
1363 960 1452 986 tribus
1463 959 1557 986 solidis
1566 960 1742 987 censualibus
1753 971 1822 997 quos
1835 963 1899 990 mihi
1913 963 1963 990 de-

444 1018 524 1043 liebat
536 1015 648 1041 ecclesia
660 1014 744 1049 ipsam
754 1011 867 1037 liberam
877 1015 903 1035 et
917 1009 1037 1045 quietam
1049 1009 1167 1035 dimitto.
1182 1008 1366 1043 Eleemosynis
1376 1008 1456 1034 etiam
1468 1007 1526 1034 istis
1537 1008 1635 1041 adjicio
1644 1008 1719 1043 quod
1731 1009 1866 1045 quidquid
1875 1011 1963 1038 eccle-

443 1066 481 1091 sia
495 1063 617 1099 praefata
629 1061 662 1086 de
672 1069 730 1086 mea
739 1058 781 1085 vel
796 1058 880 1093 patris
894 1057 946 1082 mei
958 1066 1040 1082 manu
1054 1061 1165 1085 nactum
1175 1055 1311 1091 possidet,
1327 1055 1481 1090 patrocinio
1494 1055 1637 1081 caritativo
1647 1056 1755 1087 tuebor,
1770 1062 1866 1092 utpote
1879 1067 1961 1094 quem

443 1111 605 1138 universitas
616 1108 746 1135 ecclesiae
761 1107 787 1132 in
801 1105 858 1132 suis
871 1104 1027 1131 domesticis
1040 1104 1211 1130 orationibus
1222 1108 1249 1129 et
1264 1103 1404 1129 beneficiis
1415 1112 1524 1137 semper
1536 1112 1666 1129 mansura
1683 1103 1856 1131 fraternitate
1870 1115 1964 1133 susce·-

443 1159 493 1194 pit.
510 1158 607 1183 Actum
625 1155 697 1190 apud
717 1153 857 1184 Niniven„
877 1152 1063 1178 annuentibus
1077 1161 1162 1177 uxore
1174 1160 1232 1177 mea
1246 1150 1360 1177 Claricia
1373 1155 1400 1176 et
1415 1150 1509 1176 liberis
1523 1151 1588 1176 meis
1607 1155 1635 1176 et
1651 1150 1760 1178 Razone
1777 1151 1863 1178 fratre
1880 1163 1959 1185 meo,

444 1214 514 1231 anno
528 1203 634 1230 Domini
648 1200 775 1228 MCXCV.
789 1200 818 1226 S.
834 1198 948 1225 Arnoldi
959 1199 994 1225 de
1005 1198 1190 1235 Grimbergis3
1208 1198 1236 1225 S.
1248 1198 1336 1234 Egidii
1348 1197 1381 1223 de
1396 1196 1520 1228 Hasselt;
1534 1197 1562 1224 S.
1576 1198 1711 1224 Annekini
1722 1199 1756 1225 de
1765 1199 1856 1235 hilar-3
1869 1200 1898 1228 S.
1914 1201 1963 1228 03-

444 1253 516 1278 tonis
527 1250 652 1287 Balyers,·
663 1248 691 1275 S.
704 1247 782 1274 Soeri
794 1246 828 1273 de
840 1246 992 1273 Holebecca
1001 1266 1008 1277 ‚
1024 1246 1120 1272 lwaini
1129 1246 1164 1273 de
1174 1245 1270 1280 Lewa5
1285 1244 1314 1272 S.
1328 1244 1440 1271 Arnoldi
1453 1244 1487 1270 de
1499 1244 1690 1281 Eppenqltem;
1704 1245 1732 1272 S.
1745 1245 1836 1274 Rolini
1844 1247 1962 1280 moncel,-

445 1300 473 1326 S.
490 1299 592 1326 Soikini
605 1298 639 1323 de
652 1297 750 1322 Fores!-

1393 1339 1514 1371 Original,
1533 1347 1603 1364 sceau
1617 1348 1646 1364 en
1657 1340 1706 1365 cire
1720 1340 1804 1365 brune.

1138 1585 1260 1619 LXIX.

444 1692 639 1726 Baudom'n
657 1691 727 1734 IX,
748 1696 856 1725 comte
873 1689 914 1724 de
927 1687 1105 1729 Flandre,
1126 1686 1293 1732 confirmo
1312 1686 1358 1720 les
1366 1686 1552 1720 donatione²
1562 1687 1668 1732 faites
1681 1685 1705 1720 ἀ
1722 1687 1962 1735 Z'abhayepaa·

492 1750 655 1797 Pliz'lzyape
673 1750 847 1792 d’AlsacQ
874 1755 907 1783 et
928 1761 953 1795 y
973 1749 1089 1793 ajoute
1107 1759 1178 1780 une
1196 1745 1379 1793 proprz‘e'te'
1398 1745 1504 1779 se't'zce'e
1522 1744 1546 1779 ἀ
1575 1745 1895 1793 Wouhreclzteyem.
1913 1767 1961 1772 —

493 1809 653 1843 RousLAn.

936 1967 1008 1990 Entre
1022 1966 1042 1990 le
1055 1967 1155 1991 chatean
1168 1966 1258 1990 d'Atost
1273 1970 1295 1989 et
1308 1966 1369 1996 Erpe
1380 1984 1387 1990 ,
1398 1965 1471 1989 1195.

481 2039 537 2075 Ego
548 2039 696 2065 Balduinus
707 2059 713 2070 ‚
730 2038 938 2064 Flandrensium
948 2046 1051 2070 eomes,
1065 2037 1191 2064 omnibus
1204 2037 1255 2063 hoc
1272 2037 1405 2071 scriptum
1423 2035 1536 2062 lecturis
1549 2035 1675 2061 salutem.
1693 2035 1825 2061 Noverint
1842 2034 1963 2061 universi

443 2087 493 2113 hoc
505 2087 636 2122 scriptum
653 2086 769 2117 lecturi,
785 2085 859 2121 quod
874 2090 969 2111 nostro
986 2085 1089 2120 scripto
1105 2085 1223 2121 sigillato
1237 2084 1374 2110 Ninivensi
1389 2083 1520 2110 ecclesiae
1534 2083 1562 2109 in
1577 2087 1739 2118 perpetuam
1755 2088 1783 2109 et
1793 2082 1962 2109 liberrimam

441 2133 637 2169 eleemosynam
649 2134 841 2159 confirmamus
855 2131 990 2167 quidquid
1003 2132 1128 2158 beneficii
1141 2132 1175 2158 ab
1188 2131 1289 2157 illustri
1297 2131 1395 2157 comite
1406 2130 1532 2165 Philippo
1544 2129 1680 2156 avunculo
1689 2138 1748 2155 meo
1759 2128 1803 2155 vel
1813 2128 1873 2155 aliis
1886 2137 1964 2164 prae-

443 2181 631 2207 decessoribus
644 2181 710 2206 meis
724 2185 819 2206 tenent
832 2180 859 2205 in
874 2179 1084 2214 eleemosynam.
1102 2179 1211 2206 sciatur
1226 2183 1253 2205 et
1267 2178 1341 2214 quod
1354 2177 1528 2207 liethardus,
1542 2181 1724 2213 cognomento
1736 2176 1834 2202 Hircus
1845 2197 1852 2208 ‚
1866 2177 1894 2202 in
1909 2185 1963 2202 ma-

444 2236 495 2253 nus
514 2233 619 2253 nostras
642 2227 762 2253 reddidit
787 2226 923 2262 quidquid
945 2226 1037 2253 allodii
1060 2226 1103 2253 vel
1122 2226 1194 2253 seodi
1219 2226 1262 2252 vel
1283 2225 1449 2252 decimarum
1461 2246 1467 2257 ,
1488 2233 1631 2251 servorum
1649 2224 1692 2251 vel
1711 2223 1871 2250 ancillarum
1884 2244 1892 2256 ‚
1914 2228 1963 2249 aut

442 2274 613 2301 feodatorum
625 2274 777 2309 hominum,
793 2274 835 2300 vel
853 2274 990 2309 quidquid
1004 2274 1124 2309 denique
1138 2274 1231 2309 aliquo
1244 2282 1345 2309 genere
1359 2271 1516 2308 possidendi
1531 2272 1642 2298 tenebat
1656 2272 1682 2297 in
1699 2271 1761 2298 villa
1774 2280 1846 2307 quae
1859 2271 1963 2297 dicitur

448 2320 708 2357 Wolbrechtenqlaem.
719 2321 792 2347 Haec
801 2321 901 2353 omnia,
919 2321 989 2346 sicut
998 2321 1169 2356 praedictum
1180 2326 1232 2354 est,
1243 2330 1305 2347 cnm
1317 2319 1480 2346 reddidisset
1494 2319 1521 2344 in
1534 2328 1630 2344 manus
1641 2323 1760 2350 nostras,
1769 2317 1963 2353 praesentibus

444 2368 597 2395 hominibus
609 2369 709 2395 nostris
718 2390 724 2395 .
740 2378 789 2395 nos
802 2369 932 2395 continuo
942 2368 1067 2394 dedimus
1080 2369 1218 2395 Ninivensi
1232 2367 1362 2394 ecclesiae
1375 2367 1402 2393 in
1414 2367 1581 2393 liberrimam
1594 2371 1621 2393 et
1635 2371 1797 2402 perpetuam
1811 2365 1964 2400 eleemosy-

444 2425 504 2441 nam
515 2416 548 2442 ad
560 2426 639 2442 usum
652 2416 752 2442 ibidem
766 2416 824 2442 Deo
840 2416 1018 2442 servientium
1032 2421 1060 2442 et
1075 2426 1125 2452 pro
1138 2421 1232 2442 nostra
1245 2421 1460 2450 nostrorumque
1476 2414 1564 2440 salute
1577 2413 1718 2440 humiliter
1733 2413 1791 2439 Deo
1805 2411 1963 2448 supplican-

444 2463 522 2488 tium.
541 2463 636 2489 Actum
654 2463 725 2489 inter
744 2468 862 2489 castrum
883 2463 917 2489 de
940 2463 1019 2490 Alost
1034 2468 1063 2489 et
1082 2463 1174 2499 Erpe,
1194 2472 1266 2489 anno
1284 2462 1441 2489 Dominicae
1457 2461 1656 2488 lucarnationis
1676 2459 1808 2492 MCXCV,
1828 2459 1855 2486 in
1871 2457 1963 2495 vigilia
2000 2481 2006 2487 ,

445 2509 610 2544 Epiphaniae
622 2531 629 2543 ‚
646 2511 815 2546 principatus
828 2511 914 2537 nostri
931 2520 1002 2538 auno
1018 2511 1106 2546 primo
1117 2532 1124 2545 ‚
1139 2511 1191 2537 sub
1209 2510 1364 2546 praesentia
1382 2515 1409 2536 et
1424 2510 1579 2536 testimonio
1593 2509 1814 2544 subscriptorum
1828 2507 1940 2534 testium
1951 2526 1960 2540 7
