2118 3184
449 416 709 451 CHRONICON
742 416 952 450 BALDUINI
982 416 1281 452 NINOVIENSIS.
1549 418 1616 452 603

112 536 195 563 nus,
217 524 261 557 ab
282 524 422 558 Urbano
441 524 604 570 baptizati
617 551 624 563 ‚
647 523 764 571 gladio
785 525 1130 567 transvcrbcrantur‚
1151 525 1299 569 jubente
1320 525 1499 559 Almachio
1519 536 1623 570 prac-

111 583 213 615 fecto.
234 583 269 615 ln
285 582 407 616 cadem
422 594 566 628 quoque
582 581 824 627 persecutione
839 581 931 615 idem
951 582 1110 616 Urbanus
1126 595 1215 628 papa
1231 583 1398 628 martyrio
1414 589 1616 617 coronatur.

111 640 302 674 Pontianus
319 653 407 686 papa
429 653 509 674 cum
533 640 719 685 Hippolyto
736 641 940 685 presbytero
960 641 993 673 in
1015 641 1210 675 Sardiniam
1232 642 1380 675 insulam
1395 655 1413 675 a
1431 642 1620 675 Maximino

109 698 316 744 deportatus
334 705 403 739 ost,
423 705 458 732 et
479 699 647 743 martyrio
667 705 854 732 coronatus
869 725 877 737 .,
898 712 978 732 cum
995 700 1067 743 jam
1086 699 1230 734 sedisset
1250 713 1266 732 v
1287 701 1399 734 annis.
1421 700 1482 734 Hic
1500 712 1620 734 rursus

109 757 240 790 oboriri
263 757 403 790 videtur
426 757 679 795 controversia,
707 757 789 802 quia
809 769 891 790 cum
916 757 1126 790 Maximinus
1153 764 1227 791 tum
1253 759 1364 792 tribus
1387 759 1487 791 annis
1506 758 1620 804 impe-

111 828 200 849 rasse
225 815 378 863 legatur,
409 815 474 847 sub
498 815 571 860 ipso
596 815 686 860 passi
708 815 936 848 inveniuntur
961 815 1121 848 Urbanus
1150 828 1238 861 papa
1263 823 1296 849 ct
1318 816 1532 860 Pontianus⁷
1558 817 1619 862 qui

109 875 269 920 quinque
295 874 448 919 praefuit
467 874 587 916 annisi
613 880 648 907 et
670 873 768 919 quod
789 874 899 921 magis
923 874 1088 907 lectorem
1112 886 1251 907 movere
1277 875 1421 920 poterit7
1445 875 1621 908 Antlicrus

112 933 145 965 in
175 932 427 979 martyrologio
455 932 498 977 xij
523 932 622 965 annis
649 932 775 965 rexisse
798 932 976 965 ecclesiam
1003 938 1037 964 et
1059 932 1125 965 sub
1150 932 1225 977 ipso
1246 945 1365 978 passus
1392 934 1532 981 legitur,
1558 933 1619 979 qui

111 996 247 1024 tantum
267 990 302 1023 in
325 989 501 1024 chronicis
521 1002 592 1023 uno
612 1002 729 1023 mense
749 990 940 1035 praefuisse
957 996 991 1022 et
1009 990 1076 1022 sub
1097 989 1274 1023 Gordiano
1294 991 1500 1025 occubuisse
1521 991 1620 1024 inve-

111 1049 218 1082 nitur.
241 1047 309 1082 Sed
323 1049 406 1094 quia
422 1049 567 1082 inferius
583 1061 645 1094 per
663 1060 774 1082 annos
796 1048 887 1081 Decii
907 1049 1164 1081 coutroversiae
1183 1062 1264 1083 cum
1283 1050 1349 1083 hac
1367 1050 1484 1095 plures
1499 1062 1620 1083 occur-

111 1113 205 1150 rent7
227 1106 531 1152 supersedendum
555 1113 606 1140 ost
627 1113 661 1140 et
681 1107 771 1140 hanc
791 1118 872 1139 cum
891 1106 955 1139 illis
975 1106 1019 1139 ad
1045 1119 1206 1151 praesens
1230 1107 1484 1151 determinare,
1509 1107 1621 1141 donec

109 1165 299 1199 scrutaturi
318 1164 522 1212 diligentius
542 1165 773 1198 scrutationes
795 1164 1025 1197 habuerimus
1045 1165 1079 1197 in
1100 1164 1276 1198 chronicis
1299 1171 1332 1198 et
1351 1166 1535 1199 annalibus
1554 1166 1620 1199 fre-

109 1224 312 1270 quentiores
330 1222 374 1256 de
393 1223 446 1255 iis.

159 1280 376 1323 Gordianus5
405 1292 514 1326 nepos
536 1280 706 1326 praedicti
734 1280 901 1314 Gordiani
921 1293 960 1313 ex
986 1281 1073 1323 lilia7
1098 1281 1133 1313 in
1160 1294 1310 1329 regnum
1335 1283 1561 1326 sublimatus7
1585 1284 1620 1317 in

110 1338 252 1381 Perside
270 1338 476 1372 interfectus
500 1345 572 1378 est„
599 1337 724 1371 fraude
744 1338 898 1383 Philippi
917 1339 978 1384 qui
1000 1345 1078 1384 post
1101 1351 1182 1372 cuin
1204 1341 1373 1387 regnavit.
1402 1341 1620 1387 Porphyrius

107 1397 310 1432 dialecticus
325 1397 455 1430 Romae
469 1396 587 1430 claret.
608 1396 765 1429 Anthero
779 1396 948 1430 defuncto
959 1423 967 1439 7
986 1397 1156 1430 Fabianus
1170 1396 1214 1430 de
1229 1410 1313 1445 agro
1328 1405 1522 1443 revertens,
1540 1412 1620 1433 cum

109 1468 174 1502 pro
192 1454 356 1503 eligendo
374 1455 539 1501 episcopo
557 1455 593 1488 in
612 1455 755 1488 ecclesia
775 1455 1006 1501 quievissent„
1029 1455 1120 1489 inter
1140 1456 1224 1489 alios
1247 1457 1395 1499 exstitit,
1421 1457 1552 1491 exitum
1573 1459 1620 1491 rei

108 1515 254 1560 cupiens
268 1525 457 1561 agnoscere
471 1528 478 1554 ς
500 1526 672 1560 cumque7
692 1520 731 1547 ut
744 1526 846 1559 saepe
863 1514 919 1557 sit7
940 1513 1076 1548 diversa
1089 1515 1261 1548 sententia
1275 1515 1503 1549 clamantium
1522 1523 1622 1550 nuta-

110 1579 183 1616 ret,
205 1584 270 1606 nec
285 1572 371 1606 certi
387 1571 523 1618 aliquid
542 1572 738 1615 obtineret7
759 1572 876 1606 subito
891 1573 1055 1606 columba
1071 1573 1147 1606 luce
1165 1585 1338 1619 apparens
1358 1574 1497 1608 Fabiani
1517 1576 1621 1621 capiti

110 1631 259 1674 insedit7
284 1643 438 1677 moxque
462 1631 623 1665 omnium
643 1631 735 1665 oculi
755 1638 790 1664 et
813 1632 920 1665 animi
944 1632 980 1665 in
1000 1644 1082 1665 eum
1105 1632 1284 1675 conversi,
1312 1633 1411 1666 illum
1434 1646 1453 1666 a
1472 1634 1621 1668 Domino

109 1690 335 1739 designatum
354 1690 613 1724 intellexerunt.
640 1690 707 1724 Iste
731 1690 886 1724 decrevit
904 1703 968 1724 nec
987 1691 1131 1724 clericos
1150 1691 1186 1724 in
1205 1692 1426 1725 accusatione
1453 1692 1620 1726 laicorum

109 1761 173 1783 nec
193 1750 297 1783 laicos
312 1749 348 1782 in
366 1750 588 1783 accusatione
601 1749 810 1783 clericorum
825 1762 898 1783 esse
914 1749 1145 1795 recipiendos.
1165 1749 1231 1783 Iste
1245 1749 1336 1783 sedit
1348 1750 1404 1795 xiij
1424 1751 1524 1785 annis
1539 1763 1620 1784 cum

109 1807 272 1842 dimidio.

159 1867 295 1901 Marcus
308 1867 421 1901 Julius
436 1866 622 1913 Philippus
634 1894 642 1910 Ἰ
661 1879 743 1900 cum
758 1867 830 1901 filio
846 1866 927 1901 Caio
942 1866 1132 1900 Saturnino
1148 1866 1326 1912 Philippo⁷
1345 1867 1521 1913 imperans
1542 1873 1622 1900 octo

110 1925 230 1968 annis,
252 1925 451 1971 baptizatur
470 1924 480 1945 Ἰ
505 1925 641 1971 primus
662 1925 822 1959 onmium
848 1925 1114 1971 imperatorum.
1139 1924 1208 1966 Qui
1229 1931 1270 1958 ut
1290 1925 1327 1958 in
1346 1925 1479 1959 Pascha
1504 1937 1621 1959 sacro-

111 1984 240 2018 sanctis
258 1984 539 2017 communicaret
554 1985 745 2030 mysteriis,
763 1984 808 2018 ad
825 1984 1183 2018 communicationem
1198 1984 1338 2017 Fabiani
1354 1984 1494 2029 publica
1507 1990 1542 2017 et
1556 1984 1625 2030 ple-

85 2036 95 2045 ’
111 2043 208 2076 naria
226 2043 442 2088 poenitentia
460 2043 638 2077 satisfecit.
661 2043 797 2085 Quarto
811 2056 904 2077 anno
924 2043 1093 2088 Philippi7
1114 2055 1228 2076 annus
1243 2043 1403 2088 expletur
1420 2042 1624 2076 millesimus

111 2102 156 2136 ab
176 2101 265 2134 urbe
280 2099 422 2134 condita
435 2127 444 2143 ·,
467 2112 532 2146 pro
551 2113 623 2147 quo
637 2102 791 2135 celebres
807 2101 880 2135 ludi
898 2102 1028 2135 Romae
1042 2101 1278 2134 instituuntur
1292 2106 1326 2134 et
1341 2100 1498 2133 convivia
1509 2100 1624 2133 tribus

111 2159 238 2193 diebus
259 2159 495 2193 celebrantur.
518 2159 657 2207 Legisse
680 2173 736 2193 me
760 2160 904 2193 memini
922 2187 931 2203 7
956 2159 1017 2193 sed
1040 2166 1158 2193 tamen
1179 2158 1414 2192 indiscussum
1434 2171 1507 2205 quo
1533 2165 1626 2192 tem-

112 2230 197 2264 pore
215 2223 335 2251 actmn
353 2217 414 2260 sit,
435 2216 534 2263 quod
548 2217 679 2251 scilicet
696 2218 844 2252 Romani
858 2217 903 2251 ad
921 2217 1027 2251 fidem
1047 2217 1204 2250 conversi
1222 2216 1387 2262 reliquias
1406 2216 1510 2250 simul
1525 2216 1625 2250 inve-

112 2282 243 2310 nerunt
263 2276 356 2309 Petri
375 2282 410 2308 et
424 2275 537 2318 Pauli7
554 2276 684 2322 quibus
697 2276 742 2310 de
760 2276 931 2309 divisione
949 2275 1208 2318 dubitantibus5
1227 2275 1372 2308 coelitus
1387 2287 1452 2308 vox
1471 2275 1629 2308 insonuit

110 2334 232 2368 dicens
254 2333 386 2379 majora
410 2345 483 2367 esse
505 2345 580 2367 ossa
605 2333 856 2379 praedicatoris
878 2346 985 2380 quam
1015 2333 1207 2379 piscatoris.
1235 2333 1407 2367 Antonius
1428 2333 1626 2367 monachus

148 2474 158 2492 ¹
180 2473 256 2500 Licet
269 2473 402 2499 Batonius
416 2478 443 2499 et
458 2473 573 2499 lluetius
587 2473 639 2499 hoc
652 2473 785 2508 baptisma
799 2473 847 2499 ad-
897 2477 1036 2498 flumenta.
1047 2472 1109 2499 Vid.
1121 2473 1165 2498 Fr.
1179 2472 1252 2508 ΡεὶξζίἼ
1267 2472 1293 2497 in
1304 2472 1441 2497 Breviario
1453 2471 1623 2507 hist.pontif.

111 2520 244 2553 miserint,
258 2529 358 2546 meram
370 2528 428 2546 esse
440 2518 559 2545 fabulam
572 2519 651 2555 plura
662 2519 779 2554 probant
790 2528 847 2544 mo·
897 2528 960 2544 rom.
975 2519 1053 2544 Toni.
1068 2518 1097 2550 Ι,
1113 2528 1176 2554 pag.
1192 2518 1227 2546 40
1240 2523 1266 2544 et
1279 2527 1337 2554 seq.
