2137 3131
410 394 477 429 156
748 392 923 428 CORPUS
949 391 1280 426 CHRONICORUM
1309 392 1573 427 FLANDRIAE.

410 509 487 545 ωε,
509 514 614 548 quem
635 500 802 534 dominus
825 498 963 542 Guido7
990 505 1090 544 pater
1113 499 1206 544 ejusff
1235 498 1382 533 dederat
1405 500 1435 533 ei
1459 500 1502 533 ab
1529 499 1675 534 infantia
1696 499 1878 535 doctorem
1898 507 1933 534 et

408 561 655 594 instructorem
666 585 674 601 ,
697 558 851 603 fecitque
866 570 948 591 eum
963 557 1079 591 dictus
1094 557 1268 592 Robertus
1283 571 1366 592 suae
1382 559 1467 592 aciei
1484 559 1726 593 mariscalcum
1739 587 1747 593 .
1768 566 1802 593 et
1820 560 1929 593 multa

408 619 499 652 bona
522 616 662 651 consilia
685 614 784 649 dedit
809 615 924 649 dictus
944 616 1042 649 miles
1061 614 1208 649 domino
1227 617 1378 663 principi
1407 616 1549 659 Cal-0102
1575 624 1609 651 et
1631 616 1727 651 dicto
1751 617 1925 661 Roberto,

409 684 439 710 et
461 689 522 722 per
537 674 702 708 eumdem
723 674 851 708 inultas
872 675 1074 708 habuerunt
1096 674 1277 717 victoria-Q
1300 676 1450 709 maxime
1470 676 1504 709 in
1524 676 1616 709 bello
1630 675 1725 722 apud
1747 676 1930 709 Bonaven-

408 742 502 775 turaf
533 740 566 766 et
592 746 656 779 per
678 733 753 778 ejus
775 732 986 766 industriam
1012 732 1218 766 habueruut
1240 732 1373 766 ibidem
1400 734 1595 767 victoriam.
1628 734 1729 767 Facta
1755 739 1874 767 autem
1896 740 1931 767 et

406 799 501 839 gesta
527 791 611 825 dieti
631 791 800 837 principis
823 791 953 824 nobilia
971 791 1151 824 habentur
1174 791 1209 823 in
1230 797 1344 824 metro
1367 798 1401 824 et
1424 792 1459 824 in
1478 803 1581 837 prosa
1604 792 1640 825 in
1659 791 1804 825 diversis
1824 791 1928 835 locis7

407 858 439 883 et
459 850 609 883 maxime
631 849 740 883 Adam
756 849 803 882 Le'
818 849 959 883 Boelms
976 848 1020 882 de
1040 849 1224 882 Attrehato
1244 849 1325 882 fecit
1346 855 1379 882 et
1395 850 1595 895 composuit
1615 850 1745 883 librum
1761 862 1875 883 unum
1894 850 1929 883 in

405 922 477 956 quo
497 909 691 955 plurimum
712 909 827 954 ipsum
850 907 1124 941 commendavit.
1154 907 1245 942 Yicit
1267 915 1387 941 autem
1406 908 1570 954 princeps
1589 908 1733 942 Carolus
1751 907 1931 954 supradic—

405 975 460 1002 tus
482 966 720 1001 Mainfredum
740 974 774 1000 et
793 966 922 1000 occidit
942 979 1025 1000 eum
1041 966 1053 987 ¹
1076 967 1111 1000 in
1132 967 1224 1000 bello
1248 979 1330 1001 cum
1358 967 1509 1000 maxima
1533 966 1761 1001 multitudine
1783 978 1930 1000 suorum

404 1038 496 1059 anno
516 1025 654 1059 eodem.
679 1024 747 1058 Sed
767 1024 1025 1068 Conrardinus7
1053 1037 1163 1071 nepos
1182 1025 1275 1070 ejus7
1302 1025 1338 1058 in
1359 1025 1451 1058 bello
1470 1025 1539 1058 fuit
1557 1032 1680 1071 captus
1702 1031 1736 1059 et
1755 1024 1931 1059 adductus

405 1091 484 1118 ante
511 1096 649 1132 regem7
676 1090 822 1130 eratque
841 1083 982 1129 juvenis
1009 1084 1119 1117 elatus
1137 1090 1171 1117 et
1191 1084 1309 1131 magni
1334 1083 1450 1117 cordis
1472 1090 1507 1117 et
1530 1096 1565 1117 se
1585 1084 1795 1118 nobiliorem
1820 1084 1930 1118 totius

405 1142 529 1177 mundi
545 1143 753 1189 reputabat7
776 1149 811 1175 et
830 1142 903 1190 regi
923 1142 968 1176 ad
986 1143 1202 1190 interrogata
1218 1143 1371 1189 superbe
1391 1142 1647 1189 respondebatg
1668 1142 1765 1177 unde
1783 1142 1929 1186 accidit,

405 1200 504 1249 quod
523 1200 690 1235 dominus
716 1213 775 1234 rex
794 1199 881 1234 dixit
901 1200 932 1233 ei
951 1214 957 1233 :
985 1214 1002 1231 «
1021 1200 1257 1244 Conrardine„
1279 1201 1306 1234 si
1326 1207 1365 1234 tu
1389 1207 1526 1235 teneres
1545 1213 1601 1234 me
1622 1201 1659 1234 in
1678 1207 1739 1235 tua
1758 1201 1929 1247 prisione3

403 1261 493 1294 sicut
513 1266 546 1293 te
565 1266 689 1302 teneo,
711 1258 799 1305 quid
818 1258 950 1292 faceres
966 1257 1010 1292 de
1030 1259 1111 1292 me?
1129 1274 1146 1290 »
1165 1258 1377 1304 Respondit7
1399 1258 1497 1305 quod
1512 1259 1586 1293 sine
1601 1258 1769 1293 dilatione
1787 1265 1930 1293 senten-

403 1319 488 1353 tiam
507 1318 655 1351 haberet
673 1317 871 1363 capitalem.
895 1317 966 1350 Rex
988 1323 1107 1350 autem
1128 1329 1200 1351 non
1218 1317 1287 1350 fuit
1302 1323 1419 1350 motus
1438 1324 1477 1350 ut
1494 1318 1650 1363 sapiens7
1675 1317 1737 1351 sed
1752 1317 1930 1364 paulisper

404 1377 592 1411 subridens
610 1376 696 1410 dixit
716 1389 722 1409 :
745 1390 763 1406 «
778 1376 824 1408 Ex
844 1388 904 1409 ore
922 1382 984 1409 tuo
1003 1375 1190 1421 tejudicoff
1213 1376 1296 1422 quia
1314 1375 1404 1409 sicut
1424 1376 1511 1409 mihi
1534 1376 1648 1410 facere
1662 1376 1848 1421 judicasti,
1868 1376 1930 1410 fiet

403 1436 479 1470 tibi.
492 1451 509 1467 n
532 1434 657 1469 Statim
677 1446 760 1468 cum
779 1432 1023 1481 indignatione
1038 1433 1221 1480 respondit
1239 1447 1245 1467 :
1268 1433 1384 1474 «Quis
1398 1440 1449 1467 est
1464 1434 1500 1467 in
1519 1441 1594 1468 toto
1612 1433 1769 1478 mendo,
1791 1434 1854 1481 qui
1872 1447 1929 1468 me

404 1506 509 1529 ausus
523 1500 612 1527 esset
625 1492 799 1526 decollare
811 1492 825 1525 Ρ
836 1508 853 1523 n
870 1491 933 1525 Cui
948 1493 1112 1539 princeps
1123 1492 1267 1526 Carolus
1282 1491 1464 1538 respondit
1477 1505 1484 1525 :
1507 1492 1678 1526 «Carolus
1689 1520 1697 1536 7
1714 1493 1823 1526 frater
1837 1493 1930 1541 regis

404 1552 586 1595 franciae,
611 1563 669 1585 rex
694 1550 847 1593 Siciliae
871 1556 905 1583 et
928 1550 1066 1598 gladius
1085 1557 1225 1585 sanctae
1244 1551 1365 1584 matris
1385 1551 1549 1584 ecclesiae
1573 1557 1681 1596 eaput
1703 1558 1806 1585 tuum
1825 1551 1929 1586 faciet

404 1609 639 1653 detruncari‘·'7
650 1625 667 1641 υ
686 1616 721 1643 et
734 1609 807 1642 sine
821 1620 918 1642 mora
929 1609 1104 1643 mandatis
1115 1609 1240 1655 pannis
1249 1609 1367 1642 sericis
1381 1621 1462 1642 cum
1475 1609 1699 1654 spiculatore7
1716 1609 1800 1643 feeit
1810 1610 1927 1656 ipsum

403 1670 439 1703 in
463 1669 516 1703 sui
539 1668 735 1715 praesentia
754 1666 932 1701 decollari.
958 1668 1007 1701 De
1031 1680 1103 1714 quo
1127 1668 1219 1701 facto
1240 1667 1399 1713 pervenit
1418 1679 1542 1700 rumor
1561 1679 1625 1712 per
1643 1673 1755 1701 totam
1774 1666 1927 1702 Siciliam

404 1735 437 1762 et
452 1735 563 1762 totam
579 1727 728 1773 patriam
743 1753 750 1769 2
772 1732 804 1759 et
820 1726 924 1759 irruit
938 1738 1044 1772 super
1060 1726 1233 1773 populum
1252 1726 1360 1759 timor
1375 1737 1537 1773 magnus.
1562 1725 1589 1758 T
1592 1724 1721 1759 andern
1734 1752 1743 1768 7
1764 1737 1927 1759 successu

402 1786 572 1832 temporis
582 1812 591 1829 7
611 1785 800 1819 auxiliante
815 1784 983 1828 Domino3
1002 1785 1150 1830 perfecit
1163 1796 1252 1831 opus
1266 1791 1470 1830 susceptum
1484 1789 1519 1817 et
1532 1789 1644 1817 totam
1659 1783 1809 1829 patriam
1823 1795 1926 1818 sanc-

403 1906 471 1932 XVI¹
487 1906 620 1942 scriptum
635 1915 641 1931 ε
661 1905 793 1941 Aeqidius
807 1906 837 1931 de
852 1906 1021 1943 Trassignies
1033 1928 1040 1939 ⁷
1056 1907 1142 1933 dictus

404 1951 440 1977 Le
463 1952 552 1978 Brutis
565 1973 571 1983 ,
593 1951 842 1978 connestabularius
866 1952 998 1979 Franciae
1017 1957 1040 1979 el
1058 1953 1142 1979 Flan-

403 1997 489 2031 driae,
503 1998 589 2033 frater
603 1997 702 2023 odonis
717 1997 748 2022 de
762 1997 945 2033 Trassignies,
961 2000 1040 2024 etiam
1056 1998 1141 2025 dictus

405 2043 435 2069 Li
452 2042 555 2076 Bruns,
573 2043 631 2080 filii
644 2042 758 2078 Aeyidii
769 2043 799 2068 de
814 2044 983 2080 'si-assignies
993 2066 1000 2078 ,
1015 2046 1093 2071 eliam
1109 2046 1141 2072 Li

402 2088 490 2115 Bruns
506 2089 673 2124 nuncupati,
691 2099 707 2114 a
719 2088 877 2115 Sari-avenis
891 2092 970 2116 occisi
982 2100 1054 2117 anno
1068 2091 1142 2118 MCC

402 2141 505 2171 quarto.

442 2183 448 2201 ¹
472 2184 553 2210 Manu
576 2184 689 2211 Roberti
712 2187 797 2221 ipsius
817 2185 947 2212 cecidisse
967 2186 1139 2213 Manfredum

402 2235 515 2256 narrant
528 2241 534 2264 3
549 2231 586 2256 sie
601 2231 750 2258 chronicon
764 2232 892 2258 idiomate
906 2233 1039 2259 ssandrico
1053 2234 1141 2269 scrip-

401 2281 457 2301 tum
474 2286 480 2302 :
497 2276 576 2303 Eerst
597 2278 724 2304 varccht
740 2288 789 2304 van
804 2278 924 2314 Jyrers,
940 2279 981 2304 die
995 2279 1084 2305 welche
1098 2280 1141 2305 die

402 2321 505 2357 heleylze
519 2322 606 2349 liei-clm
620 2324 671 2350 vele
682 2324 787 2360 prosyls
801 2324 878 2358 dede,
895 2326 922 2349 iu
937 2335 1013 2351 eenen
1029 2325 1098 2361 trych-
1113 2326 1140 2350 in

402 2368 548 2404 Apoelqen,
563 2369 625 2395 (laer
633 2371 667 2406 liy
679 2370 738 2396 (ἶσοι
749 2370 837 2396 εΙοιιοΙι
848 2370 897 2396 den
909 2371 989 2407 fellen
1000 2372 1076 2397 fiant
1089 2382 1140 2397 ran

402 2413 448 2439 der
470 2413 588 2449 heleyher
611 2414 697 2442 kercke
724 2416 875 2452 Meinfroot.
900 2427 911 2438 n

402 2460 559 2495 Anonymus
574 2466 665 2487 autem
680 2463 726 2497 qui
742 2472 786 2488 res
800 2462 954 2495 Frederici‚
970 2469 1035 2496 etc.³
1056 2465 1140 2500 scrip-

940 2417 1033 2443 Excm..
1057 2416 1138 2443 Cnos-

401 2506 448 2538 sit‚
472 2506 610 2541 proditum
625 2516 639 2533 a
653 2508 708 2534 suis
721 2508 835 2543 periisse
847 2514 940 2534 narrat
951 2530 957 2542 ,
974 2509 1139 2545 videturque

1193 1905 1295 1932 Dantes
1316 1910 1396 1941 poeta
1411 1905 1594 1941 proditionem
1616 1905 1686 1931 hanc
1706 1904 1853 1941 indigitare
1869 1915 1929 1932 ver-

1192 1952 1269 1978 sibus
1283 1952 1325 1978 his
1339 1962 1408 1987 quos
1421 1952 1514 1978 cantui
1527 1957 1620 1978 xxnu⁰
1635 1952 1739 1978 Inferni
1751 1952 1868 1978 inseruit
1880 1961 1888 1978 τ

1304 2059 1326 2081 E
1334 2059 1350 2079 l'
1358 2060 1418 2080 ultrix
1426 2060 1444 2079 el
1454 2062 1492 2080 cni
1501 2067 1588 2080 ossame
1598 2067 1667 2080 ancor
1677 2060 1696 2079 ς’
1706 2059 1803 2086 accoglie

1332 2097 1355 2118 Α
1367 2098 1467 2124 Ceperan
1478 2097 1499 2116 lii
1511 2096 1605 2122 dovesn
1619 2095 1729 2123 bugini-do

1305 2133 1400 2155 ciascun
1411 2133 1520 2161 Puglcese
1529 2148 1535 2157 ,
1545 2141 1558 2153 e
1571 2133 1592 2153 [ἀ
1604 2132 1632 2152 da
1646 2131 1790 2159 Taglmcozw

1305 2170 1350 2191 Ονε
1361 2170 1421 2191 seni
1432 2178 1493 2190 arme
1505 2173 1570 2191 vinse
1580 2169 1599 2189 1!
1608 2168 1700 2190 vecchio
1708 2168 1806 2190 Alardo.

1228 2234 1361 2259 Asserunt
1387 2232 1512 2259 nonnulli
1534 2234 1691 2268 gregarium
1718 2231 1831 2258 militem
1851 2231 1927 2258 Mau-

1191 2279 1299 2305 fredum
1314 2280 1496 2305 interemisse.

1229 2325 1242 2343 2
1263 2325 1498 2360 Feruntjudicem
1513 2334 1599 2351 unum
1613 2324 1698 2351 fuisse
1711 2334 1808 2351 ausum
1821 2324 1849 2350 in
1863 2322 1930 2349 Con-

1189 2372 1332 2398 rardinum
1344 2372 1442 2408 capitis
1453 2372 1525 2398 serre
1536 2372 1698 2398 sententiam
1709 2392 1716 2404 ‚
1732 2370 1856 2406 adeoque
1867 2369 1928 2404 ejus

1189 2419 1303 2445 crimine
1315 2418 1486 2455 indignatum
1499 2418 1582 2445 fuisse
1594 2418 1745 2444 Robertum
1759 2421 1885 2443 nostrum
1895 2420 1927 2442 ut

1189 2475 1221 2491 ex
1250 2470 1373 2500 tempore
1393 2465 1532 2492 crudelem
1556 2464 1727 2491 adulatorem
1749 2472 1839 2490 coram
1861 2471 1927 2498 rege

1189 2510 1330 2537 occiderit.
