2137 3131
462 402 530 437 790
1070 394 1360 430 APPENDICES.

463 514 622 545 potestatem
643 508 757 536 habeat,
777 504 925 530 secundum
943 502 1066 529 ordinem
1082 501 1237 537 corrigendi
1259 510 1330 537 quae
1347 502 1374 527 in
1395 511 1426 527 ea
1448 501 1556 527 noverit
1574 501 1754 537 corrigenda⁷
1775 507 1803 528 et
1821 502 1859 529 illi
1873 503 1897 530 ei
1915 508 1975 530 tan-

462 566 541 592 quam
554 555 622 591 patri
636 553 814 580 reverentiam
827 551 934 577 filialem
945 550 1085 576 humiliter
1096 549 1253 576 exhibeant.
1262 549 1353 575 Abbas
1363 554 1453 575 autem
1465 548 1741 576 praemonstratensis
1753 549 1894 583 ecclesiae,
1904 560 1975 587 quae

463 609 547 629 mater
559 610 616 627 esse
628 600 785 626 denoscitur
798 598 913 624 aliarum
923 616 929 628 ‚
946 606 999 622 non
1014 596 1102 622 solum
1116 597 1143 622 in
1158 596 1211 622 illis
1225 596 1345 622 ecclesiis
1354 605 1422 631 quas
1435 596 1570 628 instituit.
1581 596 1628 622 sed
1642 597 1722 622 etiam
1737 597 1763 622 in
1777 597 1902 623 omnibus
1915 597 1974 624 aliis

461 650 581 684 ejusdem
600 648 702 674 ordinis
712 668 718 676 ,
733 652 759 672 et
773 646 948 681 dignitatem,
965 650 992 670 et
1006 644 1120 670 officium
1135 644 1222 679 patris
1233 643 1373 675 obtineat,
1391 649 1418 670 et
1433 644 1456 670 ei
1473 643 1507 669 ab
1519 644 1646 669 omnibus
1661 649 1715 669 tam
1731 644 1876 670 abbatibus
1890 653 1972 680 quam

461 697 589 722 fratribus
603 695 694 720 debita
708 692 863 719 obedientia
883 691 1067 726 impendatur.
1091 691 1235 717 Praeterea
1255 700 1348 716 omnes
1367 690 1479 716 abbates
1499 691 1603 717 ordinis
1617 691 1701 717 vestri
1715 690 1830 727 singulis
1847 691 1924 717 annis
1938 691 1972 718 ad

461 742 586 779 generale
601 740 748 776 capitulum
769 739 994 765 l'raemonstratis
1012 739 1162 773 postposita
1184 738 1363 774 occupatione
1381 738 1561 769 conveniant,
1583 738 1636 764 illis
1656 738 1720 765 solis
1737 739 1857 773 exceptis
1870 748 1940 774 quos
1958 748 1974 765 a

461 789 552 815 latmi-‹-
568 789 625 813 viae
641 787 763 822 corporis
783 786 964 812 retardaverit
983 785 1139 816 infirmitas7
1160 785 1206 819 qui
1223 789 1312 810 tamen
1333 784 1461 810 idoneum
1476 784 1602 821 delegare
1621 785 1761 811 debebunt
1779 786 1905 812 nuntium
1923 795 1974 821 per

460 846 538 871 quein
555 835 699 860 necessitas
711 839 737 859 et
753 843 833 859 causa
849 833 1039 859 remorationis
1052 842 1118 858 suae
1134 831 1254 867 capitulo
1271 831 1358 857 valeat
1374 833 1506 858 nuntiari.
1525 832 1557 858 Hi
1572 838 1662 858 autem
1677 833 1723 868 qui
1737 833 1764 859 in
1779 833 1974 860 remotioribus

459 883 583 918 partibus
597 882 751 907 habitantes
766 882 822 906 sine
840 881 915 916 gravi
929 880 1087 905 difficultate
1101 879 1216 914 singulis
1231 880 1308 905 aunis
1324 889 1352 905 se
1367 880 1541 914 nequiverint
1558 880 1678 915 capitulo
1694 886 1884 916 praesentare,
1898 881 1924 906 in
1939 890 1972 907 eo

459 931 573 955 termino
587 929 749 954 conveniant
760 948 766 957 ,
779 928 826 962 qui
842 927 867 952 in
881 928 938 961 ipso
951 927 990 952 eis
1004 927 1124 961 capitulo
1136 927 1219 952 fuerit
1229 927 1406 952 constitutus.
1422 926 1452 952 ln
1466 935 1521 961 quo
1529 927 1656 952 nimirum
1668 927 1789 962 capitulo
1800 927 1972 962 praesidente

458 977 556 1003 abbate
572 975 832 1001 Praemoustratensi
849 974 1019 1009 caeterisque
1035 973 1241 999 considentibus
1251 995 1257 1004 ,
1272 979 1299 999 et
1313 974 1340 999 in
1355 973 1458 1008 Spiritu
1473 973 1521 999 Dei
1538 974 1750 1009 cooperantibus
1760 995 1768 1007 ‚
1784 974 1818 1000 de
1832 975 1864 1000 iis
1878 975 1926 1010 qui
1938 974 1972 1000 ad

457 1023 669 1049 aedificationem
683 1022 833 1047 animarum
846 1041 852 1053 ,
869 1020 901 1046 ad
918 1021 1126 1046 instructionem
1142 1030 1248 1046 morum
1261 1025 1287 1046 et
1298 1020 1332 1045 ad
1346 1020 1565 1046 informationem
1579 1021 1711 1046 virtutum
1724 1025 1808 1056 atque
1821 1021 1975 1047 incremen—

459 1076 515 1096 tum
528 1070 661 1105 regularis
672 1068 831 1103 disciplinae
845 1067 1009 1103 spectabunt
1023 1088 1029 1094 .
1045 1077 1134 1093 sermo
1148 1066 1264 1103 diligens
1278 1067 1423 1093 habeatur.
1441 1067 1527 1093 Porro
1541 1067 1575 1093 de
1588 1067 1714 1093 omnibus
1725 1067 1932 1102 quaestionibus
1947 1072 1974 1094 et

457 1116 576 1153 querelis
591 1121 643 1141 tam
657 1114 845 1150 spiritualibus
860 1123 941 1149 quam
956 1114 1154 1149 temporalibus
1166 1123 1237 1148 quae
1250 1114 1277 1139 in
1292 1114 1350 1148 ipso
1364 1113 1485 1149 capitulo
1499 1114 1655 1149 propositae
1670 1113 1772 1140 fuerint
1782 1135 1789 1146 ‚
1805 1113 1872 1140 illud
1886 1119 1975 1141 tenea-

456 1170 503 1190 tur
516 1161 744 1198 irrefragabiliter
763 1166 789 1187 et
807 1161 971 1186 observetur
985 1160 1059 1196 quod
1074 1160 1157 1186 abbas
1172 1160 1385 1186 praemonstrati
1399 1170 1460 1186 cnm
1475 1161 1506 1186 iis
1525 1161 1572 1196 qui
1592 1161 1708 1186 sanioris
1722 1160 1827 1187 consilii
1842 1166 1869 1187 et
1886 1162 1972 1197 magis

456 1211 546 1237 idonei
557 1209 816 1245 apparuerintjuste
826 1217 857 1234 ac
872 1208 984 1243 provide
994 1208 1140 1242 judicabit.
1156 1207 1227 1234 Sane
1237 1208 1259 1234 si
1270 1208 1353 1234 abbas
1367 1208 1466 1243 aliquis
1477 1209 1561 1234 vestri
1575 1208 1679 1234 ordinis
1691 1208 1798 1234 infamis
1811 1208 1855 1235 vel
1868 1209 1974 1235 inutilis

457 1263 503 1284 aut
518 1257 621 1283 ordinis
642 1256 683 1281 sui
698 1256 900 1290 praevaricator
920 1256 1048 1281 inventus
1069 1255 1169 1288 fuerit.⁷
1190 1260 1217 1281 et
1238 1255 1314 1290 prius
1332 1264 1382 1290 per
1399 1261 1504 1290 patrem
1521 1255 1647 1281 abbatem
1663 1265 1742 1281 suum
1754 1276 1760 1287 ,
1777 1261 1823 1281 aut
1838 1265 1888 1291 per
1903 1265 1974 1282 nun—

458 1306 508 1332 tios
521 1306 579 1338 ejus
590 1304 743 1329 admonitus
757 1313 836 1328 suum
850 1304 989 1339 corrigere
1001 1308 1027 1328 et
1039 1302 1185 1329 emendare
1199 1302 1328 1329 delictum
1338 1303 1502 1338 neglexerit,
1516 1308 1563 1328 aut
1577 1303 1673 1329 cedere
1687 1304 1708 1329 si
1720 1303 1908 1330 admonendus
1918 1303 1976 1330 sue-

457 1353 509 1378 rit.
523 1356 619 1387 sponte
631 1350 748 1376 noluerit
757 1371 763 1381 ,
778 1351 940 1376 auctoritate
949 1350 1085 1386 generalis
1099 1350 1212 1385 capituli
1224 1350 1392 1385 deponatur,
1408 1355 1434 1375 et
1449 1349 1590 1385 depositus
1601 1350 1659 1376 sine
1671 1350 1800 1376 dilatione
1810 1350 1843 1375 ad
1853 1350 1973 1386 aliquam

457 1401 565 1426 domum
579 1398 695 1429 ordinis,
711 1398 737 1423 in
755 1406 808 1432 qua
820 1397 920 1423 auxilio
935 1397 1071 1432 generalis
1081 1397 1194 1432 capituli
1207 1401 1235 1423 et
1250 1405 1330 1432 prece
1344 1396 1456 1432 propria
1469 1397 1583 1432 gratiam
1598 1397 1728 1422 introitus
1741 1397 1864 1423 invenire
1878 1402 1974 1432 potue-

456 1448 506 1479 rit,
526 1450 680 1472 revertatur
694 1446 720 1470 in
737 1444 893 1470 obedientia
913 1444 1019 1470 abbatis
1038 1445 1109 1470 sicut
1125 1445 1226 1470 caeteri
1244 1444 1344 1470 fratres
1360 1444 1444 1479 ipsius
1465 1444 1561 1470 domus
1578 1444 1694 1470 firmiter
1709 1453 1918 1479 permansurus.
1936 1434 1969 1471 I'd

457 1495 544 1530 ipsum
556 1494 634 1519 etiam
649 1492 700 1517 alio
712 1497 835 1527 tempore
849 1492 871 1517 si
885 1500 994 1518 necesse
1009 1491 1093 1518 fuerit
1105 1496 1131 1517 et
1146 1491 1294 1527 capitulum
1306 1492 1364 1517 siue
1375 1491 1503 1517 scandalo
1518 1491 1559 1517 vel
1575 1491 1697 1526 periculo
1712 1492 1865 1526 exspectari
1876 1492 1972 1527 nequi-

457 1542 526 1568 verit
540 1550 587 1576 per
602 1540 726 1566 abbatem
740 1539 1036 1565 Praemonstratensem
1052 1544 1078 1565 et
1094 1544 1198 1574 patrem
1214 1539 1340 1565 abbatem
1358 1544 1384 1565 et
1397 1538 1464 1564 alios
1478 1539 1591 1564 abbates
1605 1547 1674 1574 quos
1688 1540 1826 1565 vocaverit
1838 1539 1898 1565 fieri
1911 1538 1974 1566 lice-

457 1590 507 1615 bit.
521 1588 628 1623 Quodsi
642 1588 782 1623 depositus
796 1587 821 1612 in
834 1597 862 1613 se
877 1587 955 1613 datae
967 1588 1119 1613 sententiae
1130 1587 1329 1613 contumaciter
1340 1587 1477 1612 contraire
1486 1587 1648 1617 tentaverit,
1666 1591 1719 1612 tam
1734 1587 1792 1622 ipse
1804 1596 1886 1622 quam
1900 1587 1972 1622 prin-

456 1636 555 1672 cipales
570 1635 629 1669 ejus
644 1635 691 1670 qui
708 1634 741 1660 de
754 1634 851 1660 ordine
861 1639 953 1660 vestro
968 1634 1072 1660 suerint
1081 1655 1088 1665 ‚
1105 1634 1131 1660 in
1141 1643 1190 1660 sua
1199 1634 1368 1660 contumacia
1382 1633 1504 1660 fautores
1515 1633 1548 1659 ab
1561 1633 1660 1659 abbate
1670 1633 1931 1660 Praemonstratensi
1942 1639 1971 1660 et

456 1684 570 1710 caeteris
581 1682 724 1708 abbatibus
734 1691 849 1708 censura
860 1681 1042 1708 ecclesiastica
1051 1682 1138 1708 donec
1146 1681 1323 1714 satisfaciant,
1334 1686 1491 1707 arceantur.
1501 1681 1602 1707 Verum
1612 1690 1673 1706 cum
1683 1681 1790 1717 aliquae
1797 1681 1973 1708 ecclesiarum

456 1735 607 1756 vestrarum
617 1729 715 1754 abbate
724 1729 837 1764 proprio
847 1728 930 1755 suerit
938 1729 1070 1755 destituta
1078 1750 1084 1760 .
1095 1729 1147 1754 sub
1155 1729 1241 1764 patris
1250 1729 1355 1754 abbatis
1363 1733 1497 1764 potestate
1506 1737 1536 1754 ac
1547 1728 1724 1763 dispositione
1733 1728 1862 1754 consistat
1872 1733 1899 1755 et
1909 1738 1972 1755 cum

457 1777 577 1810 ejusdem
589 1775 701 1801 consilio
711 1776 758 1811 qui
767 1775 910 1811 eligendus
920 1776 1004 1802 fuerit
1012 1796 1018 1808 ,
1036 1785 1051 1801 a
1064 1776 1194 1801 fratribus
1206 1775 1334 1811 eligatur.
1347 1775 1441 1801 Electo
1451 1780 1541 1801 autem
1556 1775 1656 1801 fratres
1667 1775 1796 1801 ecclesiae
1806 1776 1898 1802 statim
1908 1785 1976 1813 pro-

458 1824 565 1850 mittant
575 1844 581 1848 .
596 1823 642 1858 qui
654 1832 706 1848 non
719 1823 796 1858 quasi
807 1822 950 1849 absolutus
961 1833 975 1848 a
985 1827 1122 1858 potestate-
1130 1823 1216 1858 patris
1225 1823 1330 1848 abbatis
1342 1822 1384 1848 vel
1396 1821 1498 1848 ordinis
1507 1823 1549 1848 sui
1557 1821 1762 1857 archiepiscopo
1774 1822 1817 1849 vel
1829 1823 1970 1858 episcopo,

458 1873 485 1897 iu
494 1871 572 1905 cujus
584 1870 701 1896 dioecesi
711 1871 803 1898 suerit,
814 1875 1006 1905 praesentetur
1021 1870 1218 1905 plenitudinem
1230 1869 1264 1895 ab
1275 1879 1307 1896 eo
1319 1870 1396 1895 officii
1406 1875 1589 1905 percepturus
1599 1890 1606 1901 ‚
1621 1871 1658 1896 ita
1668 1874 1757 1895 tamen
1770 1869 1844 1905 quod
1856 1875 1973 1906 propter

457 1918 553 1944 santam
572 1917 775 1952 archiepiscopo
790 1917 832 1943 vel
851 1918 979 1953 episcopo
999 1927 1048 1944 suo
1066 1916 1263 1953 professionem
1279 1918 1419 1944 occasione
1433 1917 1478 1943 illa
1494 1927 1548 1943 non
1562 1916 1782 1953 transgrediatur
1799 1917 1973 1944 constitutio—

457 1974 505 1991 nes
516 1964 618 1990 ordinis
628 1965 680 1993 sui.
695 1965 779 1990 necin
790 1965 883 2000 aliquo
895 1965 954 1998 ejus
967 1966 1171 2000 praevaricator
1181 1965 1288 1991 existat.
1301 1965 1328 1991 Si
1339 1965 1400 2000 quis
1410 1965 1491 1991 etiam
1502 1974 1534 1991 ex
1545 1965 1621 1991 vobis
1631 1965 1761 1991 canonice
1768 1964 1871 1991 electus
1882 1966 1909 1991 in
1924 1965 1974 1992 ab—

457 2013 546 2038 batem
558 2033 564 2043 ,
577 2012 737 2038 dioecesano
752 2013 881 2048 episcopo
892 2022 941 2048 per
950 2013 1064 2038 abbates
1074 2013 1160 2039 nostri
1174 2013 1277 2039 ordinis
1286 2012 1369 2038 semel
1379 2018 1406 2039 et
1420 2013 1519 2038 iterum
1532 2017 1723 2048 praesentatus
1732 2033 1741 2046 7
1753 2012 1972 2039 benedictionem

459 2060 493 2086 ab
505 2068 598 2085 eonon
614 2061 735 2095 potuerit
750 2060 874 2086 obtinere
884 2082 890 2092 ,
908 2070 942 2086 ne
955 2059 1068 2086 ecclesia
1080 2081 1087 2092 ,
1099 2060 1132 2086 ad
1147 2070 1228 2095 quam
1239 2065 1351 2086 vocatus
1362 2065 1415 2093 est,
1429 2060 1560 2086 destituta
1572 2059 1685 2086 consilio
1693 2059 1875 2095 periclitetur,
1885 2060 1972 2087 officio

458 2112 483 2133 et
497 2107 557 2133 loco
570 2107 675 2133 abbatis
688 2107 810 2142 plenarie
825 2107 976 2133 secuudum
995 2108 1118 2133 ordinem
1133 2107 1266 2144 fungatur
1281 2108 1307 2133 in
1322 2116 1352 2133 ea
1363 2129 1369 2139 ‚
1386 2113 1440 2133 tam
1460 2107 1487 2133 in
1502 2107 1684 2133 exterioribus
1701 2107 1877 2142 providendis
1889 2117 1971 2143 quam

459 2156 485 2180 in
502 2154 680 2180 interioribus
694 2154 864 2190 corrigendis
876 2175 882 2185 ,
903 2154 990 2180 donec
1004 2159 1051 2180 aut
1070 2155 1227 2180 interventu
1245 2154 1381 2190 generalis
1395 2154 1508 2190 capituli
1525 2154 1625 2186 vestri,
1642 2159 1689 2180 aut
1705 2159 1853 2190 praecepto
1867 2156 1974 2181 romani

458 2202 591 2236 pontilicis
602 2210 648 2226 seu
663 2201 865 2236 metropolitani
878 2201 1097 2227 benedictionem
1110 2201 1242 2227 obtineat.
1258 2202 1401 2228 Caeterum
1416 2202 1437 2227 si
1451 2201 1542 2237 aliqua
1554 2201 1729 2227 ecclesiarum
1744 2207 1900 2228 nostrarum
1915 2212 1974 2238 pas-

459 2249 526 2274 toris
535 2247 630 2274 solatio
644 2247 784 2279 destituta,
797 2249 867 2274 inter
882 2248 981 2274 fratres
993 2248 1027 2274 de
1041 2249 1235 2275 substituendo
1254 2248 1352 2274 abbate
1367 2248 1501 2274 discordia
1516 2248 1600 2274 fuerit
1614 2248 1656 2274 vel
1669 2249 1785 2274 scissura
1799 2249 1929 2282 suborta,
1945 2255 1973 2276 et

457 2296 508 2330 ipsi
522 2295 598 2322 facilc
614 2295 646 2321 ad
662 2296 834 2321 concordiam
850 2295 892 2321 vel
904 2296 1035 2321 unitatem
1051 2297 1175 2322 revocari
1189 2297 1363 2332 nequiverint
1375 2317 1382 2325 ,
1405 2302 1484 2332 pater
1497 2296 1581 2322 abbas
1600 2296 1712 2322 consilio
1733 2296 1895 2323 coabbatum
1910 2307 1976 2324 suo-

459 2353 517 2369 rum
531 2344 569 2369 eis
582 2353 724 2378 personam
750 2343 872 2369 idoneam
888 2344 1048 2378 provideat,
1064 2349 1091 2369 et
1104 2344 1142 2370 illi
1158 2353 1216 2370 eam
1234 2344 1292 2370 sine
1313 2344 1528 2370 contradictione
1545 2344 1678 2379 recipiant
1694 2344 1720 2370 in
1736 2344 1872 2370 abbatem.
1886 2344 1972 2381 Quam

459 2391 479 2415 si
492 2392 614 2425 recipere
625 2391 853 2425 contempserint,
866 2391 1017 2416 sententiae
1031 2391 1191 2424 subjaceant
1202 2400 1283 2426 quam
1297 2396 1375 2424 pater
1388 2391 1472 2417 abbas
1484 2401 1544 2417 cum
1559 2391 1672 2417 consilio
1685 2391 1849 2418 coabbatum
1859 2401 1972 2418 suorum

461 2438 486 2461 iu
507 2446 552 2462 eos
569 2437 677 2462 duxerit
695 2437 859 2463 auctoritate
879 2437 982 2463 ordinis
1000 2438 1237 2473 promulgandam.
1258 2437 1285 2464 Si
1304 2447 1374 2473 quae
1394 2443 1484 2464 autem
1506 2437 1636 2464 ecclesiae
1653 2438 1846 2464 canonicorum
1859 2438 1974 2465 alterius

461 2483 563 2509 ordinis
576 2484 609 2510 ad
621 2484 743 2510 ordinem
759 2490 880 2510 vestrum
896 2486 1021 2511 venerint
1031 2506 1038 2516 ,
1054 2485 1087 2511 ad
1099 2485 1239 2511 ecclesiam
1253 2486 1338 2511 vestri
1349 2485 1452 2512 ordinis
1466 2485 1585 2512 habeant
1598 2485 1656 2511 sine
1669 2484 1853 2521 refragatione
1866 2495 1976 2521 respec-

459 2535 515 2556 tum
525 2551 532 2563 ,
546 2531 573 2556 in
586 2540 665 2566 qnam
682 2537 802 2557 vestrum
817 2537 970 2558 noscuntur
983 2532 1106 2559 ordinem
1121 2533 1310 2568 assumpsisse.
1327 2532 1406 2558 Nulla
1420 2542 1485 2559 sane
1499 2533 1682 2559 ecclesiastica
1695 2541 1812 2567 persona
1827 2542 1877 2568 pro
1891 2534 1975 2560 bene-
