2137 3131
457 359 525 395 380
795 357 970 392 CORPUS
996 354 1326 400 CHRONICORUM
1355 355 1619 389 FLANDRIAE.

458 477 534 511 tur„
557 469 678 503 habito
697 466 854 501 consilio.
875 465 1036 499 fecerunt
1054 462 1293 497 ordinationes
1308 463 1343 496 in
1364 462 1512 497 modum
1530 464 1592 509 qui
1610 465 1784 510 sequitur.
1806 466 1973 500 facientes

458 541 513 562 eas
532 527 670 573 publice
693 524 921 571 proclamare.

884 651 1015 684 Prima
1026 649 1259 696 proclamatio
1276 649 1414 696 publice
1433 652 1543 696 facta.

507 760 625 793 Primo
652 758 751 805 quod
775 770 898 791 omnes
926 758 1096 791 habentes
1127 759 1363 801 concubinas.
1395 765 1457 792 aut
1482 771 1538 792 eas
1564 757 1815 805 desponsarent
1848 765 1884 791 et
1912 757 1977 792 sibi

457 818 713 865 conjungerent
730 829 793 862 per
811 816 1096 850 matrimonium.
1121 823 1183 850 aut
1200 817 1291 862 ipsas
1310 829 1328 850 a
1348 829 1383 851 se
1399 824 1605 850 amoverent
1617 844 1625 859 ‚
1647 824 1682 850 et
1697 816 1796 864 quod
1817 823 1979 851 conesta-

458 877 582 916 bularii
611 877 645 909 in
669 876 753 909 locis
775 875 841 908 sibi
867 874 1038 909 ordinatis
1063 875 1111 908 ita
1130 875 1290 909 dicerent
1315 882 1350 909 et
1371 876 1572 918 visitarent.
1604 882 1639 909 et
1660 888 1716 909 eas
1742 882 1947 909 amoverent
1967 888 1974 908 ι

456 936 611 981 alioquin
635 934 680 968 ad
701 934 884 969 decretum
901 934 1102 980 juratorum
1123 941 1158 968 01
1176 935 1310 968 consilii
1331 935 1578 968 bannirentur.
1601 934 1690 968 Item
1712 941 1859 980 propter
1881 946 1979 968 mor-

456 994 647 1037 talitatem.
677 993 775 1040 quod
800 993 827 1027 si
854 993 934 1039 quis
959 992 1146 1027 decederet
1168 993 1239 1026 sive
1264 992 1308 1026 de
1329 993 1406 1036 die.v
1431 993 1502 1027 sive
1525 992 1570 1027 de
1598 999 1722 1029 nocte.
1752 1005 1980 1039 quacumque

456 1053 561 1086 hora.
587 1052 845 1098 cujuscumque
871 1050 1101 1094 conditionis.v
1128 1051 1362 1085 incontinenti
1387 1064 1449 1085 sua
1474 1052 1564 1085 fossa
1592 1051 1691 1084 fieret
1717 1058 1749 1084 et
1772 1051 1980 1097 sepeliretur

456 1112 491 1145 in
511 1112 632 1145 locello
659 1111 730 1145 sive
751 1111 902 1154 feretro„
931 1117 965 1144 et
995 1109 1091 1157 quod
1117 1110 1289 1144 haberent
1315 1111 1471 1144 sonitum
1495 1122 1748 1156 campanarum
1781 1108 1978 1143 secundum

455 1183 560 1204 suum
575 1177 725 1213 statum7
746 1177 780 1203 et
794 1170 829 1203 in
846 1176 985 1203 tantum
999 1168 1098 1215 quod
1112 1169 1146 1202 in
1163 1170 1292 1213 missis.
1311 1169 1503 1203 Dominicis
1521 1168 1667 1212 diebus,
1686 1180 1810 1202 sonare
1829 1180 1981 1202 consue-

457 1236 533 1262 tum
548 1235 612 1262 est.
635 1228 746 1272 Item,
769 1227 867 1274 quod
887 1228 998 1261 fossae
1017 1228 1086 1261 sint
1101 1227 1299 1273 profundae
1318 1240 1375 1261 sex
1392 1226 1542 1273 pedibus
1562 1233 1597 1260 et
1616 1227 1727 1260 locelli
1747 1239 1818 1260 non
1837 1226 1978 1270 elevati,

457 1295 491 1321 et.
512 1287 611 1334 quod
634 1287 670 1320 in
695 1287 852 1333 qualibet
876 1286 1063 1332 parrochia
1082 1287 1151 1320 51111
1170 1298 1309 1332 semper
1335 1293 1476 1332 paratae
1498 1292 1569 1319 tres
1592 1286 1716 1319 fossae.
1747 1286 1834 1319 Item
1848 1312 1856 1327 .
1882 1284 1981 1332 quod

457 1347 493 1379 in
511 1346 636 1393 vigiliis
655 1351 690 1378 et
707 1345 743 1378 in
763 1345 866 1378 missa
885 1345 971 1378 fiant
990 1345 1026 1378 in
1045 1345 1197 1378 ecclesiis
1216 1344 1402 1390 exequiae.
1424 1357 1497 1378 uno
1515 1344 1620 1389 pallio
1640 1344 1754 1390 posito
1771 1356 1879 1390 super
1895 1350 1981 1377 stra-

458 1405 570 1447 mina.
600 1404 690 1437 sieut
715 1404 755 1437 fit
780 1404 813 1436 in
839 1403 1007 1446 servitiis.
1035 1410 1069 1437 et
1088 1403 1260 1436 luminare
1286 1403 1483 1437 secundum
1514 1403 1780 1448 possibilitatem
1803 1409 1838 1436 et
1860 1402 1982 1436 volun·

456 1470 565 1497 tatem
597 1463 811 1501 amicorum.
841 1468 876 1496 et
905 1462 1004 1508 quod
1029 1464 1063 1496 in
1094 1463 1186 1496 exitu
1214 1462 1378 1496 ecclesiae
1408 1474 1480 1495 non
1506 1461 1717 1495 conveniant
1747 1462 1783 1494 in
1814 1460 1981 1495 domibus

457 1522 708 1556 defunctorum
721 1548 730 1564 7
753 1533 817 1555 nec
837 1528 1016 1567 ponantur
1032 1521 1139 1555 banni
1158 1528 1219 1555 aut
1233 1521 1331 1555 sedes
1350 1522 1386 1554 in
1401 1521 1501 1563 vicis.
1523 1533 1588 1554 nee
1606 1520 1691 1553 fiant
1710 1520 1776 1554 alia
1794 1526 1975 1554 consueta.

456 1581 544 1614 Item
558 1608 565 1619 .
595 1580 693 1626 quod
712 1580 830 1613 nullus
848 1579 892 1613 de
914 1580 1016 1627 nigro
1034 1581 1223 1623 vestiatur.
1246 1580 1311 1613 nisi
1331 1586 1450 1625 pater.
1473 1581 1598 1620 frater,
1621 1579 1769 1612 maritus
1789 1585 1850 1612 aut
1867 1579 1982 1612 infan-

456 1646 524 1682 tes.
548 1651 612 1673 nec.
628 1639 689 1672 fiat
704 1638 905 1673 convivium
923 1638 1095 1672 excedens
1114 1651 1177 1684 pro
1193 1638 1316 1672 decem
1331 1639 1498 1672 scutellis.
1516 1638 1623 1681 Item,
1640 1638 1707 1671 fuit
1722 1637 1980 1684 proclamatum

456 1698 554 1744 quod
578 1698 695 1731 nullus
722 1703 801 1743 post
829 1709 959 1730 nonam
986 1697 1023 1730 in
1049 1697 1106 1730 die
1128 1697 1264 1731 sabbati
1290 1704 1498 1743 operaretur
1524 1696 1568 1730 de
1593 1708 1824 1743 quocumque
1851 1708 1979 1742 opere,

457 1770 521 1791 nec
540 1756 707 1790 venderet
726 1763 788 1790 aut
805 1763 950 1790 emeret.
971 1756 1080 1799 Item.
1104 1756 1201 1802 quod
1220 1757 1256 1789 111
1275 1756 1332 1790 die
1352 1756 1537 1790 Dominica
1554 1755 1643 1789 nihil
1660 1755 1893 1798 venderetur7
1915 1755 1981 1789 nisi

455 1816 630 1849 victualia.
660 1815 767 1856 Item.
797 1814 894 1861 quod
921 1827 993 1848 non
1019 1821 1133 1848 essent
1156 1815 1305 1848 faetores
1331 1821 1391 1848 aut
1422 1814 1623 1848 venditores
1655 1813 1877 1857 taxillorum,
1917 1826 1982 1848 nec

457 1873 554 1921 quod
581 1874 672 1907 ullus
694 1873 796 1919 jocus
822 1873 921 1907 fieret
947 1885 1095 1919 quoquo
1122 1873 1248 1916 modo,
1276 1873 1338 1907 ubi
1363 1879 1547 1907 currerent
1569 1879 1631 1906 aut
1652 1879 1768 1906 essent
1797 1872 1918 1906 taxilli.
1940 1873 1982 1907 Et

457 1932 555 1979 quod
574 1933 609 1966 in
628 1932 757 1966 talibus
776 1944 839 1966 nec
858 1932 894 1965 in
913 1932 987 1966 aliis
1010 1932 1106 1965 nulla
1125 1939 1257 1976 essent7
1279 1933 1369 1966 510111
1391 1939 1481 1966 esset
1498 1938 1728 1975 consuetum.
1750 1931 1795 1966 de
1820 1932 1892 1966 Deo
1916 1922 1982 1966 nec

456 1990 500 2025 de
519 1991 646 2025 sanctis
658 1991 873 2036 juramenta.

506 2049 689 2083 Praedicta
714 2055 832 2082 autem
858 2061 920 2094 per
945 2048 1090 2095 aliquod
1108 2049 1262 2095 spatium
1287 2050 1458 2095 temporis
1481 2048 1721 2092 duraverunt,
1743 2055 1865 2095 postea
1882 2049 1982 2084 inva-

456 2110 607 2143 lescente
621 2108 774 2155 graviter
788 2107 1008 2141 mortalitatis
1022 2114 1247 2154 tempestate.
1267 2108 1335 2142 fuit
1350 2108 1385 2141 in
1402 2107 1460 2141 die
1474 2107 1584 2141 sancti
1599 2107 1766 2141 Matthaei
1782 2107 1982 2153 proclama-

455 2175 553 2201 tum.
576 2166 674 2213 quod
695 2167 849 2200 totaliter
871 2166 987 2200 nullus
1011 2166 1054 2200 de
1073 2167 1182 2215 nigris
1204 2167 1360 2201 vestibus
1386 2167 1593 2210 vestiretur.
1615 2178 1680 2199 nec
1699 2166 1835 2200 sonitus
1855 2166 1982 2213 aliquis

456 2227 553 2260 fieret
574 2238 637 2271 pro
660 2225 853 2269 defunctis7
883 2238 947 2259 nec
967 2226 1070 2271 pallia
1093 2233 1332 2272 ponerentur.
1358 2238 1423 2260 nec
1448 2231 1563 2260 essent
1586 2237 1683 2258 more
1703 2225 1806 2259 solito
1830 2237 1982 2274 congre—

458 2285 527 2332 gati
548 2284 733 2318 invitantes
755 2283 799 2317 ad
823 2284 990 2317 interesse
1016 2284 1192 2330 exequiis7
1220 2284 1285 2318 nisi
1304 2285 1419 2318 solum
1440 2283 1513 2318 duo
1536 2283 1597 2330 qui
1617 2283 1914 2329 deprecarentur,
1941 2290 1982 2318 ut

458 2342 663 2376 interessent
683 2342 808 2390 vigiliis
827 2349 861 2376 et
878 2343 1003 2376 missae
1018 2343 1146 2377 solum.
1169 2343 1352 2377 Praedicta
1372 2350 1407 2377 et
1425 2343 1491 2377 alia
1508 2343 1620 2376 multa
1640 2354 1704 2389 pro
1723 2343 1874 2376 utilitate
1894 2342 1982 2376 civi-

457 2401 538 2434 tatis
556 2401 715 2434 fecerunt
737 2402 993 2448 gubernatores
1017 2403 1052 2435 in
1078 2403 1143 2436 illis
1172 2402 1299 2437 diebus
1323 2403 1542 2449 proclamare
1568 2402 1635 2436 sub
1662 2402 1764 2436 certis
1790 2401 1912 2447 poenis
1935 2400 1980 2435 ad

458 2459 674 2492 voluntatem
691 2460 892 2504 juratorum
912 2466 945 2493 et
968 2461 1115 2493 consilii.
