2118 3184
419 414 683 450 CHRONICON'
712 413 925 449 BALDUINI
954 413 1257 449 NINOVIENSIS.
1523 414 1589 448 6-'41

81 523 213 569 quievit
238 523 402 557 triennio.
425 521 612 557 Lotharius
633 534 693 556 rex
711 522 822 556 filium
842 534 947 556 suum
967 522 1205 570 Dagobertum
1223 523 1260 556 in
1283 534 1393 570 regno
1410 522 1593 556 constituit

81 581 356 615 Austrasiorum.

130 640 232 673 Auno
248 638 454 673 Dcxxxlll
466 664 474 680 2
491 637 668 671 Heraclius
683 637 981 683 imperavitannis
999 650 1083 681 xxx,
1104 639 1141 672 in
1158 639 1254 673 omni
1269 638 1399 685 praelio
1415 644 1536 672 tenens
1555 638 1589 672 in

84 697 246 731 manibus
264 697 414 745 figuram
436 696 589 738 Domini7
610 707 717 742 quam
738 696 811 741 ipse
824 722 832 729 .
855 708 918 742 per
935 709 1043 743 quem
1062 698 1152 731 facta
1171 704 1254 731 sunt
1272 698 1390 731 omnia
1404 698 1477 731 sine
1495 698 1590 730 omni

80 755 238 790 humano
257 767 381 801 opere.
408 754 575 800 expressit
597 754 632 788 in
652 754 777 788 iconia.
808 754 896 788 Cum
917 755 989 800 jam
1010 755 1128 789 multis
1150 756 1250 789 annis
1274 755 1394 789 Persas
1422 755 1590 801 frequen-

80 815 175 849 tibus
190 813 328 860 praeliis
346 813 583 855 contrivisset7
605 811 747 846 tandem
767 811 920 846 Cosdroe'
939 813 1051 846 filium
1066 814 1101 847 in
1119 813 1364 847 monomachia
1383 813 1587 851 devincens.¹

80 872 234 906 Cosdroe‘
252 883 396 918 quoque
416 878 521 916 caput
543 871 578 904 in
599 883 706 904 aureo
725 871 821 904 coelo
837 870 990 905 sedentis
1008 873 1216 918 amputavit,
1236 879 1342 918 atque
1360 871 1441 906 inde
1457 871 1590 906 Zacha-

79 931 167 965 riam
193 929 428 976 patriarcham
448 941 530 963 cum
556 929 776 975 captivorum
797 929 928 975 populo
948 929 1120 964 reducens
1143 936 1176 964 et
1201 942 1343 964 crucem
1370 930 1509 964 Domini
1537 937 1589 964 te—

77 1001 181 1032 nens7
197 1000 279 1022 cum
293 994 448 1022 sanctam
464 988 640 1021 civitatem
659 987 755 1035 regio
773 994 924 1022 scemate
941 995 1087 1022 ornatus
1104 989 1207 1023 vellet
1220 989 1350 1022 intrare
1362 1015 1371 1032 ,
1393 1001 1475 1023 mox
1488 996 1590 1034 porta

77 1060 114 1083 se
137 1053 217 1094 post
235 1059 271 1081 se
289 1047 414 1081 clausit
430 1053 465 1080 et
483 1047 520 1080 in
539 1058 683 1080 murum
703 1045 848 1080 solidata
863 1047 970 1080 stetit.
991 1046 1060 1081 Sed
1078 1047 1262 1081 humiliato
1285 1048 1321 1080 in
1338 1059 1374 1081 se
1393 1060 1528 1082 reversa
1554 1060 1589 1082 sc

78 1107 228 1154 aperuit.
251 1105 331 1147 Quo
344 1106 417 1139 viso
437 1106 628 1151 imperator
645 1105 883 1139 celebritatem
897 1106 1114 1139 exaltationis
1133 1107 1247 1140 crucis
1266 1105 1453 1140 dedicavit.

127 1164 276 1199 Sanctus
291 1164 383 1198 Bavo
402 1176 421 1197 a
439 1170 559 1197 sancto
575 1162 735 1197 Amaudo
753 1164 916 1197 iuventus
931 1164 1087 1197 abstrahi
1101 1176 1171 1198 non
1190 1165 1377 1210 quivisset,
1400 1165 1464 1198 nisi
1478 1165 1509 1198 ei
1524 1165 1589 1199 cel—

80 1224 147 1258 lam
162 1223 365 1257 reclusionis
374 1222 474 1268 juxta
491 1222 742 1255 monasterirum
757 1223 982 1256 concessisset
995 1235 1001 1255 :
1016 1235 1123 1268 quem
1138 1222 1341 1269 Sigebertus
1354 1223 1420 1256 sub
1434 1223 1588 1257 Honorio

79 1293 169 1328 papa
185 1293 230 1314 xv
248 1292 341 1314 anno
360 1280 598 1314 conversionis
615 1291 698 1313 suae
716 1279 838 1313 scribit
859 1280 990 1322 obisse7
1015 1292 1096 1313 cum
1111 1280 1229 1326 potius
1248 1280 1314 1314 sub
1331 1280 1481 1315 Martino
1500 1293 1589 1327 papa

77 1340 245 1388 migrasse
266 1344 431 1384 putetur3
458 1336 654 1371 secundum
674 1343 770 1385 gesta
789 1337 911 1383 ipsius.
936 1338 999 1371 Hic
1019 1339 1054 1371 in
1078 1338 1166 1372 hora
1190 1339 1356 1372 transitus
1375 1340 1428 1372 sui
1451 1346 1589 1373 sanctae

76 1397 243 1433 Gen-trudi
264 1403 433 1444 cognatae
451 1408 534 1430 suae
552 1396 703 1430 Nix-ellae
723 1396 837 1429 oranti
857 1396 1040 1442 apparuit,
1060 1395 1180 1431 dicens
1201 1403 1243 1430 ut
1259 1403 1370 1431 vestes
1389 1398 1589 1443 sepulturae

76 1463 175 1504 aptas
188 1468 270 1490 mox
284 1455 349 1489 sibi
370 1461 508 1501 pararet
525 1460 560 1488 et
579 1455 746 1488 mitteret.

126 1514 348 1562 Dagobertus
365 1525 448 1547 cum
471 1519 570 1558 patre
594 1513 761 1546 Lothario
784 1512 828 1547 de
851 1512 1046 1547 saxonibus
1066 1513 1249 1548 victoriam
1268 1515 1448 1558 obtinens,
1468 1527 1589 1549 omnes

76 1572 184 1622 gladii
201 1572 254 1606 sui
273 1583 475 1606 mensuram
500 1571 707 1605 excedentes
726 1571 868 1606 occidit.
896 1571 966 1613 Qui
986 1571 1142 1618 quodam
1160 1579 1320 1620 tempore
1339 1574 1425 1608 iram
1443 1574 1590 1607 meritus

76 1632 185 1678 patris
201 1630 255 1664 sui
267 1657 276 1673 ‚
296 1630 380 1677 quia
398 1629 525 1663 ducem
544 1630 618 1675 ejus
636 1642 776 1663 caesum
795 1636 831 1664 et
846 1637 1024 1664 attonsum
1041 1629 1333 1665 dehonestaverat
1344 1659 1353 1676 ‚
1374 1632 1526 1666 Parisius
1544 1631 1589 1666 ad

76 1689 257 1724 ecclesiam
267 1688 377 1722 sancti
386 1688 542 1734 Dionysii
553 1688 733 1736 confugit,
750 1694 785 1722 et
794 1689 877 1735 quia
891 1688 974 1723 inde
984 1688 1120 1722 extrahi
1134 1701 1205 1722 non
1219 1690 1348 1735 potuit7
1362 1690 1478 1724 locum
1489 1690 1588 1723 illum

76 1759 216 1794 semper
233 1746 332 1781 cordi
350 1747 488 1781 habuit.
507 1747 570 1780 Hic
584 1753 726 1781 mortuo
740 1754 857 1794 patre,
872 1760 966 1782 anno
981 1747 1198 1791 DCXXXH',
1215 1748 1285 1794 xiiij
1302 1749 1401 1782 annis
1415 1749 1584 1796 regnavit.

76 1805 276 1847 Mahumet,
298 1817 339 1839 ex
357 1805 518 1851 orphano
537 1812 571 1839 et
588 1805 711 1851 inope7
733 1806 877 1854 magicis
894 1806 1090 1854 praestigiis
1107 1807 1297 1840 ammiralis
1315 1806 1588 1841 Sarracenorum

75 1864 239 1899 efficitur.
259 1864 322 1898 Hic
340 1864 440 1910 quasi
458 1863 665 1910 epilepticus
681 1864 886 1910 frequenter
906 1863 1090 1908 decidens,
1109 1863 1249 1898 dicebat
1269 1877 1305 1899 se
1323 1877 1405 1899 cum
1429 1864 1588 1899 Gabriele

77 1922 289 1970 archangelo
302 1921 518 1967 colloquium
528 1921 676 1962 habere,
693 1922 830 1968 sibique
844 1922 967 1956 datum
982 1922 1125 1969 suisque
1139 1921 1340 1968 paradisum
1351 1950 1360 1965 ,
1381 1923 1443 1957 ubi
1458 1923 1587 1957 multa-

76 1993 158 2014 rum
171 1980 383 2014 feminarum
399 1980 514 2013 mariti
528 1980 565 2013 in
580 1980 758 2025 perpetuis
773 1981 940 2014 conviviis
954 1992 1073 2014 secum
1087 1979 1301 2028 gauderent,
1318 1980 1363 2015 de
1379 1981 1491 2015 tribus
1506 1981 1587 2015 rivis

77 2039 147 2073 vini
159 2065 169 2082 ⁷
189 2038 288 2072 lactis
305 2044 341 2072 et
355 2038 464 2072 mellis
480 2050 619 2084 semper
638 2039 840 2072 haurientes
855 2037 1033 2085 quidquid
1050 2039 1190 2072 vellent.

123 2097 310 2132 severinus
323 2109 414 2143 papa
426 2097 601 2142 praesidet
614 2097 636 2143 ij
652 2098 849 2141 mensibus,
865 2104 900 2131 et
914 2104 994 2143 post
1007 2109 1089 2131 eum
1103 2097 1281 2131 Johannes
1294 2123 1303 2139 ‚
1321 2110 1413 2131 anno
1427 2104 1462 2131 et
1479 2096 1587 2131 djmi-

75 2155 149 2190 dio.
170 2154 374 2203 Sigebertus
395 2155 530 2198 infans,
552 2155 644 2189 filius
665 2156 855 2203 Dagoberti
868 2182 877 2200 ,
900 2155 986 2190 dum
1007 2168 1027 2189 a
1043 2161 1163 2189 sancto
1184 2154 1345 2189 Amando
1366 2155 1583 2201 baptizatur7

76 2214 275 2249 tacentibus
288 2214 437 2256 cunetis„
456 2213 530 2259 ipse
544 2214 660 2247 infans
674 2214 707 2247 xl
721 2213 860 2248 dierum
875 2213 1058 2260 respondit
1071 2226 1078 2247 z
1095 2226 1213 2247 amen.
1230 2213 1273 2247 Et
1286 2213 1466 2247 Amandus
1482 2213 1587 2248 datur

77 2273 263 2319 episeopus
278 2271 571 2317 Trajectensibus.
591 2271 813 2319 Dagobertus
830 2271 969 2306 Sclavos
986 2272 1078 2305 bello
1091 2271 1258 2314 domans,
1278 2272 1382 2304 etiam
1397 2271 1586 2305 wascones

75 2332 142 2366 sub
155 2331 284 2378 jugum
301 2330 420 2364 mittit.
439 2329 641 2372 Oswaldus,
659 2342 768 2378 regno
784 2330 978 2378 Anglorum
995 2336 1158 2375 suscepto
1170 2356 1179 2372 ‚
1196 2341 1314 2377 regem
1329 2329 1512 2363 Britonum
1529 2341 1586 2376 pe-

76 2389 175 2424 rimit
188 2389 273 2422 etin
287 2387 356 2422 fide
370 2387 498 2422 Christi
517 2399 624 2433 super
641 2400 763 2422 omnes
778 2388 976 2422 Britanniae
992 2399 1091 2436 reges
1109 2387 1271 2429 emicuit;
1293 2387 1352 2421 hic
1369 2387 1458 2421 obiit
1475 2399 1585 2421 nonas

76 2447 238 2496 Augusti.
405 2439 409 2443 ⁴

123 2505 165 2540 In
182 2504 326 2539 Francia
339 2503 468 2538 florent
479 2503 549 2538 hoc
562 2509 722 2550 tempore
744 2510 814 2538 tres
830 2504 955 2538 fratres
974 2502 1070 2547 Ado,
1090 2502 1208 2547 Rado,
1230 2501 1328 2537 Dado
1340 2529 1350 2546 ‚
1375 2503 1438 2550 qui
1456 2503 1585 2552 singuli

173 2563 260 2598 Το11.
289 2561 336 2597 lI.
1442 2559 1486 2595 81
