2118 3184
476 425 703 464 CHRONICA
730 422 898 459 Ans-{DII
926 421 967 455 LI
995 417 1158 454 MUISIS.

476 539 514 571 Et
537 536 670 581 ubique
690 534 760 567 cito
780 532 906 565 scitum

479 596 552 629 Fuit
573 592 670 640 quod
690 591 909 625 deviaverat:

479 654 518 686 Et
539 653 586 685 sic
605 649 704 684 sodes
722 661 846 683 vacans
864 654 950 681 erat.

384 712 454 747 645
481 711 561 752 Quo
580 708 717 755 sepulto
736 714 775 741 ut
793 706 912 740 decuit
925 732 933 738 .

483 770 563 803 Posi
583 766 727 813 aliquod
747 773 886 811 tempus
904 763 969 797 fuit

482 829 634 862 Suorum
654 824 885 859 cardinalium

483 887 522 920 ln
543 886 639 919 curia
658 883 873 917 morantium
888 908 896 915 .

484 945 526 978 Ut
546 944 630 976 solet
641 970 649 985 e
671 939 898 988 congregatio
908 965 915 971 .

389 1003 459 1039 650
489 1004 601 1048 Atque
619 1002 667 1035 sic
686 999 862 1034 ordinatio

487 1060 591 1102 Quod
611 1060 705 1093 diem
724 1058 769 1092 ad
788 1055 989 1105 eligendum

486 1121 636 1166 Papamff
658 1118 728 1151 sive
750 1113 1010 1162 providendum

489 1177 660 1212 Ecclesiae
678 1175 722 1209 de
740 1180 879 1221 pastore
890 1200 898 1214 „

490 1236 577 1270 Cum
597 1235 706 1282 digno
724 1233 826 1266 solito
846 1242 956 1264 more.

395 1296 465 1332 655
491 1294 642 1328 Consilio
660 1291 830 1331 adunato,

492 1355 531 1388 ln
551 1360 710 1397 tempore
728 1349 794 1383 sibi
813 1347 897 1381 dato
910 1373 918 1379 ,

492 1413 532 1446 In
552 1417 648 1445 certo
667 1409 744 1442 loco
764 1412 847 1441 sunt
865 1405 973 1438 missi.

494 1470 619 1504 Statim
638 1468 729 1502 viam
748 1462 992 1510 compromissi

494 1527 738 1564 Communiter
755 1524 939 1571 elegerunt

401 1588 470 1623 660
498 1589 612 1633 Atque
632 1586 743 1630 ipsam
760 1587 968 1616 tenuerunt.

497 1644 689 1680 Confestim
708 1640 1020 1687 compromissores
1029 1664 1037 1680 Ἴ,

496 1706 547 1739 De
565 1703 700 1752 gremio
718 1699 956 1747 promptiores

498 1764 688 1811 Elegerunt
707 1758 943 1794 concorditer.

499 1823 540 1857 In
559 1834 632 1856 uno
651 1821 727 1854 loco
746 1819 877 1865 pariter

406 1881 477 1917 665
502 1882 544 1915 Ηί
564 1881 709 1914 fuerunt
727 1877 884 1911 adunati.

504 1939 573 1981 Qui
591 1939 639 1972 sic
657 1942 757 1971 erant
774 1932 999 1974 concordati,

505 1998 687 2031 Tractatus
706 1995 836 2028 multos
855 1992 1043 2031 habente&

505 2056 659 2090 Invicem
678 2052 922 2087 dissentientes
933 2076 941 2087 ,

508 2114 604 2148 Unus
623 2112 749 2147 dixisse
766 2109 898 2144 dicitur
919 2121 926 2140 :

413 2172 482 2208 670
513 2186 530 2202 «
557 2171 648 2212 Quia
666 2170 725 2204 hic
743 2175 854 2203 status
872 2166 1047 2207 ambitur7

510 2230 642 2276 Papam
660 2228 780 2262 album
799 2226 990 2261 habuimus
1003 2251 1011 2265 7

508 2287 615 2322 Modo
634 2288 777 2334 nigrum
796 2285 989 2330 capiamus.

511 2347 571 2380 Est
588 2345 646 2379 hic
664 2344 793 2391 dignus
812 2340 1012 2388 promoveri

515 2404 680 2452 Magister
697 2403 822 2436 Petrus
841 2399 982 2447 Rogeri.

419 2465 490 2501 675
517 2463 550 2498 Si
569 2461 701 2496 velletis
719 2457 934 2494 concordare
948 2485 956 2499 ,

516 2523 558 2556 Et
576 2521 606 2555 ei
625 2520 722 2554 hunc
739 2525 871 2552 statum
887 2515 972 2550 dare
985 2541 993 2557 a
