2118 3184
431 410 691 445 CHROMCON
723 411 931 445 mmmm
962 411 1261 447 Nan'fflNSls.
1537 412 1606 446 613

90 518 152 563 qui
171 517 375 563 Byzantium
395 517 525 551 dicitur
541 517 747 559 aedificare,
765 518 824 550 ubi
843 519 895 551 sui
913 519 1064 551 nominis
1082 520 1258 553 civitatem
1278 520 1493 563 aedificavit,
1515 534 1605 567 quae

91 575 126 608 in
151 574 185 609 id
207 576 431 609 sublimitatis
454 582 617 622 provecta
641 582 711 617 est,
742 582 780 608 ut
804 576 928 609 merito
952 576 1090 610 dicatur
1113 578 1218 611 altera
1240 578 1367 622 Roma,
1394 579 1450 613 cui
1470 580 1601 619 forma,

91 635 266 679 potentia.
289 634 436 676 dixitiis,
459 634 552 667 nulla
569 634 675 679 possit
693 635 849 680 aequari.
874 634 924 668 .th
943 635 1033 668 hanc
1053 648 1136 683 ergo
1153 636 1271 670 sedem
1292 638 1469 671 transtulit
1490 639 1604 684 impe—

90 693 208 726 rialem
227 705 406 726 romanam
425 692 629 726 cathedram
646 699 680 726 et
699 693 814 726 aulam
835 694 966 740 regiam
980 721 987 731 ,
1010 706 1146 727 necnon
1167 701 1201 728 et
1222 696 1345 741 capitis
1362 697 1414 729 sui
1436 709 1602 730 coronam

89 763 227 784 summo
252 750 462 784 contradens
484 751 658 796 pontifici,
681 751 872 796 plenariam
892 751 1170 785 dominationem
1195 753 1284 786 infra
1312 754 1456 787 Romam
1477 767 1603 800 perpe-—

88 815 149 842 tuo
163 810 193 842 ei
208 809 438 842 communivit
455 809 648 856 privilegio.
666 808 868 843 Notandum
879 822 976 857 ergn,
993 822 1104 855 quum
1119 810 1264 856 quidem
1275 811 1318 844 ad
1334 812 1429 846 hunc
1445 813 1603 847 venimus

88 868 225 910 locum,
247 867 344 913 quod
366 868 520 901 Romana
539 868 682 902 ccclesia
699 869 789 901 inter
807 875 959 902 caeteras
975 869 1130 914 primum
1152 869 1267 903 locum
1287 871 1441 913 obtinet,
1460 872 1602 905 Alexan·

86 925 187 959 drina
206 926 289 960 olim
305 925 501 959 secundum
515 953 523 968 ,
546 938 640 960 nunc
656 939 736 959 vero
760 926 1145 972 Constantinopolitana
1159 955 1167 970 ,
1191 929 1335 962 tertium
1359 929 1577 964 Antiocliena
1590 958 1598 971 .

85 990 252 1029 quartum
272 984 603 1030 Jherosolymitana.

85 1099 192 1143 sedit,
219 1107 420 1135 statuerunt
442 1108 481 1135 ut
503 1101 555 1134 bis
573 1102 608 1134 in
628 1101 723 1134 omni
743 1102 888 1135 sabbato
907 1101 1170 1143 c0111ede=·etur;
1194 1115 1237 1135 nc
1257 1110 1401 1149 propter
1419 1104 1600 1138 abstinen-

85 1159 186 1202 tiam,
208 1161 291 1206 quia
311 1160 341 1205 vj
361 1160 445 1193 feria
459 1160 713 1205 jejunavimus,
736 1166 859 1193 natura
878 1160 1093 1193 debilitetur.
1115 1160 1153 1193 ln
1174 1160 1416 1207 redemptione
1434 1163 1600 1196 sabbato-

84 1229 163 1251 rum
185 1217 475 1265 quadragesimae
493 1218 721 1263 jejunabatur
739 1218 822 1251 olim
842 1230 911 1251 una
930 1218 1124 1263 septimana
1148 1225 1228 1251 ante
1247 1219 1595 1267 quinquagesimam„

83 1288 174 1322 quae
187 1275 317 1310 dicitur
328 1276 541 1323 sexagesima
558 1283 592 1309 et
604 1275 828 1321 protenditur
842 1289 953 1322 usque
971 1275 1015 1309 ad
1032 1283 1195 1322 quartam
1210 1278 1332 1311 feriam
1347 1285 1425 1323 post
1442 1279 1573 1314 Pascha
1588 1308 1595 1323 ,

83 1334 203 1369 addita
221 1347 365 1381 quoque
383 1341 435 1368 est
453 1341 487 1367 et
509 1334 574 1367 alia
593 1335 788 1380 septimana
806 1347 870 1380 pro
890 1335 1014 1381 quinta
1033 1336 1136 1377 feria,
1157 1348 1247 1381 quae
1267 1336 1350 1369 olim
1371 1345 1516 1383 propter
1535 1340 1598 1373 As-

81 1393 280 1427 censioncm
297 1393 443 1427 celebris
461 1392 529 1426 fuit
540 1419 548 1435 ,
571 1399 606 1425 et
623 1393 671 1426 ita
686 1405 705 1425 a
722 1392 1034 1426 circumdederunt
1045 1393 1206 1438 jejunare
1224 1394 1440 1439 incipiebant
1457 1403 1491 1429 et
1505 1396 1597 1431 dicta

81 1458 132 1485 est
146 1451 402 1499 septuagesima
412 1478 420 1493 ,
437 1463 528 1496 quae
544 1450 769 1496 protenditur
783 1463 895 1497 usque
910 1450 954 1484 ad
969 1451 1155 1484 sabbatum
1166 1458 1245 1496 post
1256 1452 1401 1496 Pascha,
1418 1465 1482 1498 pro
1498 1467 1540 1488 cu
1540 1455 1598 1500 jus

80 1509 186 1543 etiam
205 1509 541 1543 commemoratione
559 1507 726 1556 graduale
741 1508 785 1542 ad
804 1509 944 1542 missam
959 1508 1050 1542 infra
1067 1508 1329 1544 hebdomadam
1349 1511 1502 1545 Paschae
1517 1520 1597 1546 ante

80 1568 216 1602 alleluia
233 1568 391 1610 canitur,
413 1566 511 1614 quod
529 1573 563 1600 ct
581 1579 646 1613 pro
665 1566 787 1600 eadem
803 1579 906 1601 causa
920 1567 1096 1600 omittitur
1110 1567 1146 1600 in
1160 1568 1306 1602 sabbato
1327 1569 1491 1603 Paschae.
1514 1570 1597 1617 Sep-

80 1627 272 1675 tuagesima
287 1633 372 1660 tunc
387 1627 614 1669 terminante,
635 1626 928 1674 quinquagesima
946 1638 1028 1659 vero
1046 1626 1112 1659 hac
1128 1625 1172 1659 de
1191 1639 1295 1661 causa
1312 1628 1454 1674 incepit.
1473 1629 1594 1664 Clerici

78 1685 235 1719 videntes
258 1698 294 1719 se
313 1685 494 1718 sanctitate
519 1685 623 1718 la'1'cos
649 1683 857 1730 praecedere
880 1684 1030 1727 debere,
1057 1683 1101 1718 ad
1126 1691 1234 1730 caput
1252 1685 1378 1731 jejunii
1407 1686 1497 1721 duos
1521 1688 1595 1722 dies

73 1744 198 1789 jejunii
214 1743 430 1777 addiderunt
443 1750 477 1777 et
491 1743 584 1777 dicta
598 1749 650 1777 est
667 1743 959 1791 quinquagesima
974 1770 982 1785 ,
1000 1749 1034 1776 et
1047 1744 1258 1777 terminatur
1275 1745 1310 1777 in
1328 1745 1472 1779 Pascha.
1497 1747 1595 1787 Qua-

77 1802 275 1851 dragesima
292 1815 375 1836 vero
393 1803 514 1836 finitur
532 1803 568 1835 in
589 1814 696 1836 coena
716 1802 870 1836 Domini.

126 1861 194 1895 Iste
209 1860 395 1907 Sylvester,
411 1873 491 1894 cum
510 1860 584 1894 dies
603 1873 621 1893 a
641 1860 708 1894 diis
727 1861 823 1906 prius
837 1860 1165 1904 denominarentur,
1187 1862 1289 1894 ferias
1304 1863 1477 1896 nominari
1494 1864 1594 1897 insti-

79 1920 163 1963 tuit,
175 1920 259 1966 quia
272 1932 392 1954 vacare
406 1926 441 1953 ct
453 1932 586 1954 cessare
598 1932 618 1952 a
634 1920 782 1967 negotiis
797 1919 1013 1953 secularibus
1028 1919 1159 1952 debent
1174 1920 1324 1968 religiosi
1339 1934 1344 1953 :
1363 1921 1458 1955 unde
1472 1934 1593 1956 secun-

77 1979 173 2021 dam,
190 1978 345 2020 tertiam,
363 1984 540 2023 quartam,
556 1978 718 2024 quintam
729 1984 763 2011 et
777 1984 909 2010 sextam
923 1977 1046 2010 feriam
1063 1978 1199 2011 vocavit
1209 2005 1217 2021 ,
1236 1979 1421 2013 sabbatum
1433 1992 1473 2013 ex
1486 1982 1591 2014 veteri

76 2042 284 2070 testamento
299 2042 334 2069 et
350 2035 564 2070 dominicam
583 2049 624 2069 ex
643 2048 755 2079 novo,
778 2042 922 2082 propter
943 2036 1235 2070 resurrectionem
1252 2036 1378 2071 Christi
1397 2051 1590 2073 assumens.

126 2095 228 2128 Arius
246 2094 290 2127 ab
308 2095 410 2128 exilio
429 2101 610 2128 revocatus
626 2101 756 2128 sectam
777 2107 875 2128 suam
892 2095 928 2127 in
943 2094 1064 2128 charta
1078 2095 1245 2141 scriptam
1260 2096 1326 2129 sub
1340 2096 1463 2130 ascella
1478 2098 1593 2131 ferens

77 2153 294 2196 occultabat,
319 2159 353 2186 et
372 2153 430 2186 tali
449 2160 522 2186 arte
540 2153 711 2187 deludens
725 2154 967 2199 juramentum
981 2180 990 2196 .,
1011 2153 1152 2187 dicebat
1168 2166 1204 2187 se
1223 2154 1366 2188 credere
1385 2162 1425 2188 ut
1439 2156 1593 2202 scripsis-

75 2218 127 2245 set
149 2225 155 2244 2
178 2211 355 2245 obtulerat
375 2212 468 2245 enim
495 2218 594 2245 antea
619 2212 822 2257 imperatori
846 2213 963 2246 fictam
990 2211 1072 2245 fidei
1095 2213 1409 2259 conseriptionem,
1439 2227 1503 2260 pro
1522 2227 1591 2261 qua

75 2270 215 2318 gavisus
233 2271 425 2316 imperator
442 2269 593 2303 credidit
613 2282 695 2303 eum
715 2271 846 2305 Niceno
866 2271 1015 2304 concilio
1032 2272 1243 2304 consentire.
1266 2271 1354 2305 Cum
1373 2285 1458 2320 ergo
1478 2273 1592 2319 impe-

73 2329 193 2363 rialem
211 2330 326 2363 aulam
343 2329 521 2377 ingressus
538 2329 716 2374 obsequiis
731 2329 918 2362 satellitum
938 2329 1077 2362 Eusebii
1096 2329 1332 2364 honoraretur
1345 2358 1353 2373 ,
1375 2337 1489 2364 terror
1508 2344 1589 2364 eum

73 2388 191 2421 subito
213 2400 254 2421 ex
280 2387 513 2421 conscientiae
537 2393 670 2420 secreto
694 2387 920 2430 constrinxit,
947 2393 1268 2434 percunctatusque
1290 2401 1482 2430 secessum,
1508 2401 1589 2423 cum

72 2445 155 2479 illuc
178 2446 402 2492 perrexisset,
431 2457 500 2478 una
520 2458 600 2478 cum
624 2446 837 2479 stercoribus
857 2445 1022 2479 interiora
1051 2446 1211 2492 prolapsa
1232 2454 1327 2480 sunt.
1356 2448 1446 2495 Ergo
1467 2460 1591 2494 quam-

72 2505 121 2538 vis
140 2517 256 2539 errare
275 2505 406 2547 voluit,
428 2504 555 2538 erroris
576 2516 687 2549 poena
707 2516 776 2538 non
796 2504 921 2538 caruit.
945 2505 992 2538 De
1011 2517 1083 2550 quo
1102 2505 1151 2539 sic
1172 2505 1317 2551 quidam
1338 2506 1464 2540 cecinit
1482 2520 1488 2539 ε
