2118 3184
627 422 888 458 CHRONICON
918 424 1120 458 MUEYINI.
1559 425 1629 460 305·

114 529 202 563 toria
222 530 333 563 cessit.
360 531 459 564 Anno
482 542 564 564 vero
586 531 765 577 sequenti.
788 531 1014 565 Flamlrenses
1033 533 1209 566 civitatem
1230 532 1486 566 Tornacensem
1511 544 1629 566 mense

115 589 273 636 Augusto
292 588 528 622 obsederunt.
550 589 611 622 sed
631 589 717 622 nihil
737 590 959 635 proficientes
975 591 1167 625 inefficaces
1187 590 1366 624 redierunt
1387 590 1410 624 ¹.

164 647 264 679 Anno
291 647 430 680 Domini
457 647 672 690 MCCCYHI.
703 660 821 681 mense
848 648 1014 692 Octobri.
1047 656 1122 695 post
1157 650 1427 697 resignationem
1459 649 1629 683 Johannis

113 703 329 750 Carpentarii
341 731 348 738 .
369 705 506 738 abbatis
524 705 615 739 tertii
631 705 759 739 decimi
774 733 781 739 .
803 707 932 740 electus
948 707 1014 740 fuit
1034 708 1068 740 in
1089 708 1253 741 abbatem
1270 720 1332 754 per
1350 708 1441 741 viam
1461 720 1628 754 compro·

112 762 206 796 missi
220 762 372 796 Jacobus
386 762 430 796 de
445 763 573 806 Insula.
592 770 677 797 tunc
687 764 795 809 prior.
813 766 874 811 qui
890 765 1142 799 monasterium
1154 793 1162 808 .
1177 765 1391 811 impediente
1408 765 1625 807 infirmitate.

113 820 178 854 nisi
198 832 262 866 per
280 832 435 854 mensem
456 822 571 867 potuit
591 834 728 869 regere.
751 823 833 868 quia
856 830 969 856 morte
990 823 1190 869 prohibitus
1205 830 1255 857 est
1276 836 1494 869 permanere.

160 877 291 912 Eodem
307 891 413 922 anno„
433 892 550 913 mense
563 880 764 914 Novembri.
784 882 914 915 electus
929 888 979 915 est
995 894 1056 928 per
1067 882 1156 915 viam
1169 881 1285 916 Sancti
1297 883 1447 928 Spiritus
1464 882 1628 930 Aegidius

111 936 156 970 de
166 936 367 971 Warnavia.
386 944 471 972 tunc
487 939 583 985 prior
598 938 632 972 S.
652 939 814 982 Amandi.
834 952 943 986 propc
958 941 1151 974 Thorotam
1165 968 1172 983 .
1192 953 1393 987 munusque
1407 940 1627 975 benedictio-

111 995 164 1029 nis
182 996 336 1030 obtinuit
357 997 392 1030 in
413 998 502 1031 festo
523 997 738 1043 Epiphaniae
756 999 1003 1045 subsequenti.
1021 999 1247 1045 praefuitque
1261 1000 1360 1032 annis
1375 1000 1513 1033 circiter
1531 999 1622 1033 XIV.

160 1055 262 1088 Anno
283 1054 421 1089 Domini
441 1055 643 1099 MCCCXII.
667 1056 886 1102 praesidente
909 1058 1119 1103 apostolicae
1145 1057 1218 1091 sedi
1245 1057 1422 1091 Clemente
1446 1070 1555 1104 papa7
1583 1057 1627 1092 ad

111 1114 312 1147 instantiam
326 1141 334 1157 .
351 1121 392 1148 ut
405 1115 518 1148 fertur
531 1115 556 1157 2.
580 1115 732 1161 Philippi
750 1116 840 1163 regis
856 1116 1068 1149 Francorum
1079 1143 1087 1158 Ἰ
1110 1115 1198 1149 ordo
1213 1116 1362 1149 fratrum
1378 1116 1521 1150 militiae
1534 1123 1627 1150 tem-

110 1172 157 1218 pli
177 1171 482 1219 Hierosolymitani
504 1186 566 1219 per
585 1172 721 1206 dictum
741 1186 867 1219 papam
887 1173 1158 1207 condemnatur.

161 1233 262 1265 Anno
287 1232 426 1265 Domini
446 1231 627 1265 MCCCXH
642 1259 650 1271 .
673 1232 858 1278 Philippus
878 1232 1036 1275 Crassus.
1064 1245 1122 1266 rex
1142 1233 1375 1275 Francorum.
1404 1234 1466 1279 qui
1494 1246 1625 1267 novum

110 1289 280 1336 palatium
299 1290 438 1323 Parisiis
457 1290 670 1332 construxit.
694 1290 840 1323 consilio
863 1290 1062 1337 Ingelranni
1087 1290 1131 1323 de
1155 1289 1347 1337 fllarefsny,
1370 1291 1520 1325 moritur
1537 1298 1571 1325 et
1590 1293 1623 1325 in

109 1349 322 1382 monasterio
336 1347 370 1381 S.
391 1348 546 1394 Dionysii
564 1348 598 1381 in
613 1349 774 1382 Francia.
793 1361 875 1382 cum
890 1348 1218 1394 praedecessoribus
1236 1349 1307 1382 suis
1321 1349 1501 1395 sepelitur,
1522 1351 1624 1396 eique

110 1406 266 1441 succedit
286 1406 486 1440 Ludovicus
502 1407 595 1440 filius
614 1407 689 1452 ejus
706 1406 739 1449 5.
761 1407 955 1455 vulgariter
970 1407 1139 1441 Hustinus
1153 1407 1280 1441 dictus.

158 1465 260 1499 Anno
282 1465 421 1499 Domini
445 1464 665 1507 MCCCXIV.
697 1477 815 1499 mense
840 1465 1055 1512 Septembri,
1081 1465 1281 1500 Ludovicus
1307 1478 1366 1499 rex
1390 1467 1620 1509 Francorum.

109 1536 216 1571 quem
241 1523 378 1557 Hustz'n
394 1524 587 1571 vulgariter
605 1525 896 1572 cognominatum
921 1524 1178 1571 praediximus.
1209 1525 1350 1559 veniens
1370 1524 1525 1559 Cortraci
1544 1538 1625 1559 con-

107 1589 162 1616 tra
186 1581 414 1616 Flandrenses
439 1594 521 1615 eum
554 1582 692 1616 infinito
722 1583 895 1626 exercitu,
927 1583 1127 1617 vehementi
1162 1583 1394 1617 inundatione
1424 1583 1623 1629 pluviarum

108 1640 270 1687 repulsus
287 1652 352 1674 nec
373 1640 521 1674 ulterius
538 1640 705 1689 progredi
724 1648 786 1675 aut
804 1642 917 1675 facere
936 1642 1053 1675 valens
1066 1669 1073 1681 .
1096 1642 1130 1675 in
1150 1642 1266 1689 vigilia
1285 1642 1503 1675 exaltationis
1522 1655 1624 1676 sanc-

108 1706 164 1733 tae
190 1699 304 1733 crucis
331 1697 553 1747 regrediens.
577 1699 754 1733 civitatem
779 1699 1038 1733 Tornacensem
1060 1700 1219 1743 intravit7
1245 1706 1279 1733 et
1306 1700 1342 1733 in
1368 1701 1621 1734 monasterium

108 1757 143 1792 S.
162 1757 302 1791 Martini
323 1757 553 1791 Tornacensis
571 1757 723 1791 secessit.

158 1818 260 1850 Anno
275 1816 416 1850 Domini
432 1815 625 1859 MCCCXV‚
643 1817 679 1850 in
692 1816 810 1864 vigilia
830 1816 1048 1850 Ascensionis
1062 1816 1264 1851 Dominicae
1276 1844 1285 1859 ·.
1301 1817 1354 1850 vir
1368 1817 1494 1851 nobilis
1510 1818 1621 1866 lugel-

108 1887 240 1910 rannus
259 1874 303 1909 de
322 1874 506 1922 Illare‘qni‘.
527 1875 574 1909 ob
593 1874 761 1909 invidiam
780 1875 1020 1921 quorumdam
1039 1875 1241 1921 principum
1257 1876 1418 1909 Franciae
1433 1875 1621 1910 adversum

107 1946 142 1968 se
161 1940 393 1977 commotam.
416 1940 470 1977 et.
499 1941 540 1967 ut
557 1933 704 1980 quidam
728 1934 847 1967 ferunt
859 1961 867 1977 ,Ι
889 1940 1100 1982 suggerente
1119 1933 1243 1967 Carolo
1260 1935 1389 1968 comite
1407 1935 1617 1978 Valeciensi7

107 1993 253 2039 praefati
272 1993 365 2041 regis
383 1992 552 2027 Ludovici
577 1993 770 2036 avunculo.
792 1992 887 2039 apud
906 1993 1268 2027 Montem-Falconem
1288 1993 1529 2039 suspenditur.

154 2051 287 2086 Eodem
303 2063 409 2094 anno.
427 2052 518 2085 facta
531 2058 583 2085 est
597 2051 708 2085 fames
721 2051 834 2085 valida
847 2058 882 2085 et
891 2052 1026 2085 caristia
1038 2063 1100 2097 per
1114 2052 1265 2085 maxima
1275 2079 1283 2095 7
1296 2052 1343 2085 ita
1353 2059 1393 2085 ut
1406 2052 1619 2086 venderetur

106 2111 234 2144 raseria
248 2109 342 2144 bladi
357 2109 402 2144 ad
421 2122 622 2144 mensuram
638 2110 896 2144 Tornacensem
914 2110 959 2144 IV
974 2111 1020 2144 lb.
1039 2110 1140 2144 fortis
1155 2117 1337 2154 monetae.
1356 2111 1518 2157 plurimis
1533 2111 1619 2145 hae—

108 2167 272 2202 reditates
285 2180 364 2201 suas
379 2175 524 2214 propter
538 2169 693 2214 inopiam
706 2169 911 2203 victualium
928 2168 1174 2211 vendentibus.
1193 2175 1227 2202 et
1241 2169 1288 2202 ob
1303 2169 1371 2202 hoc
1384 2168 1429 2202 ad
1442 2181 1617 2204 summam

106 2233 361 2273 pauperpatem
378 2226 564 2260 devolutis.

155 2286 256 2318 Anno
274 2296 357 2319 vero
375 2284 453 2318 XVI
467 2311 475 2327 7
496 2284 713 2330 praedictam
732 2285 862 2318 famem
886 2292 921 2319 et
943 2285 1118 2319 caristiam
1138 2284 1340 2318 immediate
1358 2285 1545 2320 subsecuta
1567 2294 1619 2321 est

103 2343 297 2377 mortalitas
314 2343 529 2377 atrocissima
548 2355 587 2376 ac
605 2343 819 2385 saevissima.
841 2355 932 2389 quae
951 2343 1160 2391 generaliter
1174 2343 1306 2390 ubique
1321 2356 1428 2390 super
1441 2351 1613 2391 potentes.v

144 2479 151 2498 ¹
173 2479 276 2515 Supra,
292 2489 355 2516 pag.
372 2478 434 2506 199.
922 2480 934 2498 3
955 2479 1043 2514 Hujus
1062 2479 1095 2506 ad
1114 2485 1222 2516 sceptra
1242 2489 1379 2507 aceessum
1393 2490 1464 2508 anno
1478 2481 1615 2509 MCCCXV

141 2527 153 2545 ²
176 2527 242 2553 Rem
255 2526 313 2552 sine
321 2525 406 2552 dubio
418 2526 527 2561 exponit
542 2526 687 2560 Lijluisis,
698 2536 759 2563 pag.
770 2526 834 2553 201.
887 2526 981 2552 adfixit
996 2526 1031 2552 Li
1044 2525 1153 2559 Muisis,
1170 2535 1198 2562 p.
1213 2526 1278 2553 204.

209 2574 295 2607 Toxi.
326 2573 370 2607 ll.
1487 2573 1533 2609 53
