2118 3184
433 415 694 450 CHROMCON
725 413 938 450 BALDUINI
967 412 1270 448 NINOYIENSIS.
1532 414 1603 450 639

89 524 165 557 nuit
176 550 183 557 .
200 536 306 569 quein
323 535 393 556 non
409 529 620 563 correctum,
639 527 766 567 quarto
781 533 953 566 apparens
964 548 971 554 .
991 521 1182 567 increpavit
1196 528 1231 555 et
1244 521 1462 556 comminans
1476 522 1603 556 baculo

89 582 260 628 percussit
278 583 314 615 in
332 582 445 627 capite
457 608 466 623 ,
486 592 558 626 quo
578 579 633 613 illc
651 578 773 612 dolore
792 586 935 612 vexatus
953 578 1047 613 diem
1066 580 1166 613 obiit.
1189 579 1388 613 Bonifacius
1400 607 1408 620 ,
1430 581 1603 629 subroga—

88 647 146 674 tus
171 647 206 674 et
223 641 279 686 viij
301 640 480 673 mensibus
500 637 641 679 sedne-1152
669 637 765 683 apud
786 637 939 671 Phocum
961 638 1209 683 imperatorem
1230 638 1385 672 obtinuit
1404 645 1443 672 ut
1459 639 1603 673 ecclesia

89 699 245 732 Romana
259 705 365 744 caput
384 704 473 731 esset
490 697 651 731 omnium
671 696 918 738 ecclesiarunss
940 696 1022 742 quia
1042 696 1450 742 Constantinopolitanus
1468 710 1503 731 se
1523 699 1604 732 uni-

87 758 255 792 versatem
269 757 444 791 scribebat
461 763 496 789 et
514 756 649 802 primus
665 768 737 788 esse
756 755 907 788 volebat.
929 755 1166 801 Augustinus,
1187 755 1381 803 Anglorum
1401 757 1602 803 episcopus,

89 816 259 858 moritur7
281 815 342 861 qui
357 822 518 849 sanctum
537 814 699 848 Livinuin
720 814 754 846 in
772 813 889 847 Scotia
908 813 917 833 ¹
935 813 1136 859 baptizavit.
1168 814 1367 848 Bonifacius
1385 815 1472 848 alter
1487 815 1518 861 vj
1538 828 1604 849 an·-

90 874 143 908 nis
168 873 354 920 praesidet.
379 874 446 907 Iste
468 873 668 907 Bonifacius
690 885 709 906 a
729 872 847 906 Phoca
871 873 1102 918 imperatore7
1124 873 1185 918 qui
1208 873 1264 918 viij
1285 873 1385 907 annis
1403 880 1438 907 et
1455 873 1604 908 dimidio

88 932 291 978 imperavit,
313 932 513 978 impetravit
526 932 656 965 Romae
672 931 843 976 templum
860 930 1062 973 Pantheon⁷
1081 930 1178 976 quod
1198 931 1363 964 omnibus
1382 931 1483 966 idolis
1501 932 1603 966 dedi-

89 997 207 1024 catum
226 990 341 1024 fuerat
353 1017 361 1033 ,
379 991 568 1036 ipsumque
587 989 801 1023 consecravit
819 989 855 1022 iu
874 989 1010 1022 honore
1026 989 1147 1022 beatae
1166 988 1294 1022 Mariae
1315 990 1456 1037 virginis
1472 997 1506 1024 ct
1524 1004 1603 1025 om-

88 1049 188 1083 nium
209 1049 450 1095 apostolorum
473 1054 508 1081 et
528 1054 743 1093 inartyrumg
766 1046 927 1080 nondum
945 1047 1040 1080 enim
1062 1047 1321 1080 confessoribus
1345 1048 1431 1082 festa
1455 1049 1600 1083 fiebant.

89 1107 280 1155 Gregorius
303 1120 386 1141 vero
412 1113 560 1154 quartus
582 1106 761 1140 transtulit
783 1105 869 1139 illud
897 1106 1025 1139 festum
1048 1105 1085 1138 in
1106 1105 1172 1138 kal.
1199 1105 1407 1140 Novembris
1421 1133 1429 1149 Ἴ
1459 1115 1604 1154 propter

88 1166 226 1212 copiam
249 1165 475 1205 victualiumq
500 1171 536 1198 et
562 1164 713 1197 instituit
735 1165 770 1197 in
793 1164 929 1197 honore
954 1163 1114 1197 omnium
1132 1169 1347 1197 sauctorum.
1377 1165 1604 1200 Alexandriae

88 1224 268 1258 Johannes
287 1224 495 1269 episcopus7
519 1223 582 1269 qui
601 1222 898 1268 eleemosynarius
917 1221 1048 1255 dicitur
1060 1247 1069 1263 ,
1090 1221 1219 1269 insigni
1236 1222 1340 1255 laude
1362 1223 1600 1268 praedicatur.

88 1281 240 1322 Quidam
267 1293 402 1327 pauper
426 1293 508 1314 cum
534 1287 668 1326 peteret
692 1286 816 1313 nautas
837 1280 1096 1324 eleemosynam
1110 1305 1118 1321 ,
1145 1285 1180 1312 et
1196 1279 1245 1312 illi
1264 1279 1488 1328 indignantes
1506 1282 1605 1317 dice-

87 1346 166 1374 rent
183 1353 190 1372 :
210 1338 307 1380 Quid
320 1339 494 1372 hahemus
508 1339 572 1372 tibi
586 1337 671 1372 dare
686 1338 751 1371 nisi
768 1336 926 1383 lapides?
942 1337 1034 1370 Tum
1049 1337 1104 1370 ille
1122 1350 1129 1370 ε
1149 1337 1334 1384 Quidquid
1349 1351 1433 1387 ergo
1445 1367 1454 1383 .,
1471 1341 1600 1387 ὶηεμιίι,

86 1400 123 1433 in
143 1398 222 1432 navi
240 1398 320 1432 cibo
339 1404 463 1443 aptum
478 1397 616 1431 habetis
634 1402 791 1430 vertatur
805 1396 841 1429 in
856 1394 989 1441 lapides
1009 1408 1016 1428 :
1039 1407 1192 1441 moxque
1210 1396 1258 1429 ita
1277 1397 1427 1445 contigit
1444 1405 1478 1432 et
1496 1400 1604 1446 quid-

88 1457 177 1505 quid
199 1457 248 1491 ibi
273 1469 350 1491 esca
374 1457 441 1490 fuit
464 1456 500 1489 in
525 1455 678 1502 lapidem
705 1455 866 1503 diriguit.
894 1455 1030 1488 Phocas
1055 1454 1099 1487 ab
1122 1455 1277 1488 exercitu
1300 1464 1504 1502 peremptus
1522 1458 1605 1506 igne

87 1523 277 1551 crematur.
303 1514 484 1549 Solitarius
506 1513 653 1561 quidam
681 1520 820 1548 sanctae
843 1513 934 1547 vitae
957 1513 1045 1556 fuit,
1071 1513 1133 1559 qui
1157 1513 1304 1561 singulis
1329 1515 1429 1548 annis
1456 1516 1604 1550 harmo-

88 1576 183 1610 niam
197 1575 234 1609 in
247 1575 344 1609 coelo
359 1580 462 1608 nocte
475 1573 664 1607 nativitatis
679 1573 800 1607 beatae
814 1572 943 1606 Mariae
957 1571 1104 1605 audivit.
1123 1571 1192 1613 Qui
1207 1584 1288 1606 cum
1304 1574 1492 1608 miraretur
1506 1575 1604 1622 quod

87 1635 155 1669 alio
175 1640 336 1679 tempore
353 1633 422 1666 hoc
441 1644 514 1665 non
531 1631 690 1674 audiret,
707 1631 823 1677 coepit
842 1632 954 1664 Deum
975 1642 1099 1678 rogare
1118 1629 1205 1676 quid
1223 1631 1453 1679 significaret;
1470 1634 1526 1667 cni
1546 1647 1605 1668 an-

87 1693 186 1742 gelus
200 1692 341 1726 Domini
355 1691 519 1738 apparuit
533 1717 541 1734 a
558 1691 620 1737 qui
635 1691 666 1724 ei
680 1691 761 1724 talia
776 1690 897 1724 retulit
913 1703 920 1723 :
938 1690 1046 1737 Virgo
1061 1696 1232 1735 perpetua
1247 1702 1338 1736 quae
1354 1692 1465 1725 Deum
1481 1695 1605 1741 genuit

87 1751 156 1786 hac
174 1757 277 1784 nocte
298 1750 416 1798 genita
436 1750 522 1792 fuit,
547 1748 646 1796 quod
665 1749 746 1782 licet
769 1749 815 1782 ab
834 1749 1000 1782 omnibus
1020 1749 1203 1796 ignoretur
1220 1749 1264 1782 ab
1283 1750 1414 1797 angelis
1430 1757 1548 1785 tamen
1568 1752 1603 1785 in

89 1809 194 1844 coelis
210 1808 347 1843 celebre
360 1808 524 1841 habetur.
544 1807 623 1848 Qua
641 1807 851 1841 revelatione
865 1805 1046 1854 divulgata
1057 1833 1066 1850 7
1088 1806 1163 1852 ejus
1182 1807 1343 1842 nativitas
1361 1808 1468 1842 ab....
1481 1808 1494 1830 ‘⁶‘
1511 1810 1601 1843 cele-

89 1868 184 1902 brari
199 1874 251 1901 est
267 1867 428 1900 instituta
441 1881 451 1909 ς
472 1879 544 1913 quo
558 1873 718 1912 tempore
737 1872 856 1899 tamen
869 1872 988 1899 actum
1003 1865 1048 1898 sit
1065 1865 1262 1913 ignoratur.

136 1925 355 1969 Desiderius7
371 1925 578 1959 Viennensis
596 1925 800 1971 episcopus2
821 1925 965 1958 consilio
987 1923 1231 1958 Bruneehildis
1244 1937 1264 1958 a
1283 1925 1502 1960 Theoderico
1521 1939 1603 1975 rege

90 1983 267 2031 lapidibus
287 1984 437 2018 obrutus
452 1984 611 2030 martyrii
626 1984 774 2031 gloriam
790 1983 931 2016 meruit.
951 1983 1053 2016 Anno
1067 1981 1220 2026 DCXIV,
1236 1983 1412 2029 quaedam
1426 1985 1552 2018 mulier
1566 1986 1603 2019 in

91 2043 199 2078 Gallia
213 2043 317 2076 heato
330 2042 483 2076 Johanni
499 2043 674 2088 Baptistae
692 2042 797 2076 nimis
810 2041 954 2085 devota⁷
972 2053 1036 2087 pro
1052 2041 1209 2088 reliquiis
1224 2041 1299 2087 ejus
1313 2054 1376 2088 per
1395 2042 1603 2077 Triennium

90 2113 212 2144 orans7
229 2113 312 2135 cum
325 2100 471 2135 demum
485 2101 530 2147 vij
545 2100 671 2135 diebus
682 2101 946 2149 infatigabiliter
956 2100 1120 2146 jejunans
1129 2100 1266 2145 juraret
1279 2113 1314 2134 se
1328 2113 1400 2134 non
1416 2101 1605 2135 manduca-

91 2167 208 2194 turam
221 2158 335 2193 donec
349 2159 537 2202 obtineret,
553 2159 714 2205 pollicem
729 2158 1019 2193 candidissimum
1033 2170 1139 2204 super
1152 2158 1258 2192 altare
1269 2158 1425 2192 delatum
1435 2158 1603 2193 divinitus

92 2217 235 2260 meruit,
252 2216 297 2251 ad
310 2229 417 2263 quem
432 2216 653 2251 adorandum
668 2216 764 2263 apud
778 2217 1022 2250 Mam-ienuam
1033 2243 1041 2259 7
1059 2216 1187 2250 Galliae
1201 2217 1327 2250 urbem
1338 2243 1347 2260 .,
1364 2224 1433 2250 tres
1448 2218 1603 2264 episcopi

90 2277 269 2311 venientes
280 2275 409 2323 singuli
422 2275 576 2323 singulas
589 2276 770 2323 sanguinis
778 2281 895 2323 guttas
908 2287 950 2308 ex
968 2287 1009 2308 eo
1023 2274 1191 2308 stillantes
1206 2282 1432 2321 acceperunt.
1450 2276 1603 2310 Deusde-

91 2334 144 2369 dit
153 2346 243 2381 papa
251 2340 405 2380 quatuor
414 2334 514 2367 annis
528 2334 715 2380 praesidet.
731 2334 794 2367 Hic
803 2333 987 2367 constituit
995 2332 1186 2367 secundam
1200 2334 1341 2367 missam
1351 2334 1387 2368 in
1397 2335 1502 2379 clero7
1515 2342 1550 2369 et
1559 2348 1602 2370 ne

90 2399 301 2428 commatres
318 2404 445 2426 uxores
458 2392 596 2426 fierent.
614 2392 762 2426 Sanctus
781 2391 1021 2426 Columbanus
1039 2404 1059 2425 a
1079 2391 1299 2426 Theoderico
1317 2398 1352 2426 et
1367 2393 1602 2428 Brunechilde

131 2481 140 2498 ¹
162 2480 193 2507 In
211 2489 243 2506 ea
263 2479 389 2505 nimirum
407 2484 484 2514 parte
502 2479 648 2506 Hiberniae
662 2489 743 2515 quam
757 2478 822 2506 Sco·
910 2479 922 2497 ²
943 2479 986 2505 Ab
999 2489 1027 2505 eo
1043 2483 1154 2514 tempore
1165 2490 1174 2510 ‚·
1187 2479 1285 2506 codicis
1296 2479 1396 2506 menda
1408 2483 1458 2506 est.

90 2527 154 2553 tiam
169 2535 201 2553 eo
215 2531 338 2561 tempore
352 2525 497 2552 vocabant.
