2118 3184
743 380 1030 418 APPENDICES.
1581 380 1649 416 797

125 501 175 527 pro
189 492 304 517 cacteris
317 490 455 517 defunctis
469 490 609 519 fidelibus.
626 490 765 525 quotidie,
780 490 845 516 dum
858 490 936 518 licet.
952 490 1032 515 missa
1046 489 1168 524 requiem
1184 493 1322 515 aeternam
1334 488 1368 514 ab
1382 487 1504 521 ejusdem
1518 487 1648 514 ecclesiae

126 538 260 565 fratribus
275 537 449 573 persolvatur
463 538 559 565 statui,
575 542 601 563 et
620 542 649 563 nt
663 546 695 563 ex
712 537 874 572 praescripti
891 537 1016 562 beneficii
1035 536 1086 562 mei
1104 535 1284 571 proventibus
1299 540 1433 571 perpetuo
1447 535 1538 561 lumen
1556 543 1646 560 coram

126 585 233 611 Domini
247 594 363 620 corpore
377 590 404 611 et
419 585 445 610 in
462 584 649 610 anniversario
664 594 723 610 meo
737 583 1041 619 quotannisjamdictae
1054 583 1184 609 ecclcsiae
1203 582 1334 609 fratribus
1348 582 1462 609 resectio
1476 582 1556 609 solito
1569 591 1649 608 accu-

125 633 212 659 ratius
223 637 399 668 procuretur,
411 637 437 657 ct
451 633 493 667 pia
504 641 534 657 ac
548 631 655 658 liberali
667 631 814 658 devotione
825 632 938 657 uberius
948 631 1137 666 inipcndatur;
1150 630 1280 657 decimam
1293 639 1403 666 quoque
1413 630 1552 656 fructuum
1564 630 1648 656 totius

126 684 216 706 terrae
231 689 313 715 quam
329 679 428 705 fratres
439 678 595 714 praedictae
610 679 762 705 Muta-ensis
774 678 904 705 ecclesiae
919 679 974 705 suis
990 678 1114 704 manibus
1128 678 1283 713 sumptibus
1297 683 1483 711 sartaverunt,
1498 683 1525 703 et
1540 677 1648 703 Baldui-

127 736 179 752 nus
188 725 325 752 Screihase
337 725 370 751 de
382 735 423 751 me
436 730 510 751 tenet
524 726 549 751 iu
563 725 683 756 l'eodnm,
695 725 827 752 ccclesiae
842 726 993 752 Ninivcnsis
1004 735 1035 751 cx
1045 726 1109 759 jure
1121 734 1228 760 semper
1243 724 1301 751 sore
1313 734 1489 760 recognosco,
1503 724 1648 761 promulgo

126 778 210 808 atquc
228 772 374 806 conflrmo3
391 778 481 798 terrae
497 772 590 798 itidem
609 772 670 805 xxiij
690 772 820 798 bunarios
839 772 920 808 paulo
938 773 1026 798 minus
1043 771 1083 797 vel
1097 772 1228 807 amplius,
1245 781 1314 807 quos
1328 781 1342 797 a
1358 771 1468 797 domino
1481 771 1600 797 ltassone
1615 772 1649 798 de

127 819 232 846 Gavera
247 821 273 845 in
290 818 434 854 parrochia
449 819 483 845 dc
498 818 606 845 Feta-eea
622 819 774 845 Ninivcnsis
788 819 901 845 ccclesia
918 819 970 845 sub
985 828 1074 845 annua
1089 819 1220 854 pensione
1234 819 1369 854 suscepit,
1385 818 1575 845 immortaliter
1588 828 1651 854 pos-

123 865 263 897 sidendos,
277 875 336 892 meo
348 875 459 892 assensu
474 865 501 892 id
516 875 575 892 csse
588 871 726 901 protestor
740 871 767 892 et
776 871 866 892 ratum
877 866 1006 902 deinceps
1017 874 1178 902 permanere
1193 866 1347 900 constituo3
1361 865 1478 891 sedecim
1492 871 1583 892 autem
1599 866 1650 892 bu-

124 914 216 940 narios
227 918 255 939 et
269 913 409 939 dimidium
424 914 449 939 in
467 914 547 939 terris
559 935 564 943 ,
582 914 667 948 pratis
677 935 683 946 ,
699 923 768 949 quos
782 914 808 939 in
825 914 964 939 territorio
977 919 1003 940 et
1015 914 1134 939 dominio
1148 912 1181 939 dc
1196 912 1304 939 Felseca
1319 902 1353 938 ab
1367 912 1522 938 hominibus
1533 914 1649 943 nostris,

124 970 173 987 seu
186 960 221 986 ab
234 960 330 986 incolis
342 960 532 986 haereditariis
547 960 659 987 ecclesia
674 965 701 987 et
716 960 814 987 fratres
831 960 865 986 de
882 960 975 986 Ninive
987 961 1175 995 acquisierunt
1188 965 1215 985 et
1230 959 1369 995 possident
1384 960 1410 985 in
1425 960 1551 992 instanti,
1568 961 1647 995 ipsis,

125 1008 228 1034 scilicet
247 1007 384 1033 §inivensi
405 1006 535 1033 ccclesiae
556 1012 682 1043 respectu
699 1007 747 1033 Dei
760 1007 859 1033 devote
873 1007 959 1033 offero
972 1012 999 1033 et
1017 1006 1106 1039 salvo,
1123 1007 1281 1032 nominatim
1296 1006 1442 1040 meojusto
1459 1016 1551 1033 annno
1565 1016 1649 1033 censu

124 1055 302 1082 denariorum
317 1054 441 1081 videlicet
454 1059 480 1080 ct
494 1063 595 1080 avenae
611 1064 626 1080 a
641 1055 769 1081 coactivis
783 1054 984 1086 exactionibus,
1001 1064 1016 1080 a
1030 1054 1102 1080 taliis
1115 1059 1142 1080 et
1158 1054 1321 1090 placitorum
1339 1053 1608 1089 frequentationibus
1622 1061 1650 1081 et

125 1103 315 1130 occasionibus
331 1102 502 1129 corometliio
521 1107 547 1128 ct
566 1103 682 1128 caeteris
702 1102 889 1129 exactionibus
907 1102 1034 1128 omnibus
1049 1102 1161 1128 absolvo
1176 1123 1182 1134 ,
1206 1107 1234 1128 ct
1252 1111 1313 1128 cum
1331 1103 1444 1137 perenni
1464 1102 1592 1129 libertate
1610 1103 1650 1129 eis

125 1150 270 1176 contrado.
285 1150 312 1176 Si
328 1158 394 1175 vero
405 1148 497 1184 (quod
514 1149 601 1181 absit)
625 1149 724 1175 fratres
738 1149 765 1175 in
784 1149 861 1175 curia
880 1148 1012 1184 degentes
1028 1148 1199 1175 forisfactum
1213 1148 1324 1184 aliquod
1342 1149 1526 1175 commiserint
1537 1170 1545 1181 ,
1560 1149 1648 1176 solum

125 1197 253 1223 damnum
267 1197 302 1223 ab
315 1197 353 1224 eis
368 1197 480 1232 pacifice
494 1202 599 1222 remota
612 1197 742 1223 violentia
755 1197 907 1232 recipiatur
918 1217 924 1229 ‚
938 1197 1090 1223 servientes
1103 1206 1215 1232 quoqne
1230 1197 1353 1232 ipsorum
1365 1196 1386 1222 si
1406 1197 1477 1222 inter
1492 1206 1521 1222 se
1533 1197 1648 1224 invicem

126 1245 168 1272 vel
180 1244 332 1271 forinsecus
343 1249 493 1276 certamen,
506 1244 549 1270 vel
563 1245 704 1280 sanguinis
718 1253 837 1280 pugnam
853 1244 1059 1275 commoverint,
1075 1244 1255 1270 indemnitate
1267 1243 1383 1269 fratrum
1398 1248 1426 1269 et
1439 1243 1543 1270 honore
1556 1245 1650 1271 curiae

125 1293 271 1319 observato
282 1313 288 1323 ,
307 1291 477 1318 forisfactum
488 1291 570 1327 digne
584 1296 780 1327 eomponatur3
796 1291 909 1327 insuper
921 1296 1012 1317 autem
1024 1300 1195 1317 communem
1208 1291 1355 1317 utilitatem
1369 1291 1396 1316 in
1411 1291 1519 1326 pascuis
1529 1312 1535 1323 ,
1551 1292 1629 1327 aquis
1641 1313 1646 1321 ,

125 1339 209 1376 sylvis
221 1360 228 1371 ‚
245 1339 295 1365 viis
305 1360 312 1371 ,
329 1338 461 1370 exitibus,
477 1338 636 1364 introitibus
651 1343 679 1364 et
697 1338 812 1374 reliquis
826 1338 956 1373 aysentiis
966 1359 972 1370 ,
988 1338 1116 1364 omnibus
1132 1343 1159 1364 et
1173 1338 1363 1364 communibus
1376 1337 1517 1364 hominum
1530 1348 1650 1364 commo-

124 1386 273 1419 ditatibus,
286 1390 368 1422 prout
386 1394 415 1411 se
431 1385 552 1411 extendit
566 1385 710 1420 parrochia
721 1390 749 1411 et
764 1390 886 1420 potestas
899 1384 933 1411 de
944 1384 1054 1411 Felseca
1066 1385 1147 1411 toties
1160 1384 1249 1411 dietae
1262 1384 1402 1411 Ninivensi
1412 1384 1543 1411 ecelesiae
1555 1391 1582 1412 et
1596 1385 1649 1412 sra-

127 1434 217 1461 tribus
227 1433 288 1468 ejus
299 1442 360 1460 cum
373 1431 533 1468 praelibatis
541 1432 668 1459 omnibus
681 1432 790 1467 adjicio,
804 1432 958 1468 similiaque
970 1432 1070 1459 ibidem
1079 1442 1095 1458 a
1106 1432 1216 1459 domino
1227 1431 1350 1458 Rassone
1363 1441 1491 1459 concessa
1505 1433 1648 1465 confirmo,

126 1487 154 1509 et
167 1481 220 1508 hoc
232 1480 309 1507 nullo
324 1480 488 1507 extersionis
502 1480 687 1507 emolumento
698 1501 704 1512 ‚
724 1480 772 1506 sed
790 1480 848 1506 solo
866 1480 967 1506 intuitu
986 1480 1178 1506 retributionis
1197 1485 1342 1514 aeternae5
1363 1489 1448 1515 quum
1462 1489 1528 1506 vero
1541 1481 1568 1506 in
1583 1490 1650 1515 pace

127 1529 217 1555 sactus
230 1532 272 1554 est
287 1527 363 1554 loeus
376 1527 465 1553 dietae
479 1528 572 1553 curiae
589 1527 623 1553 de
637 1527 756 1553 Bochout
769 1532 797 1554 et
809 1527 893 1553 rebus
906 1527 1033 1553 omnibus
1047 1527 1081 1553 ad
1095 1536 1123 1553 se
1137 1527 1339 1562 pertinentibus
1349 1547 1356 1559 ‚
1372 1536 1465 1562 pacem
1480 1531 1508 1553 et
1528 1528 1648 1562 quietem

127 1576 309 1602 firmissimam
323 1574 423 1605 indixi,
438 1574 548 1600 condidi
562 1579 645 1610 atque
659 1574 785 1607 sanctivi,
802 1574 933 1610 quamdiu
948 1574 1062 1600 eeclesia
1074 1573 1109 1600 de
1119 1574 1214 1600 Ninive
1227 1583 1277 1609 pro
1292 1573 1332 1599 his
1348 1573 1475 1600 omnibus
1488 1573 1563 1610 lege,
1577 1574 1649 1610 poli,

124 1623 182 1657 juri
194 1627 268 1650 stare
283 1630 337 1648 non
353 1621 462 1653 renuit,
482 1630 524 1647 mc
540 1630 652 1657 quoque
666 1626 694 1647 et
709 1626 835 1657 posteros
853 1630 927 1647 meos
940 1631 1034 1648 omnes
1044 1621 1109 1655 jure
1122 1621 1292 1647 successorio
1306 1620 1398 1657 obligo
1408 1641 1416 1653 ,
1431 1625 1463 1646 ut
1476 1622 1566 1647 omnia
1581 1621 1650 1648 haec

126 1671 258 1698 ecclesiae
270 1669 424 1696 Ninivensis
442 1668 574 1695 fratribus
589 1669 661 1695 tueri
675 1674 702 1695 et
716 1669 810 1695 illaesa
825 1678 989 1696 conservare
1000 1673 1135 1705 perpetuo
1148 1673 1290 1695 tueantur.
1310 1668 1382 1694 Haec
1397 1668 1487 1694 omnia
1504 1674 1535 1694 ut
1549 1674 1608 1695 rata
1622 1674 1648 1695 et

126 1719 222 1745 illaesa
234 1722 426 1754 permaneant,
447 1722 591 1752 praesente
604 1717 707 1752 scripto
726 1716 816 1753 sigillo
833 1726 892 1743 meo
910 1717 1034 1753 signato,
1054 1726 1103 1743 nec
1117 1726 1170 1742 non
1186 1716 1336 1742 hominium
1351 1724 1474 1742 meorum
1491 1721 1518 1742 et
1531 1716 1647 1742 aliorum

127 1765 250 1792 fidelium
268 1773 392 1800 congruo
406 1763 562 1790 testimonio
577 1764 721 1790 confirmo.
738 1763 910 1800 Subscriptio
924 1764 1052 1790 Rassonis
1067 1764 1101 1790 de
1116 1763 1238 1797 Gavera3
1258 1762 1286 1789 S.
1303 1761 1418 1788 Walteri
1434 1762 1468 1788 de
1488 1762 1647 1799 Sotenqien;

127 1813 156 1840 S.
171 1811 305 1840 Rothardi
319 1811 353 1837 de
370 1810 569 1837 Westrebocla.
587 1810 627 1836 Ad
642 1810 710 1837 haec
728 1819 780 1847 ego
795 1811 962 1844 Balduinus,
976 1811 1157 1837 IIainoncnsis
1170 1819 1278 1844 comes,
1298 1813 1393 1835 notum
1411 1808 1480 1835 facio
1498 1814 1553 1836 tam
1568 1820 1648 1846 prae-

126 1860 251 1888 sentibus
262 1868 344 1895 quam
359 1857 461 1884 suturis
472 1879 479 1890 ,
494 1857 568 1893 quod
580 1857 707 1884 dominus
721 1857 877 1884 Everardus
893 1858 992 1884 Hadols
1002 1879 1009 1891 ‚
1029 1862 1161 1894 cognatus
1176 1866 1253 1884 meus
1263 1877 1270 1890 ,
1293 1855 1425 1882 ecclesiae
1442 1856 1580 1883 Ninivensi
1594 1878 1600 1890 ,
1616 1863 1648 1884 ut

129 1912 273 1944 praesente
287 1911 405 1933 testatur
422 1906 520 1942 pagina
533 1926 540 1937 ,
559 1905 694 1932 concessit
710 1910 738 1932 et
750 1905 837 1942 sigillo
851 1915 901 1932 suo
913 1906 1085 1933 confirmavit
1100 1915 1150 1942 pro
1168 1914 1201 1931 eo
1216 1905 1290 1941 quod
1302 1903 1369 1930 illud
1389 1904 1423 1930 de
1436 1914 1479 1930 mc
1493 1905 1519 1931 in
1535 1904 1646 1932 feodum

126 1955 256 1987 tenebat,
271 1955 358 1990 ipsius
370 1958 468 1989 rogatu
483 1953 555 1979 sicut
569 1953 626 1988 ipse
641 1953 831 1986 confirmavit,
850 1958 877 1980 et
890 1962 941 1989 ego
957 1953 1039 1989 sigilli
1051 1953 1103 1979 mei
1117 1953 1283 1988 appensione
1296 1953 1429 1979 confirmo
1439 1974 1446 1985 ,
1461 1958 1489 1979 et
1506 1953 1645 1979 hominum

129 2011 252 2028 meorum
265 2001 420 2027 testimonio
432 2000 567 2026 autorizo.
576 1999 749 2036 Subscriptio
756 2000 895 2026 Eustachii
903 2000 937 2027 de
948 2000 1036 2031 lim,-
1048 1999 1077 2026 S.
1089 1999 1198 2026 Raineri
1206 1999 1240 2026 de
1251 1999 1324 2034 Trit3
1336 1999 1364 2026 S.
1378 1999 1503 2026 Almanni
1512 2000 1546 2026 de
1554 2000 1645 2027 Provi.

127 2049 224 2076 Actum
234 2057 305 2075 anno
316 2047 350 2074 ab
362 2047 550 2074 incarnatione
565 2046 671 2073 Domini
684 2046 896 2074 MCLXXXVII.

859 2122 981 2155 Original,
1001 2123 1022 2147 lc
1033 2130 1102 2147 sceau
1114 2118 1241 2147 d'liverard
1256 2123 1285 2147 de
1295 2123 1407 2154 Tournay
1417 2127 1453 2146 est
1464 2123 1513 2147 seul
1524 2125 1647 2148 conserve.
