2118 3184
601 386 828 422 CHROMCA
857 386 1025 422 AEGlDll
1055 388 1095 422 Ll
1126 388 1289 423 Mt'lsls.
1641 395 1706 428 1223

178 499 235 536 υἱ.Ι
251 494 279 528 si
296 494 431 528 bonum
449 501 556 537 esset,
579 494 710 528 electus
729 500 845 540 posset
863 493 994 527 absolvi
1009 492 1053 527 de
1067 506 1191 527 eorum
1212 495 1403 530 voluntate.
1423 497 1639 545 Factumque
1655 500 1700 533 ita

176 552 257 586 fuit.
287 552 541 586 lnformatione
563 559 682 586 autem
710 552 800 586 facta
823 558 856 585 et
877 552 1018 599 cognita
1041 559 1280 587 mercatorum
1305 554 1484 589 voluntate
1506 563 1541 590 et
1559 569 1700 592 assensu

176 610 404 653 eorumdem,
428 611 463 645 in
487 611 648 657 sequenti
671 611 879 645 consistorio
906 611 1087 657 proposito
1115 613 1257 659 negotio
1284 625 1302 646 a
1329 612 1425 648 dicto
1451 614 1598 649 domiuo
1625 616 1702 651 Ou-

175 668 326 707 drardo,
346 669 514 703 dominus
533 682 622 716 papa
637 669 725 703 dixit
738 669 892 703 dominis
906 669 1161 711 cardinalibus,
1184 670 1283 717 quod
1302 684 1361 715 ρει,
1382 685 1473 719 quae
1492 674 1649 709 fecerant
1668 683 1700 709 et

176 728 403 770 invenerant,
430 727 665 774 publicarent.
689 728 837 774 fuitque
864 728 951 762 lecta
975 728 1156 774 inquisitio
1179 729 1289 762 facta.
1315 736 1348 763 ct
1373 731 1615 766 testiinonium
1638 746 1702 780 pro

175 786 307 829 electo,
337 785 576 833 dixeruntque
607 786 743 821 domini
776 785 989 829 cardinales7
1017 785 1116 832 quod
1146 794 1357 822 mercatores
1384 798 1636 824 consenserunt
1667 792 1701 826 in

176 845 398 879 absolutione
420 846 533 889 electi7
561 852 595 879 et
620 845 737 892 quod.¹
766 846 793 879 si
825 844 913 892 quid
937 845 1166 879 commissum
1195 859 1214 879 a
1241 846 1388 881 domino
1413 860 1502 894 papa
1528 850 1576 882 eis
1603 857 1697 884 erat.

175 903 397 938 absolverent
424 902 532 937 inodo
554 910 588 937 et
615 904 728 937 forma
759 904 824 937 sibi
854 903 1032 948 injunctis.
1064 903 1322 938 Consideratis.
1360 906 1455 940 lectis
1487 913 1521 940 et
1548 907 1698 942 auditis.

175 960 345 996 dominus
365 974 455 1008 papa
475 962 524 996 sic
546 961 653 995 dixit:
676 976 694 992 s<
717 961 870 1002 Quando
890 962 966 995 talis
981 962 1112 996 electus
1132 975 1195 1008 per
1214 964 1305 997 viam
1329 964 1622 1011 Sancti-Spiritus
1643 980 1698 1000 as-

174 1026 339 1066 sumptus
351 1047 359 1063 ,
381 1026 416 1054 et
429 1019 575 1067 quando
593 1021 666 1068 ipse
680 1021 787 1054 habet
806 1027 877 1054 tam
894 1021 1028 1055 bonum
1044 1022 1285 1056 testiinonium
1299 1050 1307 1065 -.
1327 1036 1389 1057 nos
1408 1025 1522 1070 ipsuin
1539 1025 1699 1060 videlicet

174 1077 385 1126 Aegidium,
413 1079 565 1113 electum
589 1079 852 1126 supradictum.
882 1086 916 1113 ct
938 1080 1140 1114 absolutum
1167 1081 1201 1114 in
1226 1082 1390 1116 abbatem
1416 1085 1525 1117 sancti
1558 1084 1699 1118 Martini

175 1136 408 1172 Tornacensis
427 1138 651 1184 praeficimus
663 1165 671 1181 -.
694 1150 765 1172 non
784 1138 946 1172 obstante
965 1139 1158 1172 cassatione
1176 1152 1239 1184 per
1259 1152 1322 1173 nos
1340 1141 1429 1175 faeta
1443 1169 1451 1174 .
1473 1142 1588 1177 vitlem
1608 1151 1700 1178 tein-

175 1195 308 1242 poralia
329 1201 364 1229 et
388 1195 583 1241 spiritualia
609 1195 694 1230 dicti
722 1196 923 1229 monasterii
950 1195 1220 1230 committendo.
1245 1212 1262 1228 »
1290 1197 1331 1230 Et
1361 1198 1460 1244 quod
1488 1200 1602 1234 bullae
1634 1202 1698 1235 sibi

174 1254 318 1297 fierent,
348 1253 522 1300 adjunxit.
552 1254 654 1288 Tune
680 1253 796 1287 dictus
823 1254 1032 1287 Lambertus
1057 1254 1166 1287 laetus
1189 1262 1397 1300 prosecutus
1421 1263 1472 1290 est
1500 1259 1694 1305 negotium.

174 1313 217 1347 Et
239 1311 284 1346 de
305 1312 354 1345 eis
376 1312 544 1345 omnibus
567 1311 699 1345 electus
721 1311 757 1344 in
784 1311 998 1345 monasterio
1016 1312 1166 1345 existens
1190 1312 1278 1346 nihil
1304 1314 1454 1357 sciebat7
1484 1315 1544 1348 sed
1563 1324 1634 1350 erat
1666 1319 1699 1351 in

173 1369 325 1404 maxima
347 1369 521 1403 anxietate
543 1374 579 1402 et
602 1369 753 1403 tristitia.
779 1368 954 1415 venitque
973 1369 1109 1415 primus
1132 1382 1255 1404 rumor
1278 1370 1323 1405 ad
1350 1371 1536 1406 dominum
1564 1375 1700 1420 episco—

173 1439 262 1475 pum
287 1427 548 1461 Tornacensem
570 1425 614 1460 de
634 1426 841 1473 praedictis;
866 1433 901 1461 et
919 1434 999 1473 post
1017 1428 1112 1462 venit
1132 1429 1279 1463 nuntius
1298 1442 1339 1463 ex
1361 1438 1460 1476 parte
1485 1431 1570 1466 dicti
1596 1433 1702 1467 Lam—

174 1486 266 1521 berti
280 1485 326 1520 ad
343 1485 496 1520 electum
511 1491 656 1531 portans
678 1485 810 1519 litteras
827 1485 1105 1532 praedictorum.
1129 1487 1347 1534 Reinisitque
1365 1489 1496 1523 electus
1518 1490 1648 1525 litteras
1667 1500 1698 1525 et

172 1557 315 1592 eaquae
329 1544 523 1578 necessaria
532 1550 632 1578 erant
646 1555 711 1590 pro
726 1544 887 1592 negotio7
904 1556 987 1578 cum
1002 1545 1150 1590 pecunia
1165 1552 1199 1579 et
1213 1545 1368 1590 florenis
1381 1548 1549 1595 stetitque
1562 1563 1701 1597 exspec-

171 1611 271 1648 tans⁷
287 1602 387 1651 quod
401 1603 517 1637 bullae
531 1603 772 1637 mitterentur.
790 1603 969 1650 Erantque
983 1603 1114 1638 electus
1132 1610 1167 1638 et
1183 1612 1378 1639 conventus
1397 1613 1431 1640 et
1446 1610 1699 1643 monasterium

172 1663 211 1697 in
229 1674 358 1711 magna
376 1661 526 1709 penuria
543 1668 578 1695 et
598 1668 771 1710 egestate7
802 1669 836 1696 et
856 1663 1010 1696 maximo
1031 1662 1172 1697 defectu
1193 1664 1412 1699 victualium.
1441 1666 1513 1701 Nec
1533 1675 1631 1702 erant
1663 1669 1698 1702 in

172 1721 386 1756 monasterio
412 1719 556 1754 mobilia
577 1719 712 1766 aliqua,
738 1732 968 1767 quocumque
990 1721 1134 1755 nomine
1155 1729 1382 1767 censeantur7
1408 1737 1472 1758 nee
1503 1727 1604 1772 equi7
1635 1740 1700 1761 nec

172 1779 240 1814 alia
257 1790 525 1827 quaecumque,
542 1777 588 1812 ad
601 1779 755 1813 valorem
774 1779 885 1814 XXX²
904 1779 1076 1815 librarum
1095 1779 1122 1813 T
1127 1781 1359 1815 uronensium
1372 1809 1380 1825 7
1399 1781 1487 1817 dum
1502 1783 1697 1820 dolendum

173 1844 238 1872 est.

223 1896 414 1942 Assumpto
432 1896 482 1931 sic
497 1909 604 1931 onere
622 1909 704 1932 cum
723 1897 831 1932 corde
848 1897 969 1941 anxio,
990 1896 1107 1931 dictus
1126 1897 1257 1932 electus
1275 1901 1481 1934 convocavit
1499 1901 1636 1948 aliquos
1655 1902 1700 1935 dee

172 1955 331 2003 cognatis
346 1960 381 1988 et
395 1954 604 2002 propinquis
618 1961 652 1989 et
669 1955 790 1990 amicis
804 1955 895 1999 suis7
917 1961 952 1989 et
971 1956 1149 1989 consuluit
1162 1968 1239 1999 eos7
1256 1956 1379 1991 dolens
1390 1985 1399 2001 ,
1420 1958 1519 2004 quod
1538 1971 1697 2005 unquam

172 2012 389 2048 consenserit
414 2012 450 2046 in
476 2013 645 2047 electione
668 2012 713 2047 de
732 2025 768 2047 se
795 2013 886 2048 facta
916 2020 952 2047 et
976 2013 1074 2060 quod
1098 2021 1352 2060 acceptaverat.
1379 2016 1552 2050 Praedicti
1578 2024 1696 2051 autem

171 2071 248 2118 ejus
262 2070 454 2117 propinqui
468 2076 503 2104 et
517 2071 619 2105 amici
634 2071 709 2117 ejus
723 2072 943 2106 consolantes
957 2084 1053 2116 euin,
1071 2072 1136 2106 sibi
1154 2084 1218 2118 pro
1234 2085 1336 2119 posse
1354 2086 1418 2107 suo
1433 2074 1600 2120 adjuvare
1618 2088 1697 2121 pro-

173 2130 354 2163 mittentes
380 2134 416 2162 et
436 2128 676 2164 confortantes
702 2136 738 2164 et
758 2129 934 2172 dicentes.³
963 2129 1063 2177 quod
1086 2130 1219 2164 malum
1241 2138 1331 2165 esset
1357 2131 1496 2166 divinae
1525 2133 1698 2167 voluntati

172 2194 297 2224 contra
314 2188 382 2231 ire7
400 2199 466 2234 pro
485 2199 526 2221 eo
548 2188 699 2222 maxime
718 2188 817 2235 quod
837 2202 988 2237 magnus
1004 2189 1119 2223 honor
1137 2189 1203 2223 sibi
1225 2196 1260 2224 et
1283 2191 1404 2224 amicis
1422 2191 1493 2224 suis
1508 2199 1672 2226 evenerat
1685 2220 1693 2235 ·.

171 2245 318 2294 quando
337 2258 400 2292 per
418 2245 523 2280 talem
537 2246 628 2280 viam
647 2245 940 2293 Sancti-Spiritus
958 2248 1072 2281 fuerat
1086 2247 1217 2281 electus
1229 2274 1238 2290 a
1260 2260 1332 2294 qua
1351 2249 1521 2283 electione
1545 2257 1693 2284 cassata.

172 2317 237 2352 per
255 2305 390 2340 curiam
410 2316 593 2338 romanam
616 2304 733 2339 fuerat
754 2305 820 2339 sibi
843 2306 968 2340 iterato
991 2306 1220 2340 commissum
1242 2313 1277 2340 et
1302 2308 1496 2352 provisum.
1522 2308 1697 2355 Tempore

172 2369 293 2398 autem
312 2363 371 2397 illo
389 2362 485 2396 venit
498 2375 517 2396 a
532 2362 685 2397 Parisius
699 2363 736 2397 in
751 2363 953 2398 Tornaeum
969 2363 1085 2398 dictus
1102 2364 1281 2399 Johannes
1301 2365 1460 2400 Maletote
1479 2378 1562 2400 cum
1581 2367 1695 2401 littera

171 2420 313 2456 accordi
331 2421 551 2456 confirmata.
576 2422 617 2455 Et
634 2422 682 2456 sic
701 2422 737 2456 in
756 2422 846 2456 festo
865 2423 958 2457 beati
976 2422 1147 2457 Johannis
1171 2423 1347 2469 Baptistae
1364 2424 1496 2470 incepit
1516 2424 1695 2472 gardiator

172 2480 265 2515 bona
283 2479 486 2515 monasterii
501 2479 701 2528 gubernare
713 2507 722 2524 ‚
739 2492 833 2515 anno
847 2481 988 2516 Domini
1002 2481 1255 2525 MCCCXXXI,
1276 2481 1321 2516 de
1334 2494 1508 2518 consensu
1523 2484 1690 2529 partium.
