2118 3184
427 458 688 493 CHRONICON
718 458 930 492 BALDUINI
959 456 1259 492 MNOYIENSIS.
1531 454 1596 489 681

89 565 168 608 dio.
186 564 292 599 caede.
306 573 339 599 ct
363 566 481 600 luctu.
501 566 686 612 plerosque
705 566 894 611 primatum
918 566 1011 611 capit
1033 566 1211 612 totiusque
1228 565 1407 599 Flandriac
1424 565 1598 599 excidium

88 623 254 657 minatur.
274 623 342 658 Sed
359 624 551 658 Balduinus
565 636 681 658 comes
699 636 781 657 cum
799 624 923 657 timore
940 624 1119 669 perculsus
1138 625 1357 658 satisfecisset
1376 625 1596 670 imperatori.

87 680 243 716 reddidit
269 683 298 715 ei
324 683 515 728 imperator
540 681 713 715 Valentius
745 694 881 715 necnon
904 689 938 715 et
967 682 1189 716 walacriam.
1221 683 1288 716 Leo
1314 695 1401 728 papa
1429 682 1600 729 praesidet
1638 723 1642 726 ²

87 740 187 774 annis
205 741 250 774 ix.
274 740 465 774 Normanni
487 740 636 773 Fresiam
656 740 875 774 infestantes,
899 740 972 773 'sile
991 740 1164 786 oppidum
1179 747 1213 774 et
1232 741 1460 786 Ult1·ajectuni
1479 742 1600 775 incen-

89 797 192 832 dunt.
216 799 316 832 Anno
333 797 418 840 ΜΚ,
437 810 522 845 gens
541 798 761 846 Ungarorum
781 797 824 831 ad
844 797 1021 832 Christum
1038 799 1254 832 convertitur
1271 811 1333 844 per
1353 799 1499 842 Gislam,
1519 812 1602 833 uxo·

88 868 163 890 rem
183 856 404 904 Ungarorum
424 857 515 904 regis
529 863 563 890 et
582 869 737 890 sororem
756 857 990 902 imperatoris.
1018 857 1218 890 nexantem
1238 858 1273 890 in
1295 857 1468 903 baptismo
1487 857 1601 891 dictus

88 921 140 948 est
153 914 369 960 Stephanus.
387 915 488 961 cujus
503 916 625 949 merita
642 916 751 949 multa
768 915 1017 949 miraculorum
1035 915 1259 949 commendat
1274 917 1397 964 gratia.
1419 916 1457 949 ln
1475 916 1601 950 Lotha-

88 973 201 1021 ringia
214 973 314 1018 juxta
331 980 487 1007 montem
505 973 732 1008 Castrilocum
747 1001 755 1016 .
779 974 856 1007 fons
875 986 986 1019 aquae
1003 974 1254 1008 saluberrimus
1273 975 1390 1008 subito
1407 975 1443 1007 in
1457 975 1602 1022 sangui—

89 1043 170 1065 nem
185 1043 374 1065 conversus
391 1038 462 1075 cst.
481 1032 581 1077 cujus
596 1044 687 1078 aqua
702 1044 783 1066 cum
802 1032 947 1074 mulier,
965 1032 1101 1065 vultum
1119 1039 1158 1066 ut
1175 1033 1355 1075 ablueret,
1377 1032 1598 1079 perfudisset.

87 1090 393 1137 sanguinolentam
413 1102 494 1124 cum
516 1090 683 1124 vidissent
701 1103 823 1124 omnes
841 1090 1054 1124 admirantes
1075 1091 1345 1136 pertimuerunt.
1368 1092 1515 1126 Sanctus
1533 1092 1602 1126 Ma-

88 1147 248 1190 charius7
273 1148 558 1194 archiepiscopus
584 1149 842 1189 Antiochenus.
870 1148 1041 1182 laboriosa
1067 1160 1130 1194 pro
1154 1148 1292 1182 Christo
1319 1151 1600 1197 peregrinatione

89 1213 270 1252 suscepta.
293 1206 500 1241 candax-um
519 1208 633 1250 venit7
656 1214 690 1241 et
709 1208 744 1240 in
765 1207 976 1241 monasterio
995 1206 1030 1240 S.
1053 1207 1199 1240 Bavonis
1217 1209 1391 1253 sepultus.
1412 1210 1513 1242 beato
1533 1210 1601 1242 fme

89 1265 243 1311 quievit„
268 1277 361 1298 anno
378 1265 517 1298 Domini
533 1265 661 1308 MXIV.
679 1272 807 1311 quarto
825 1264 903 1298 idus
924 1265 1061 1310 Aprilis.

137 1322 334 1366 Gerendus,
357 1324 478 1368 xxiiijffi
496 1323 753 1357 Cameracensis
773 1324 977 1369 episcopus,
998 1324 1042 1357 ab
1063 1324 1217 1357 Auberto
1239 1336 1320 1357 vero
1344 1325 1453 1369 xxij‘ss.
1479 1325 1598 1359 claret.

91 1381 260 1416 Henrieus
278 1381 449 1426 imperiali
469 1381 714 1415 benedictione
733 1381 978 1415 confirmatur.
1001 1380 1230 1425 Godefridus,
1253 1381 1323 1415 dux
1340 1383 1598 1431 Lotharingiae.

89 1440 295 1474 comitatum
321 1439 539 1473 Montenscm
562 1439 819 1486 depopulatur.
844 1452 952 1486 quein
975 1439 1144 1473 Rainerus
1166 1452 1247 1474 cum
1270 1447 1396 1486 patruo
1417 1454 1480 1475 suo
1500 1442 1604 1476 Lam-

90 1499 204 1540 berto,
221 1499 348 1533 comite
358 1499 581 1542 Lovaniensi7
599 1499 790 1542 insecutus7
807 1498 903 1544 apud
919 1498 1072 1532 Florinas
1086 1511 1166 1532 cum
1182 1511 1223 1532 eo
1238 1511 1394 1546 pugnam
1405 1502 1600 1543 conseruit.

90 1557 152 1591 ubi
166 1557 373 1592 Lambertus
387 1557 520 1592 habens
535 1558 761 1604 reliquiarum
777 1569 916 1604 capsam
931 1557 976 1591 ad
990 1557 1118 1591 collum
1135 1557 1393 1604 dependentem
1407 1585 1415 1602 a
1436 1571 1517 1593 cum
1530 1560 1604 1605 jam

90 1615 342 1662 haberetspem
362 1617 540 1660 victoriae.
563 1617 719 1663 reliquiis
734 1616 779 1650 ad
794 1623 923 1650 terram
942 1616 1109 1662 delapsis,
1130 1629 1210 1650 mox
1226 1617 1429 1663 perimitur,
1450 1625 1531 1652 ante
1548 1619 1604 1652 in—

91 1674 203 1708 victus
217 1681 252 1708 et
266 1674 541 1708 invulnerabilis.
562 1675 659 1709 Miles
677 1687 759 1709 vero
773 1674 919 1721 quidam
935 1675 1092 1708 inventas
1112 1675 1275 1721 reliquias
1291 1675 1477 1710 abscondit
1493 1677 1528 1710 in
1543 1690 1603 1711 ea-

90 1732 159 1780 liga
171 1759 179 1775 .,
201 1731 263 1766 sed
272 1744 357 1766 coxa
373 1732 447 1778 ejus
462 1739 496 1766 et
513 1744 615 1766 crure
633 1733 889 1766 intumescente
901 1759 909 1775 ·,
927 1745 1001 1766 rem
1021 1732 1190 1778 prodidit.
1212 1732 1365 1779 Symeon
1378 1761 1386 1776 a
1408 1734 1603 1768 monachus

92 1790 272 1837 Syracusis
298 1790 451 1832 Siciliae.
479 1790 652 1825 oriundus
679 1791 849 1834 Treviris.
880 1803 944 1837 pro
972 1790 1110 1825 Christo
1132 1792 1168 1825 in
1194 1792 1284 1825 turri
1305 1791 1366 1825 diu
1393 1793 1598 1835 conclusus,

91 1849 256 1897 migravit
276 1848 321 1882 ad
337 1849 540 1883 Dominum.

141 1906 351 1942 Benedictus
376 1920 466 1954 papa
490 1908 664 1954 praesidet
687 1909 786 1942 annis
804 1909 863 1954 vij.
886 1908 1045 1942 Cometes
1063 1908 1164 1942 solito
1188 1909 1382 1943 mirabilior
1400 1910 1435 1942 in
1454 1909 1602 1944 modum

93 1966 202 2000 trabis
220 1966 391 2000 maximae
406 1973 560 2012 quatuor
578 1967 758 2000 mensibus
776 1967 940 2013 apparuit
959 1967 993 2000 in
1005 1967 1177 2000 Fresonia.
1191 1968 1292 2000 Anno
1306 1967 1455 2001 MXVIII
1467 1995 1476 2011 a
1490 1968 1602 2003 Theo-

92 2024 233 2068 dorico7
254 2025 382 2059 comite
401 2025 622 2068 Flandrensi.
644 2026 716 2059 filio
737 2025 873 2059 Arnulfi
892 2024 1149 2068 Gandavensis7
1174 2024 1370 2059 debellante
1390 2026 1546 2060 Frisones
1565 2028 1600 2061 in

91 2082 245 2117 vindicta
260 2083 368 2129 patris
384 2084 438 2117 sui
453 2084 497 2117 ab
512 2084 560 2118 eis
574 2085 691 2128 occisi³
709 2083 921 2118 Godefridus
934 2110 942 2126 Ἰ
961 2082 1032 2117 dux
1047 2083 1294 2132 Lotharingiae
1307 2111 1315 2127 a
1332 2083 1376 2118 ad
1391 2097 1471 2118 eum
1486 2085 1602 2119 debel—

93 2140 238 2176 landum
257 2141 302 2176 ab
321 2142 533 2188 imperatore
553 2143 705 2176 mittitur
726 2149 761 2176 et
778 2143 800 2176 F
805 2143 936 2176 risones
954 2142 1188 2185 Morsatenos„
1213 2144 1274 2189 qui
1289 2143 1320 2176 ei
1339 2151 1598 2179 consenserant.

93 2198 260 2234 Conserto
275 2200 393 2246 itaque
413 2201 544 2246 praelio
557 2228 565 2244 7
583 2207 726 2247 repente
746 2213 812 2234 vox
832 2200 926 2235 unde
947 2201 1100 2234 nescitur
1118 2202 1217 2247 quasi
1232 2201 1384 2248 desuper
1402 2203 1525 2236 emissa
1543 2216 1601 2237 so-

94 2257 172 2291 nuit
188 2270 195 2290 :
214 2258 355 2306 Fugite,
376 2259 496 2304 sicque
509 2260 644 2293 cunctis
659 2260 693 2292 in
708 2260 829 2307 fugam
848 2259 954 2293 versis
966 2286 974 2301 .,
997 2258 1098 2292 multi
1112 2271 1132 2292 a
1146 2260 1265 2305 paucis
1284 2259 1507 2304 occiduntur7
1529 2261 1602 2296 dux

92 2328 175 2350 vero
189 2316 338 2362 capitur.
358 2317 434 2350 Dux
448 2329 530 2350 vero
545 2317 772 2359 Godefridus,
794 2318 979 2363 impetrata
994 2318 1195 2351 Frisonibus
1209 2318 1254 2351 ab
1269 2319 1480 2364 imperatore
1494 2321 1601 2354 totius

93 2374 284 2420 injustitiae
311 2374 521 2420 impunitate
538 2402 547 2417 ,
573 2388 591 2408 a
613 2376 813 2421 captivitate
839 2376 1005 2418 solvitur.
1037 2381 1072 2409 et
1099 2388 1169 2409 non
1194 2376 1306 2410 multo
1329 2383 1408 2422 post
1436 2378 1598 2413 moritur.

93 2434 196 2466 Anno
214 2432 330 2467 MXIX
343 2460 351 2476 3
373 2433 482 2467 frater
508 2446 589 2468 vero
607 2434 682 2480 ejus
701 2434 826 2469 Zozelo
841 2435 877 2468 in
895 2434 1027 2468 ducatu
1046 2434 1076 2467 ei
1095 2434 1263 2468 succedit.

141 2491 311 2525 Henricus
329 2492 520 2537 imperator
539 2491 695 2526 secundo
712 2492 908 2527 flandriam
927 2493 1100 2526 hostiliter
1120 2492 1326 2540 aggreditur
1343 2500 1378 2527 et
1395 2493 1601 2529 Gandavum

93 2556 283 2598 expugnat.
306 2549 514 2584 Benedictus
536 2562 625 2597 papa
643 2551 679 2584 in
699 2550 845 2586 Galliam
863 2550 909 2585 ad
924 2551 1114 2585 Henricum
1133 2551 1383 2597 imperatorem
1400 2552 1495 2586 venit
1507 2580 1516 2597 7
1538 2555 1600 2600 qui

214 2608 303 2644 Tou.
333 2608 378 2642 II.
1435 2609 1481 2645 36
