2118 3184
579 400 808 435 CHRONICt
839 401 1005 435 ΑΕΓ-1011
1034 402 1074 435 LI
1104 401 1268 436 MUisIS.
1614 404 1680 437 -501

164 508 197 541 iu
235 507 393 541 Flandria
427 521 506 542 suas
539 515 754 542 mercaturas
784 508 1040 543 vendiderunt.
1072 517 1229 543 ementes
1258 510 1340 543 alias
1373 516 1587 543 mercaturas
1618 510 1682 543 sibi

164 567 393 600 necessarias.
416 573 449 600 et
471 579 533 612 per
551 566 697 613 aliquod
715 573 854 612 tempus
874 568 908 600 in
929 568 1087 601 Flandria
1107 575 1374 602 remanserunt.
1397 569 1479 614 quia
1499 568 1544 602 ad
1559 581 1683 602 eorum

163 626 325 659 notitiam
344 632 553 672 pervenerat
572 626 725 671 provisio
746 626 886 659 navium
907 633 939 660 et
959 628 1118 674 gentium
1139 634 1356 660 armatarum
1376 627 1464 660 faeta
1482 639 1544 673 per
1564 639 1684 675 regem

163 684 325 732 Angliae:
347 690 382 717 et
399 690 499 717 erant
522 684 556 716 in
580 696 710 731 niagno
735 683 862 717 dubio.
889 691 921 718 et
948 685 1034 731 quid
1059 692 1204 733 agerent,
1227 686 1451 733 ignorabant.
1484 685 1682 732 Habitoque

163 743 326 785 consilio.
355 742 526 788 plurimos
552 741 596 775 de
624 742 784 776 Flandria
810 755 928 776 secum
950 756 1013 789 pro
1041 751 1137 778 certo
1162 744 1300 778 sallario
1333 751 1619 790 assumpserunt7
1649 751 1684 778 et

163 807 282 834 erant.
300 807 337 834 ut
357 800 561 843 dicebatur.
582 813 644 846 per
668 808 780 834 totum
797 800 869 835 duo
891 802 996 835 millia
1015 809 1049 835 et
1068 803 1284 849 quingentae
1302 814 1472 848 personae
1491 809 1526 836 et
1543 803 1682 837 circiter

163 871 267 893 naves
292 859 566 907 quinquaginta.
600 859 734 893 Accidit
760 867 877 893 autem
905 860 1000 907 quod
1030 861 1094 907 ipsi
1121 861 1278 895 videntes
1302 868 1446 895 ventum
1472 874 1682 908 prosperum

162 918 227 952 sihi
247 924 282 952 et
299 924 440 963 tempus
457 930 669 951 amoenum.
695 918 768 951 vale
786 918 943 952 dicentes
963 919 1034 952 suis
1049 919 1249 965 hospitibus
1265 926 1299 953 et
1319 920 1460 963 amicis,
1483 933 1502 953 a
1522 920 1682 954 Flandria

162 983 197 1011 et
221 989 240 1010 a
263 977 380 1010 littore
405 983 645 1010 recesserunt.
671 977 742 1011 Deo
762 990 797 1010 se
817 984 848 1010 et
874 990 935 1011 sua
956 978 1258 1012 commendantes.
1284 978 1467 1012 Praedicta
1487 986 1604 1012 autem
1623 978 1681 1012 die

162 1035 404 1070 decollationis
422 1036 514 1070 beati
537 1036 711 1082 Baptistae
729 1036 918 1079 johannis.
936 1036 1023 1070 dum
1047 1037 1190 1083 Hispani
1209 1038 1432 1085 navigarent,
1454 1050 1583 1086 magna
1601 1050 1681 1083 pars

163 1095 392 1143 Anglicorum
414 1096 657 1143 navigantium
678 1108 736 1129 eos
758 1096 973 1129 invaserunt.
997 1096 1139 1142 Hispani
1159 1103 1276 1130 autem
1299 1096 1343 1129 ad
1363 1109 1459 1130 arma
1477 1109 1513 1130 se
1531 1109 1681 1142 praepa—

162 1161 279 1188 rantes
302 1154 448 1188 viriliter
469 1155 691 1189 restiterunt.
715 1154 777 1188 sed
798 1155 834 1187 in
855 1155 912 1188 illo
938 1154 1123 1188 conflictu.
1146 1162 1184 1188 ut
1204 1155 1406 1188 dicebatur.
1434 1155 1677 1201 perdiderunt.

163 1213 264 1246 Tunc
284 1213 318 1246 in
337 1213 425 1246 mari
443 1225 463 1247 a
480 1212 625 1246 diversis
644 1213 804 1259 partibus
824 1225 951 1260 magna
969 1214 1070 1258 copia
1084 1213 1225 1246 navium
1242 1213 1333 1260 regis
1349 1213 1493 1260 Angliae
1511 1226 1681 1259 apparue-

162 1278 257 1305 runt.
284 1270 439 1311 Quidam
463 1278 582 1304 autem
604 1270 770 1304 dicebant
788 1270 886 1316 quod
909 1283 968 1303 rex
988 1271 1131 1318 Angliae
1150 1277 1183 1304 et
1203 1271 1278 1316 ejus
1298 1271 1407 1313 filius.
1430 1278 1463 1304 et
1483 1278 1554 1305 tota
1576 1272 1680 1305 nobi-

163 1331 239 1364 litas
266 1330 365 1377 regni
392 1330 536 1377 Angliae
562 1342 645 1363 cum
671 1330 719 1362 eis
750 1336 870 1372 erant.
900 1336 934 1362 et
956 1328 1121 1363 dicebant
1147 1330 1256 1375 aliqui
1282 1329 1382 1376 quod
1408 1330 1472 1375 ipsi
1500 1330 1680 1364 habebant

161 1400 264 1422 naves
287 1387 476 1431 ducentas.
503 1394 537 1421 et
562 1387 818 1434 quamplurimi
840 1394 1014 1421 trecentas
1040 1387 1262 1421 affirmabant
1286 1401 1291 1420 :
1319 1387 1362 1421 de
1386 1401 1536 1422 numero
1561 1396 1680 1422 autem

161 1454 196 1481 et
222 1448 420 1494 quantitate
451 1447 594 1480 navium
624 1447 795 1480 nescirem
826 1446 943 1480 dicere
969 1447 1166 1480 veritatem.
1200 1447 1534 1493 Appropinquantes
1561 1454 1678 1481 autem

163 1519 267 1540 naves
282 1507 512 1555 Anglicorum
527 1506 843 1540 circumdederunt
864 1518 968 1539 naves
986 1506 1223 1552 Hispanorum
1243 1512 1278 1539 et
1296 1506 1437 1540 illorum
1456 1507 1518 1553 qui
1534 1519 1616 1540 cum
1632 1507 1680 1540 eis

159 1572 279 1608 erant„
306 1565 524 1599 invenientes
548 1577 607 1598 eos
630 1564 675 1598 ad
694 1564 899 1598 bellandum
919 1571 1079 1610 paratos.
1107 1570 1142 1598 et
1158 1564 1298 1598 duravit
1319 1565 1470 1598 insultus
1492 1572 1527 1598 et
1545 1565 1677 1598 bellum

158 1631 233 1659 tota
253 1624 311 1658 illa
331 1623 400 1658 die.
423 1623 574 1669 Vespere
597 1629 716 1656 autem
742 1623 834 1657 facto
848 1650 856 1666 ,Ι
883 1623 1017 1670 treugis
1040 1622 1085 1656 ad
1107 1623 1257 1656 invicem
1277 1622 1387 1666 datis7
1412 1630 1452 1656 ut
1473 1622 1674 1667 dicebatur.

159 1684 305 1718 cessavit
328 1689 363 1717 et
391 1683 486 1717 siluit
515 1689 666 1729 utraque
689 1695 802 1729 usque.
827 1694 950 1716 mane:
975 1689 1053 1716 orto
1076 1688 1194 1715 autem
1215 1683 1307 1725 sole.
1335 1689 1529 1728 coeperunt
1554 1683 1678 1717 iterato

161 1743 206 1777 ad
231 1743 381 1777 invicem
413 1741 601 1776 debellare.
636 1742 715 1775 Fuit
738 1748 856 1776 autem
884 1742 977 1775 fama
1000 1740 1099 1788 quod
1123 1753 1251 1789 magna
1274 1754 1354 1787 pars
1381 1742 1608 1789 Anglicorum
1634 1742 1679 1775 ad

160 1803 299 1836 lucrum
327 1800 578 1844 intenderunt.
609 1801 727 1847 plures
755 1813 860 1834 naves
886 1807 1047 1834 oneratas
1077 1799 1120 1834 de
1147 1801 1303 1834 vestibus
1330 1807 1364 1834 et
1388 1801 1594 1835 mercaturis
1621 1801 1678 1834 lu-

160 1868 297 1895 crantes
323 1867 359 1894 et
385 1861 579 1906 capientes:v
607 1867 642 1894 et
667 1861 732 1903 sie.
767 1867 874 1906 prout
905 1872 1028 1893 rumor
1058 1866 1149 1902 erat.
1179 1872 1220 1893 ex
1245 1866 1396 1906 utraque
1422 1867 1521 1905 parte
1550 1861 1677 1894 occisio

160 1932 287 1968 magna
306 1919 390 1961 fuit.
413 1925 533 1952 tamen
555 1919 658 1952 multi
682 1925 881 1952 evaserunt.
908 1918 986 1951 Fuit
1008 1924 1126 1951 autem
1152 1918 1244 1951 fama
1263 1917 1362 1964 quod
1380 1917 1525 1964 quidam
1545 1919 1678 1966 guber-

160 1985 263 2013 nator
292 1985 325 2012 et
355 1978 517 2024 superior
542 1977 730 2011 hominum
758 1978 1014 2023 Hispanorum7
1044 1976 1167 2010 videns
1193 1983 1339 2010 ventum
1370 1989 1579 2023 prosperum
1613 1991 1677 2024 pro

161 2037 339 2083 Hispanis⁷
360 2035 532 2070 ordinatis
554 2036 702 2070 navibus
721 2048 812 2083 quae
830 2048 950 2069 secum
972 2042 1229 2078 remanserant.
1252 2036 1317 2069 iter
1335 2047 1454 2069 versus
1475 2036 1676 2082 Hispaniam

159 2095 309 2142 arripuit
334 2102 369 2128 et
389 2095 438 2129 sic
465 2107 547 2128 cum
572 2095 633 2128 Dei
659 2094 837 2141 adjutorio
859 2095 1043 2141 perplures
1063 2106 1167 2128 naves
1190 2101 1225 2128 et
1242 2101 1457 2128 mercatores
1476 2102 1673 2128 evaserunt.

159 2154 294 2202 Anglici
313 2160 432 2187 autem
457 2160 695 2194 remanentes,
722 2166 826 2187 naves
846 2153 1082 2199 Hispanorum
1103 2165 1194 2199 quae
1217 2159 1458 2186 remanserant
1479 2152 1677 2199 depopula-

158 2219 306 2255 verunt„
327 2210 546 2245 trucidantes
565 2218 600 2244 et
617 2211 858 2257 decapitantes
878 2224 1064 2257 personas7
1085 2210 1260 2257 quosdam
1283 2217 1401 2244 tamen
1429 2211 1600 2256 prisiones
1626 2224 1676 2245 re—

158 2277 347 2307 servantes.
372 2270 460 2310 Quis
481 2277 598 2304 autem
618 2278 736 2316 posset
753 2270 797 2304 de
815 2277 915 2304 tanto
938 2269 1104 2304 conflictu
1127 2270 1310 2304 veritatem
1330 2270 1516 2303 enarrare?
1534 2270 1676 2304 Certum

160 2337 212 2365 est
233 2330 327 2364 enim
347 2335 382 2362 et
405 2329 592 2362 verisimile
605 2356 613 2371 .
639 2329 738 2375 quod
761 2329 862 2362 multi
882 2329 971 2362 eaesi
994 2335 1074 2362 sunt
1096 2335 1131 2362 et
1150 2329 1252 2362 multi
1272 2329 1446 2362 submersi
1465 2341 1505 2362 ex
1524 2336 1676 2376 utraque

158 2395 269 2436 parte.
294 2386 486 2421 Sciendum
504 2393 621 2420 tamen
641 2394 692 2421 est
707 2387 804 2433 quod
824 2387 945 2421 relatio
965 2394 1039 2421 erat
1053 2394 1087 2420 et
1104 2388 1197 2420 fama
1213 2399 1276 2433 per
1289 2399 1412 2421 omnes
1428 2388 1625 2433 provincias
1643 2396 1677 2422 et

160 2448 336 2489 nationes.
362 2445 461 2492 quod
479 2446 527 2479 illi
547 2445 591 2479 de
612 2446 776 2492 Hispania
793 2452 892 2479 erant
907 2445 1069 2479 homines
1087 2452 1319 2488 mercatores„
1342 2451 1377 2478 et
1397 2458 1483 2493 gens
1501 2446 1677 2480 nundinas

157 2512 192 2539 et
206 2505 335 2552 patrias
350 2516 415 2550 pro
431 2504 529 2538 lucro
544 2516 607 2538 suo
617 2504 882 2551 frequentantes
892 2531 900 2537 .
918 2511 953 2538 et
967 2511 1233 2550 assumpserunt
1241 2516 1360 2538 secum
1375 2504 1410 2537 in
1426 2505 1448 2538 F
1452 2504 1587 2538 landria
1601 2518 1675 2539 ser—

253 2563 340 2597 Ton.
371 2562 416 2596 ΙΙ.
1503 2562 1545 2597 51
