2118 3184
758 382 904 417 APPEN
910 382 1048 418 DICES.
1586 382 1656 417 859

135 495 191 515 tres
205 490 333 516 denarios
347 490 536 517 bruxellenses
549 490 613 516 mihi
629 490 690 516 inde
709 495 735 517 et
753 491 958 517 successoribus
975 492 1040 517 meis
1058 500 1108 526 pro
1122 491 1187 524 jure
1205 490 1378 522 advocatiae,
1395 489 1429 516 ad
1446 489 1535 515 natale
1549 489 1656 515 Domini

134 538 274 563 aunuatim
291 537 438 572 persolvat.
454 537 509 573 Ego
521 546 587 563 vero
599 536 737 572 praefatae
752 537 881 563 ecclesiae
893 537 927 563 de
938 538 1032 563 eadem
1047 542 1120 564 terra
1134 547 1229 564 verum
1244 547 1285 563 me
1298 547 1357 563 esse
1372 536 1505 572 profiteor
1518 541 1656 571 protecto-

134 592 208 616 rem,
220 589 246 610 et
261 584 348 611 eidem
363 595 377 610 a
391 594 431 610 me
446 584 595 620 pet-sectam
609 583 796 610 warandisiam
809 584 844 610 de
858 589 930 610 terra
947 585 1004 620 ipsa
1015 590 1040 610 ct
1056 594 1071 610 a
1086 585 1152 610 meis
1166 584 1370 610 successoribus
1384 583 1545 619 repromitto
1559 592 1657 618 perpe-

133 631 188 657 tuis
202 632 372 667 temporibus
385 631 576 658 exhibendam.
593 631 633 657 Ad
644 640 727 666 quam
745 632 825 657 etiam
842 632 1029 658 warandisiam
1043 633 1200 667 supradicta
1215 631 1298 658 Osilia
1309 652 1315 663 ,
1332 641 1401 657 uxor
1415 640 1474 657 mea
1484 651 1491 663 ‚
1508 639 1612 657 mecum
1628 639 1656 655 se

134 678 266 714 obligavit
278 679 410 705 adversus
420 679 520 705 dictam
533 678 674 704 ecclesiam
685 699 692 707 ,
706 679 839 714 praestito
853 688 936 714 snper
948 679 998 705 hoc
1012 679 1075 705 [idei
1089 684 1270 705 sacramento.
1286 679 1325 705 Ad
1339 678 1484 704 arcendam
1496 678 1580 714 igitur
1591 686 1657 712 quo-

134 725 264 752 rumlibet
275 726 523 762 importunitatem.
544 735 674 760 praesens
694 727 826 761 scriptum
843 726 922 762 sigilli
938 727 989 752 mei
1007 727 1174 762 appensione
1189 732 1215 752 ct
1230 727 1340 752 testium
1355 726 1548 752 subnotatione
1563 726 1656 751 censui

135 772 332 799 roborandum.
345 772 374 799 S.
387 773 514 805 Gosuini,
530 773 622 799 militis
635 772 669 799 dc
683 773 873 804 Scerudelbeke;
890 774 914 798 ll
925 774 1002 799 alteri
1017 774 1050 800 de
1063 774 1232 807 Moriameis3
1252 773 1322 799 l‘etri
1336 773 1370 799 de
1385 773 1492 799 Saintes
1503 785 1511 803 ‚·
1524 772 1657 798 „Iohannis

131 819 165 846 de
178 819 423 857 Emelverdeqhem;
438 821 542 857 Aegidii
554 820 587 846 de
604 820 745 849 l'rechem,-
760 821 788 847 S.
807 820 921 847 Walter}
935 842 941 849 .
958 821 1052 848 decani
1069 821 1102 847 de
1118 821 1193 851 llal‚·
1209 821 1330 857 magistri
1344 820 1518 856 Willelmi‘de
1535 819 1654 846 Iler-ines.

136 866 232 893 Actum
247 867 321 902 apud
340 867 527 903 Wederqreite,
542 877 614 894 anuo
628 868 732 904 gratiae
746 868 902 894 MCCXMX
913 889 920 901 ‚
937 878 1028 895 mense
1042 859 1150 894 Martio.

1070 935 1193 966 Original.r
1205 935 1226 958 le
1240 941 1310 959 sceau
1322 942 1351 958 en
1366 934 1413 958 cire
1425 934 1510 958 brune.

868 1020 933 1032 ΙΙ

856 1209 957 1244 CLII.

140 1304 199 1348 G„
221 1304 344 1351 e'vdque
361 1305 403 1339 de
427 1304 615 1347 cambrai,
631 1311 832 1353 transporta
846 1304 870 1340 ἀ
887 1306 1045 1352 l’ahlmye
1066 1306 1101 1339 la
1121 1304 1215 1339 dime
1232 1305 1273 1339 de
1294 1304 1503 1352 Helderqem
1512 1333 1521 1348 ,
1545 1318 1610 1351 que
1630 1306 1657 1339 le

268 1363 440 1398 chevalier
459 1364 610 1399 Gautz‘er
625 1364 763 1412 ‹l’Erpe
781 1365 836 1399 lm·
849 1377 873 1398 a
890 1364 1043 1412 νέεᾲῃιεέ
1058 1362 1082 1398 ἀ
1098 1369 1149 1398 cet
1165 1363 1252 1410 efflet.
1270 1364 1506 1399 -Rocsmn.

762 1545 779 1566 A
792 1544 935 1567 Grammont
941 1561 948 1571 ‚
963 1543 1035 1567 1229.

176 1616 221 1649 G„
235 1615 285 1642 Dei
297 1616 385 1652 gratia
397 1636 404 1646 ‚
421 1614 622 1641 Cameracensis
639 1616 798 1650 episcopus,
815 1615 951 1641 universis
964 1620 1123 1650 praesentes
1135 1613 1242 1641 litteras
1255 1615 1421 1650 inspecturis
1435 1613 1549 1640 salutem
1565 1615 1591 1640 in
1606 1614 1661 1640 Do—

137 1665 221 1690 mino.
237 1663 349 1690 Noverit
362 1663 526 1689 universitas
539 1667 642 1694 vestra,
659 1662 733 1698 quod
746 1672 808 1688 cum
820 1663 862 1688 vir
875 1652 1040 1688 venerabilis
1054 1661 1196 1688 Walterus
1211 1662 1245 1688 de
1258 1662 1330 1697 Erpa
1344 1661 1421 1687 miles
1435 1660 1550 1687 haberet
1563 1670 1659 1696 quam-

137 1711 199 1738 dam
211 1710 343 1737 decimam
355 1709 388 1736 de
399 1710 509 1736 circiter
521 1709 736 1745 vigintiduobus
748 1709 871 1735 bonariis
883 1714 972 1735 terrae
983 1730 989 1740 ⁷
1005 1718 1102 1744 parum
1117 1709 1178 1744 plus
1190 1708 1233 1735 vel
1245 1709 1334 1734 minus
1344 1729 1351 1741 7
1364 1709 1390 1734 in
1403 1707 1533 1743 parochia
1545 1707 1579 1734 de
1597 1707 1661 1733 Hel-

137 1757 291 1794 doenqhem,
303 1757 383 1791 cujus
394 1766 511 1792 persona
519 1757 640 1783 existunt
651 1756 736 1782 abbas
743 1761 770 1782 et
780 1756 893 1782 ecclesia
905 1756 938 1782 de
947 1755 1160 1786 Geraldimonte7
1173 1755 1264 1782 Sancti
1275 1755 1398 1788 Adriani,
1410 1755 1499 1781 dictus
1508 1754 1659 1782 Walterus.

135 1805 209 1831 circa
222 1804 337 1830 salutem
355 1804 460 1829 animae
474 1812 540 1829 suae
553 1803 624 1839 piam
643 1813 742 1839 gerens
757 1802 968 1829 sollicitudinem
979 1823 986 1835 ‚
1005 1802 1103 1829 dictam
1119 1802 1250 1828 decimam
1267 1802 1295 1828 in
1309 1812 1406 1828 manus
1418 1807 1526 1828 nostras
1545 1802 1579 1828 ad
1590 1812 1659 1838 opus

93 1856 101 1866 “
135 1851 266 1879 ecclesiae
279 1851 443 1883 Ninivensis,
459 1851 503 1877 cui
513 1860 572 1877 eam
585 1851 611 1877 in
625 1851 825 1886 eleemosynam
838 1850 957 1876 conferri
969 1849 1071 1882 voluit,
1085 1850 1237 1876 liberaliter
1250 1850 1410 1886 resignavit.
1426 1850 1478 1876 Nos
1491 1854 1583 1876 autem
1597 1859 1657 1876 cum

136 1899 207 1926 idem
221 1899 267 1925 W.
283 1898 360 1925 miles
374 1899 523 1925 monitione
535 1903 627 1925 nostra
644 1899 792 1934 praemissa
804 1898 895 1924 induci
911 1907 964 1924 non
982 1903 1074 1933 posset
1087 1903 1119 1923 ut
1132 1897 1254 1924 eamdem
1268 1897 1398 1924 decimam
1414 1897 1660 1924 Geraldimontensi

137 1946 268 1974 ecclesiae
281 1955 352 1981 quae
364 1955 482 1981 persona
496 1945 547 1971 loci
566 1945 640 1971 illius
654 1945 759 1977 existit,
776 1949 807 1970 ut
820 1944 990 1980 praedictum
1006 1949 1060 1977 est,
1076 1944 1268 1977 exhiberetur,
1282 1944 1368 1980 ipsam
1389 1943 1520 1970 decimam
1533 1944 1568 1970 de
1581 1953 1660 1979 prae-

136 1993 217 2020 dictis
230 1992 326 2029 viginti
338 1992 447 2019 duobus
460 1992 580 2018 bunariis
589 1997 679 2018 terrae
688 2001 784 2027 parum
796 1991 858 2027 plus
869 1991 911 2017 vel
926 1991 1026 2023 minus,
1042 1992 1110 2018 sitae
1123 1992 1149 2017 in
1162 1991 1222 2018 loco
1235 1991 1282 2017 illo
1296 1991 1343 2026 qui
1351 1991 1452 2017 dicitur
1462 1989 1602 2025 Str-ibant,
1616 1991 1659 2017 vel

133 2042 214 2076 juxta
223 2050 296 2074 eum,
306 2040 357 2066 viri
368 2040 532 2066 venerabilis
540 2040 702 2066 Theoderici
715 2040 821 2065 abbatis
832 2044 859 2065 et
869 2044 1020 2065 conventus
1028 2039 1158 2066 ecclesiae
1169 2039 1197 2066 S.
1207 2039 1320 2065 Adriani
1330 2038 1364 2065 de
1373 2038 1576 2065 Geraldimonte
1583 2039 1660 2073 prius

139 2097 223 2124 super
235 2087 287 2114 hoc
305 2088 450 2123 impetrato
469 2097 581 2114 assensn
593 2108 599 2120 ,
621 2087 759 2113 Ninivensi
773 2087 903 2113 ecclesiae
917 2087 943 2112 in
961 2086 1075 2113 liberam
1089 2086 1287 2123 eleemosynam
1301 2086 1466 2113 contulimus
1483 2095 1514 2112 ac
1531 2095 1590 2112 eam
1609 2086 1660 2121 ipsi

137 2134 269 2162 ecclesiae
280 2134 428 2170 episcopali
442 2135 606 2160 auctoritate
620 2135 646 2161 in
661 2140 826 2170 perpetuum
838 2135 1042 2160 confirmamus.
1055 2134 1241 2170 Suscipientes
1253 2134 1374 2160 eamdem
1383 2133 1514 2159 decimam
1525 2138 1659 2169 quantum

139 2181 173 2208 ad
187 2181 370 2217 episcopalem
385 2182 506 2217 pertinet.
524 2181 684 2217 dignitatem
702 2181 753 2207 sub
767 2187 877 2207 nostrae
890 2180 1057 2207 defensionis
1075 2181 1211 2217 praesidio
1223 2181 1400 2217 supradictae
1418 2180 1548 2206 ecclesiae
1562 2189 1661 2215 perpe-

138 2229 194 2255 tuis
213 2228 384 2264 temporibus
400 2228 625 2254 conservandam.
642 2229 677 2255 [t
695 2233 786 2254 autem
805 2229 855 2254 ista
869 2228 981 2254 donatio
998 2228 1087 2255 dictae
1105 2228 1244 2254 Niniveusi
1261 2228 1391 2254 ecclesiae
1410 2226 1488 2254 firma
1501 2233 1661 2263 permaneat

139 2285 249 2312 semper
265 2280 292 2301 et
310 2280 370 2302 rata
379 2296 387 2307 s
408 2276 541 2310 scriptum
555 2284 686 2311 praesens
700 2275 781 2311 sigilli
794 2276 880 2302 nostri
891 2275 1039 2302 munimine
1051 2276 1078 2302 in
1089 2276 1274 2302 testimonium
1289 2280 1318 2302 et
1332 2275 1564 2301 confirmationem
1576 2275 1662 2301 dona—

140 2325 223 2351 tionis
236 2324 320 2359 hujus
333 2323 490 2350 censuimus
506 2322 703 2349 roborandum.
718 2322 816 2349 Actum
830 2322 903 2359 apud
917 2322 1147 2350 Geraldimontem
1159 2344 1166 2357 ,
1182 2322 1251 2349 seria
1264 2323 1384 2349 secunda
1397 2328 1460 2349 ante
1473 2322 1572 2349 festum
1589 2323 1660 2349 beati

141 2372 214 2398 Petri
227 2372 254 2398 in
266 2371 396 2398 cathedra
407 2391 414 2403 ‚
428 2379 500 2396 anno
513 2371 618 2406 gratiae
627 2370 793 2397 MCCXXIX.

1095 2417 1204 2449 original
1213 2436 1221 2448 a
1232 2424 1301 2442 sceau
1312 2425 1342 2442 en
1353 2417 1401 2442 cire
1412 2417 1496 2442 bruno.

858 2479 923 2490 ΙΙ
