2137 3131
472 378 544 412 2142
813 374 988 411 CORPUS
1015 372 1345 408 CHRONICORUM
1375 374 1640 408 FLANDRIAE.

474 485 579 519 debet
598 483 813 530 proclamare
832 482 867 514 in
881 480 980 514 bellis
994 487 1029 514 et
1043 478 1267 513 conflictibus
1280 507 1288 523 ,
1310 480 1464 513 totaliter
1482 481 1764 514 combusserunt.
1784 481 1854 515 Rex
1870 488 1987 515 autem

477 542 637 576 Franciae
657 540 797 574 recessit
810 552 830 573 a
850 539 1073 586 Rothomago
1088 550 1238 584 sequens
1256 551 1374 586 regem
1397 538 1541 585 Angliae
1555 551 1635 572 cum
1659 539 1792 586 ingenti
1811 551 1875 573 suo
1895 552 1989 574 exer-

475 602 565 642 citu,
592 605 626 632 et
644 598 739 631 venit
763 597 935 640 Parisius,
961 603 1151 642 antequam
1172 608 1231 629 rex
1251 597 1395 644 Angliae
1415 597 1564 630 venisset
1583 596 1679 643 apud
1699 597 1832 639 Poz'ssz',
1858 604 1892 630 et
1916 604 1990 631 erat

474 658 602 691 fluvius
621 656 803 702 Sequanae
818 655 909 689 inter
924 654 1012 689 duas
1026 655 1129 688 acies.
1148 654 1189 687 Et
1207 666 1265 687 rex
1284 655 1447 693 Franciae
1473 667 1637 701 praesens
1664 655 1893 701 personaliter
1916 655 1990 689 fixit

472 716 622 750 tentoria
642 727 703 748 sua
726 715 817 748 inter
836 714 1106 760 S.—Dyonisiu¹n
1127 720 1162 746 et
1185 713 1358 756 l'arisius,
1389 714 1488 747 tertia
1512 713 1646 747 decima
1668 713 1724 747 die
1745 714 1906 761 Augusti.
1931 714 1989 747 {lla

473 774 530 809 die
549 774 643 807 missi
667 774 814 807 fuerunt
835 773 879 807 de
899 773 1193 807 Ambianensibus
1206 799 1215 815 ,
1236 772 1298 818 qui
1321 779 1490 806 venerant
1513 773 1700 819 quingenti
1719 773 1782 806 viri
1803 772 1938 818 pedites
1956 779 1991 806 et

472 832 732 879 quinquaginta
751 832 887 878 equites
905 831 950 865 ad
972 829 1247 865 custodiendum
1272 837 1416 876 pontem
1441 830 1485 863 de
1505 830 1674 873 Meulem,
1697 837 1731 864 et
1751 832 1817 864 fuit
1836 831 1884 864 ibi
1903 843 1990 865 con—

472 891 588 925 flictus
610 903 760 938 magnus
785 902 826 924 ex
848 896 999 936 utraque
1022 896 1121 935 parte
1135 916 1143 931 ,
1166 895 1200 922 et
1219 889 1469 922 Ambianenses
1487 901 1610 922 omnes
1628 896 1690 922 aut
1708 889 1797 922 caesi
1817 895 1879 923 aut
1897 890 1989 935 capti

471 950 638 992 fuerunt,
659 949 743 995 quia
763 949 897 997 Anglici
916 961 997 982 cum
1017 948 1133 982 archis
1146 948 1218 982 suis
1235 960 1294 981 cos
1314 947 1574 981 circumdantes
1594 947 1812 982 occiderunt.

521 1008 654 1042 Eodem
677 1020 793 1051 anno,
820 1007 856 1040 in
886 1006 942 1040 die
969 1006 1227 1052 Assumptionis
1255 1006 1376 1040 beatae
1403 1006 1552 1049 Mariae,
1583 1006 1676 1039 venit
1703 1019 1762 1039 rex
1786 1006 1930 1054 Angliae
1956 1012 1991 1040 et

471 1080 555 1101 suus
575 1067 747 1101 exercitus
760 1094 768 1110 ,
794 1073 828 1100 et
846 1066 1120 1100 combusserunt
1137 1065 1252 1099 villam
1273 1064 1317 1098 de
1336 1065 1565 1107 Sazfnt-Cleu,
1593 1072 1628 1098 et
1647 1065 1774 1098 reversi
1792 1072 1876 1099 sunt
1893 1064 1989 1111 apud

470 1127 598 1160 Poissi.
619 1126 748 1160 Eadem
768 1125 825 1159 die
848 1125 1007 1159 transivit
1027 1125 1178 1158 Parisius
1198 1130 1323 1170 pontes
1342 1136 1402 1157 rex
1422 1124 1585 1158 Franciae
1603 1136 1685 1157 cum
1707 1124 1858 1157 maxima
1875 1124 1992 1157 multi-

470 1185 595 1219 tudine
612 1185 773 1233 gentium
787 1212 795 1228 ,
820 1185 911 1218 inter
930 1197 1017 1230 quas
1036 1190 1136 1217 erant
1155 1183 1290 1229 pedites
1305 1184 1444 1217 circiter
1459 1183 1581 1231 viginti
1601 1182 1709 1216 millia
1722 1182 1767 1216 dc
1783 1182 1968 1216 Genuenes
1980 1209 1988 1225 ,

471 1251 507 1278 et
521 1244 626 1278 exivit
643 1244 796 1277 Parisius
814 1250 849 1277 et
868 1243 943 1276 fixit
961 1243 1112 1276 tentoria
1127 1255 1247 1276 versus
1262 1242 1615 1289 Bourclz-le-Royne.

520 1303 627 1345 Item,
655 1302 691 1335 in
714 1301 770 1335 die
795 1302 945 1335 crastina
972 1301 1251 1347 Assumptionis,
1277 1301 1441 1346 sperabat
1464 1313 1524 1333 rex
1545 1300 1708 1334 Franciae
1733 1307 1768 1334 et
1792 1300 1864 1343 sui,
1892 1299 1991 1347 quod

472 1374 532 1396 rex
555 1361 699 1408 Angliae
726 1366 961 1394 reverteretur
985 1359 1030 1393 ad
1056 1359 1262 1393 Gasconiam
1284 1371 1347 1404 per
1370 1359 1547 1392 civitatem
1571 1358 1845 1399 Carnotensemg
1875 1365 1910 1392 et
1932 1371 1992 1392 rex

471 1420 616 1467 Angliae
634 1419 714 1452 ficte
733 1425 768 1452 et
782 1419 956 1452 cautelose
975 1418 1058 1452 fecit
1075 1418 1151 1451 fieri
1170 1417 1333 1451 incendia
1352 1430 1471 1451 versus
1486 1417 1698 1460 Carnotum,
1720 1423 1755 1450 et
1773 1417 1916 1451 dimissa
1935 1417 1992 1451 illa

474 1479 527 1513 via
540 1505 548 1521 7
569 1478 635 1511 iter
654 1477 842 1523 assumpsit
861 1476 905 1510 ad
925 1477 1156 1510 contrarium.
1180 1477 1267 1510 Item
1280 1503 1288 1519 ,
1312 1488 1371 1509 rex
1391 1476 1535 1524 Angliae
1554 1483 1589 1509 et
1614 1477 1667 1510 sui
1690 1476 1848 1510 videntes
1871 1489 1992 1524 regem

472 1536 635 1570 Frauciae
653 1548 726 1569 esse
746 1535 837 1568 ultra
855 1535 1074 1581 Sequanam,
1098 1536 1298 1569 refecerunt
1317 1541 1442 1580 pontes
1456 1534 1552 1580 apud
1571 1535 1702 1577 Poz'ssz',
1720 1542 1755 1568 et
1774 1542 1993 1569 recesserunt

471 1602 545 1629 tota
559 1600 678 1637 nocte,
694 1600 729 1627 et
743 1600 917 1627 venerunt
935 1593 971 1626 in
985 1593 1137 1627 crastino
1157 1591 1179 1626 ά
1203 1592 1672 1639 ΟΙιαηιρῖιἉΖε-Ηαηὒνιῃίει7
1694 1600 1729 1626 et
1742 1594 1790 1627 ibi
1812 1606 1992 1628 remanse-

470 1660 566 1687 runt.
589 1653 631 1686 Et
649 1652 685 1685 in
708 1652 860 1686 crastino
880 1652 1153 1685 combusserunt
1176 1652 1293 1685 villam
1316 1658 1351 1685 et
1376 1658 1596 1685 recesserunt
1613 1651 1750 1685 decima
1767 1653 1916 1698 septima
1934 1652 1991 1686 die

470 1711 639 1759 Augusti,
661 1718 696 1744 et
713 1711 930 1744 transierunt
949 1711 1156 1756 Byazcmont
1173 1723 1279 1756 supra
1297 1710 1398 1756 Oyse.

520 1769 651 1803 Eadem
670 1769 748 1813 die,
770 1782 831 1803 rex
850 1770 1032 1813 Franciae,
1055 1782 1115 1803 rex
1135 1769 1324 1803 Bohemiae
1342 1776 1377 1803 et
1389 1769 1445 1803 alii
1461 1769 1610 1803 barones
1625 1776 1659 1803 et
1673 1770 1846 1804 exercitus
1865 1782 1993 1818 seque-

471 1829 601 1862 bantur
619 1840 701 1861 cum
721 1828 945 1861 festinatione
965 1841 1085 1876 regem
1105 1829 1262 1876 Angliae.

519 1887 625 1929 Item,
646 1886 784 1920 decima
805 1893 927 1920 octava
946 1886 1003 1920 die
1024 1887 1192 1935 Augusti,
1214 1887 1283 1921 fuit
1299 1887 1472 1921 exercitus
1491 1900 1572 1921 cum
1593 1900 1675 1935 rege
1694 1888 1731 1921 in
1750 1887 1830 1922 villa
1847 1887 1893 1922 de
1912 1887 1991 1922 Cla-

470 1951 632 1978 romonte
650 1957 756 1991 supra
779 1945 886 1991 Oyse,
906 1958 1057 1991 sequens
1075 1958 1194 1993 regem
1211 1946 1355 1993 Angliae
1369 1973 1377 1989 ,
1399 1953 1433 1979 et
1452 1946 1587 1993 Anglici
1608 1946 1779 1980 habentes
1798 1947 1992 1993 unusquis—

468 2016 538 2050 que
556 2016 666 2050 equos
680 2016 770 2050 quos
784 2010 951 2050 ceperant
966 2004 1002 2037 in
1018 2004 1255 2048 Non-mannia,
1277 2005 1362 2038 alios
1376 2017 1502 2038 currus
1521 2017 1593 2038 non
1608 2004 1780 2038 habentes
1794 2032 1802 2048 ,
1824 2017 1888 2051 per
1904 2017 1997 2052 quos

470 2062 655 2109 gestabant
678 2062 840 2095 victualia
867 2074 930 2095 sua
952 2069 986 2095 et
1012 2062 1131 2096 omnia
1157 2063 1221 2096 alia
1241 2075 1332 2108 quae
1358 2063 1556 2105 habebant,
1584 2069 1619 2096 et
1640 2063 1689 2096 sic
1712 2063 1811 2097 ibant
1840 2063 1993 2098 velocius

470 2132 578 2166 quam
593 2120 766 2153 exercitus
780 2120 872 2167 regis
886 2121 1048 2154 Franciae
1061 2148 1069 2164 ,
1091 2120 1314 2154 intendentes
1328 2121 1445 2154 venire
1461 2133 1543 2154 cum
1560 2121 1760 2169 Flamingis.
1784 2121 1992 2169 Acciditque

471 2191 541 2211 una
560 2177 616 2211 die
638 2178 782 2212 Veneris
800 2185 898 2212 tanta
917 2179 1055 2213 caristia
1086 2186 1120 2213 et
1141 2179 1300 2213 defectus
1322 2180 1422 2226 panis
1441 2180 1533 2213 inter
1551 2192 1627 2223 eos,
1649 2179 1748 2226 quod
1768 2193 1851 2226 prae
1869 2193 1993 2215 neces-

470 2237 570 2270 sitate
601 2249 723 2271 carnes
750 2237 1001 2282 comederunt,
1029 2239 1112 2285 quia
1138 2239 1175 2272 in
1208 2239 1281 2272 acie
1309 2251 1433 2272 eorum
1463 2251 1556 2272 unus
1593 2239 1692 2285 panis
1719 2239 1826 2273 unius
1857 2239 1991 2273 denarii

470 2296 629 2342 quinque
661 2296 790 2331 solidos
816 2297 1047 2331 vendebatur.
1080 2298 1252 2332 Vicesima
1278 2298 1387 2346 igitur
1412 2297 1470 2331 die
1494 2298 1662 2345 Augusti,
1697 2299 1793 2332 venit
1819 2298 1991 2333 exercitus

469 2353 560 2400 regis
584 2354 605 2386 F
609 2355 746 2388 ranciae
766 2355 946 2389 Ambianis
960 2383 968 2399 ,
994 2356 1193 2403 equitantes
1211 2355 1306 2390 dicta
1329 2356 1386 2390 die
1410 2356 1533 2390 decem
1559 2356 1674 2390 leucas
1697 2355 1742 2390 ad
1766 2356 1992 2402 praevenien-

472 2410 559 2444 dum
582 2418 616 2445 et
634 2413 851 2447 obviandum
874 2415 947 2462 regi
969 2415 1112 2463 Angliae
1138 2416 1310 2464 fugienti,
1331 2422 1372 2450 ut
1394 2416 1528 2450 veniret
1547 2428 1628 2449 cum
1655 2415 1842 2463 Flamingis
1868 2414 1994 2449 seden-

471 2469 565 2503 tibus
584 2476 664 2504 ante
685 2471 883 2505 Betuuiam.
