2118 3184
438 381 701 417 CttRONlCON
732 381 944 415 Batnuixt
974 378 1278 415 NlNOVlENStS.
1551 379 1617 413 7-21

98 490 194 524 mino
209 502 302 525 anno
318 491 476 524 MDLHI.
501 491 613 536 lpsius
628 489 813 534 coadjutor
829 489 892 522 fuit
915 489 955 521 l).
974 487 1131 522 Judocus
1150 487 1261 535 Sigeri
1282 486 1501 521 Ninoviensis
1514 513 1521 527 5
1544 498 1616 532 quo

99 550 278 595 inopinata
298 556 411 582 niorte
430 549 586 585 sublato,
608 560 701 581 anno
723 547 885 580 MDXLI.
906 546 983 579 idus
1000 546 1093 579 Maii.

148 608 321 642 Successit
333 609 366 641 in
377 608 540 641 abbatem
550 607 590 640 R.
604 607 749 652 paterl).
760 606 939 639 Joliannes
949 606 992 638 ab
1003 607 1129 638 :tw-na.
1142 605 1307 645 Ninivita„
1319 616 1413 638 anno
1421 603 1452 636 M
1460 603 1614 645 DXLllt„

100 667 175 712 ipso
189 666 468 700 annuntiationis
484 666 629 699 Mariae.
652 666 703 698 vir
723 665 801 710 pius
815 691 822 704 ,
845 664 1007 705 humilis„
1031 676 1174 709 parcus*
1196 662 1364 704 devotus„
1387 675 1524 696 necnon
1545 662 1621 696 reli·

98 726 237 773 giosus,
259 737 380 759 euram
395 737 520 772 gerens
539 724 748 758 abbatialem
764 723 855 768 xxiiij
877 723 989 756 annis.
1010 722 1078 762 Qui
1100 722 1281 755 ecclesiam
1302 728 1458 755 nostram
1474 720 1619 755 diversis

98 783 223 818 ditavit
245 784 479 823 ornanientisff
505 784 655 818 eliorum
679 783 787 817 sancti
811 782 961 815 Cornelii
987 793 1118 814 novum
1146 781 1248 821 fecit7
1273 787 1308 814 et
1331 780 1509 813 transtulit
1529 791 1619 812 onus

98 842 272 876 abbatiale
291 842 324 875 in
350 842 513 875 manibus
534 841 640 888 patris
661 841 798 874 abbatis
820 839 1019 877 Parcensis„
1046 838 1259 887 resignando
1287 851 1380 872 anno
1409 837 1614 872 MDLXVH.

99 899 197 934 Obiit.
212 898 277 945 xxij
290 900 511 939 Novembris,
531 901 605 946 ipso
619 900 654 933 S.
673 899 830 941 Ceciliam
847 911 955 945 quain
971 910 1110 943 semper
1129 910 1189 931 seu
1204 898 1417 945 singularem
1435 903 1619 943 patronam

99 959 273 993 coluerat.
297 972 389 993 anno
409 959 601 993 MDLXXI.

147 1016 321 1051 Successit
341 1019 374 1051 in
400 1019 563 1051 abbatem
590 1018 630 1052 R.
653 1024 751 1063 pater
771 1016 918 1051 Michael
942 1029 960 1049 a
985 1015 1097 1051 illale.
1126 1015 1369 1048 Bruxeliensis.
1401 1014 1501 1048 Nono
1526 1026 1619 1047 anno

97 1075 353 1110 conductorem
369 1089 488 1124 agens,
507 1077 664 1110 unanimi
681 1077 830 1109 fratrum
846 1081 927 1109 voto
942 1074 1181 1120 capitulariter
1196 1074 1231 1107 in
1243 1074 1407 1107 abbatem
1422 1079 1623 1118 assumptus

99 1134 183 1177 fuiti
201 1142 425 1169 consecratus
443 1137 518 1182 ipso
532 1135 589 1169 die
605 1135 863 1169 Bartholomaei
875 1161 883 1176 ·.
901 1146 994 1167 anno
1006 1132 1197 1166 MDLXVII
1212 1160 1220 1175 ·,
1239 1132 1419 1165 Bruxellae
1435 1132 1468 1165 in
1486 1144 1622 1165 monas-

100 1194 187 1228 terio
208 1194 413 1227 monialium
433 1194 648 1241 regularium
668 1193 712 1227 de
731 1192 885 1227 Jericho.
904 1192 972 1232 Qui
993 1191 1138 1224 diversis
1154 1190 1354 1224 monasterii
1376 1190 1502 1236 passini
1523 1190 1624 1223 colla-

100 1253 215 1287 bentis
230 1252 511 1298 reparationibus
527 1258 739 1297 occupatus,
761 1251 871 1284 multa
891 1250 988 1284 tulit.
1010 1249 1176 1295 Fecitque.
1198 1248 1297 1282 Obiit
1314 1248 1483 1282 Bruxellis
1501 1255 1597 1294 peste
1610 1276 1617 1290 „

100 1312 179 1357 xviij
199 1310 418 1357 Septembris
437 1310 694 1344 MDLXXVIH.

149 1369 212 1404 Cui
232 1369 399 1404 successit
418 1368 631 1402 reverendus
652 1368 819 1402 dominus
839 1367 964 1401 Petrus
986 1366 1109 1412 Aloys,
1132 1365 1378 1399 Bruxellensis.
1408 1365 1469 1398 Hic
1484 1365 1622 1399 vincula

101 1429 302 1474 multasque
317 1428 533 1461 calamitates
547 1427 629 1460 alias
643 1427 687 1460 ab
702 1426 886 1460 haereticis
902 1437 1100 1471 perpessuS,
1116 1431 1240 1458 octavo
1255 1424 1435 1472 regiminis
1449 1425 1501 1457 sui
1517 1436 1622 1465 anno.¹

102 1489 136 1521 in
159 1487 307 1521 Domino
325 1485 511 1527 dormivit,
529 1498 622 1519 anno
636 1484 896 1518 MDLXXXVH
908 1511 916 1527 a
933 1484 990 1529 xiij
1009 1483 1224 1517 Decembris.

152 1546 234 1580 Post
259 1544 356 1578 hunc
375 1545 517 1592 eligitur
538 1543 752 1578 reverendus
773 1543 941 1577 dominus
967 1541 1141 1576 Adrianus
1171 1541 1354 1584 PVasteels„
1376 1541 1529 1576 Ninivita
1543 1569 1551 1584 .,
1574 1542 1625 1575 vir

102 1605 299 1653 religiosus.
318 1604 380 1638 Hic
400 1604 530 1650 petitus
549 1603 594 1637 ab
612 1603 797 1636 haereticis
816 1608 855 1635 ut
869 1602 902 1635 in
923 1601 1061 1635 vincula
1076 1600 1311 1646 conjiceretur
1324 1627 1332 1643 a
1353 1599 1439 1634 dum
1461 1600 1625 1634 humanis

103 1665 236 1698 viribus
245 1662 512 1698 seliberandum
528 1661 717 1705 diffideret7
729 1661 774 1695 ad
789 1667 1021 1707 patronorum
1038 1666 1241 1693 nostrorum
1256 1659 1406 1693 Cornelii
1417 1666 1451 1692 et
1461 1659 1625 1705 Cypriani

103 1723 337 1770 patrocinium
359 1721 520 1769 confugit
532 1748 540 1764 7
558 1721 838 1767 provolutusque
852 1720 886 1753 in
905 1732 1033 1768 genua„
1048 1719 1280 1765 antiphonam
1300 1731 1306 1751 z
1328 1718 1451 1752 Sancta
1462 1717 1626 1752 Dez'sub-

103 1784 214 1816 venite
226 1808 234 1824 a
259 1787 345 1822 ρίου,
369 1779 567 1822 inchoavit,
588 1786 624 1813 et
641 1779 759 1813 subito
776 1779 837 1825 (ut
855 1778 889 1811 in
909 1790 1023 1826 agone
1041 1777 1222 1811 confessus
1239 1776 1310 1822 est)
1331 1777 1430 1823 quasi
1451 1777 1624 1810 nubecula

104 1852 185 1874 eum
205 1839 453 1881 obumbravit}
475 1845 509 1872 et
522 1839 571 1872 sic
586 1838 775 1872 incolumis
794 1849 920 1870 manus
935 1837 1093 1883 ipsorum
1107 1836 1228 1869 evasit.
1247 1835 1404 1869 Tandem
1421 1848 1513 1869 anno
1529 1843 1626 1869 sexto

103 1898 285 1947 dignitatis
301 1909 384 1932 suae
397 1897 581 1931 abbatialis
593 1925 600 1939 „
621 1897 768 1931 feliciter
782 1896 943 1942 patribus
957 1896 1028 1929 suis
1043 1895 1224 1941 appositus
1238 1901 1290 1928 est
1302 1922 1310 1937 -,
1327 1906 1421 1928 anno
1436 1894 1624 1936 MDXCW,

106 1970 126 1991 v
141 1957 270 1991 Martii.

153 2014 324 2049 Omnium
334 2021 453 2060 postea
462 2015 552 2048 votis
561 2021 596 2048 et
604 2013 916 2048 acclamationibus
923 2012 1096 2046 sufficitur
1104 2012 1311 2046 venerabilis
1321 2012 1357 2044 in
1365 2011 1504 2045 Christo
1515 2012 1552 2044 D.
1565 2010 1626 2045 do-

106 2074 223 2108 minus
232 2073 404 2106 Antonius
412 2073 453 2106 de
461 2072 616 2119 Lanqlze,
625 2071 900 2114 Mechliniensis7
913 2071 1110 2104 virinsacra
1119 2070 1359 2117 paginaquam
1367 2068 1625 2103 eruditissimus

106 2133 186 2167 etin
203 2131 308 2165 rebus
324 2131 578 2176 temporalibus
593 2131 861 2172 solertissimu53
879 2131 939 2176 qui
960 2130 1006 2163 ob
1025 2129 1223 2163 excellentis
1238 2128 1370 2176 ingenii
1390 2127 1557 2173 etjudicii
1573 2129 1625 2162 sui

106 2202 254 2225 acumen
271 2202 290 2223 a
308 2189 457 2223 concilio
472 2189 654 2223 Flandriae
670 2190 707 2223 in
723 2189 1004 2223 commissarium
1020 2188 1138 2221 curiae
1152 2193 1354 2233 assumptus
1372 2193 1435 2220 est.
1455 2186 1517 2220 Hic
1538 2186 1625 2220 dum

106 2249 248 2296 propria
257 2261 318 2282 sua
332 2247 504 2282 industria
514 2248 759 2296 etfrugalitate
775 2247 1027 2281 dormitorium
1040 2273 1048 2290 ,Ι
1061 2246 1306 2288 refectorium7
1324 2245 1460 2291 aliaque
1478 2245 1627 2293 insignia

105 2307 264 2342 aedificia
279 2313 506 2340 restaurasset
520 2313 555 2340 et
568 2307 636 2352 xiiij
655 2307 834 2354 religiosos
848 2306 956 2350 hujus
972 2305 1173 2339 monasterii
1189 2304 1269 2338 albo
1285 2303 1516 2350 adjunxisset,
1535 2304 1628 2337 obla-

107 2373 233 2412 tosque
252 2365 442 2411 respuisset
464 2365 686 2411 episcopatus
708 2363 816 2407 duos7
843 2363 965 2397 aetatis
990 2376 1072 2397 suae
1095 2375 1188 2396 anno
1213 2362 1449 2410 sexagesimoff
1471 2362 1627 2396 secundo

106 2424 164 2459 die
181 2424 327 2470 Aprilis,
345 2423 563 2469 praesulatus
577 2435 659 2457 vero
673 2422 727 2456 sui
742 2434 834 2456 anno
849 2421 1063 2456 duodecimo
1076 2448 1085 2465 7
1102 2421 1255 2455 animam
1270 2420 1541 2455 clementissimo
1559 2422 1628 2454 Deo

108 2482 264 2517 reddidit
283 2481 470 2528 (Mocvl).
