2137 3131
477 376 547 411 510
816 372 990 408 CORPUS
1019 371 1350 406 CHRONICORUM
1380 371 1648 406 FLANDRIAE.

478 492 515 518 nt
539 485 743 530 episcopum
766 492 873 526 quem
897 478 942 512 ad
966 479 1139 512 honorem
1160 477 1221 510 Dei
1243 483 1277 511 et
1297 484 1442 523 propter
1460 478 1659 511 animarum
1679 478 1826 511 salutem
1846 478 1989 512 ordina—

476 550 566 577 verat
582 570 589 581 „
611 552 732 574 omnes
751 539 853 572 simul
874 538 1026 585 benigne
1044 536 1280 571 concederent
1297 549 1370 570 esse
1383 564 1391 580 7
1414 543 1448 570 et
1472 535 1632 570 redditus
1650 537 1872 582 episcopatus
1893 536 1989 570 dein-

476 614 554 646 ceps
570 599 633 645 ipsi
651 597 900 644 persolverent..
920 596 991 629 Rex
1006 601 1124 629 autem
1139 606 1221 628 cum
1240 595 1369 629 comite
1383 602 1417 629 et
1431 595 1583 637 civibus.
1602 595 1855 628 interveniente
1876 594 1989 628 Alviso

477 658 637 705 religioso
667 656 760 697 viro„
792 654 1027 688 Attrebatensi
1053 654 1239 699 episcopo7
1270 654 1390 699 paucis
1412 653 1627 699 interpositis
1652 652 1797 695 diebus„
1829 652 1989 698 petitioni

476 730 584 764 papae
603 715 740 749 annuit.
763 713 890 760 Sicque
912 725 1043 746 novum
1061 713 1267 758 episcopum
1288 712 1323 745 in
1343 711 1424 745 sede
1443 712 1634 758 pontificali
1655 712 1851 758 recepimus
1876 724 1882 743 ε
1909 710 1991 744 alias

474 776 577 809 etiam
603 775 733 807 litteras
751 773 917 818 episcopo
931 772 1157 806 Noviomensi
1181 771 1327 819 legavit7
1351 771 1386 804 in
1406 771 1536 817 quibus
1556 784 1638 804 eum
1657 770 1927 813 exhortabatur,
1953 776 1992 803 ut

474 834 646 880 patienter
672 832 779 865 ferret
807 831 1045 864 Tornaeenses
1071 830 1256 876 proprium
1278 829 1484 875 episcopum
1506 829 1657 871 habere.
1680 836 1714 862 et
1740 842 1783 862 ne
1804 829 1856 862 vet
1876 840 1939 874 per
1955 839 1991 861 se

474 893 526 926 vel
550 904 611 937 per
628 890 823 935 subjectam
846 889 911 923 sibi
931 901 1118 934 personam
1137 889 1167 922 ei
1193 888 1348 934 aliquam
1371 888 1566 921 molestiam
1587 888 1716 921 inferre
1735 893 1988 933 praesumeret.

476 950 746 996 Metropolitano
762 960 907 995 quoque
917 947 1080 981 Remensi
1091 954 1126 980 et
1139 947 1495 993 comprovincialibus
1509 947 1682 992 episcopis
1698 945 1890 988 mandavit7
1907 957 1992 991 qua-

475 1011 569 1043 tinus
588 1021 669 1041 eum
689 1020 798 1041 manu
814 1013 976 1041 tenerent
993 1013 1028 1040 et
1046 1007 1081 1039 in
1096 1006 1263 1040 omnibus
1277 1006 1460 1051 juvarent7
1477 1012 1584 1052 atque
1603 1006 1647 1039 ab
1666 1005 1763 1039 omni
1782 1016 1991 1051 praesump-

474 1069 569 1102 tione
591 1068 797 1113 episeopum
823 1066 1095 1100 Noviomensem
1122 1065 1288 1099 desistere
1316 1072 1522 1108 monerent.
1552 1072 1587 1099 et
1612 1077 1692 1099 cum
1725 1077 1766 1097 eo
1798 1063 1842 1097 ad
1869 1076 1990 1109 paceni

475 1126 744 1160 concordarent.
767 1124 836 1158 Sed
854 1125 926 1170 ipse
942 1123 1074 1170 Symon
1097 1123 1301 1157 mitissimus
1316 1123 1426 1157 homo
1447 1130 1539 1165 erat.
1561 1129 1596 1156 et
1614 1122 1899 1156 malefactoribus
1920 1122 1991 1156 suis

476 1185 565 1219 mala
579 1184 774 1218 retribuere
788 1183 978 1216 nesciebat.
1002 1181 1102 1215 Unde
1121 1182 1255 1215 factum
1275 1188 1327 1215 est
1344 1188 1383 1214 ut
1398 1194 1514 1227 neque
1534 1182 1641 1215 verbo
1660 1194 1775 1227 neque
1794 1181 1886 1215 facto
1904 1192 1991 1215 con-

474 1251 526 1277 tra
556 1249 783 1289 praeceptum
811 1254 922 1288 papae
944 1242 1057 1275 facere
1084 1247 1254 1283 tentaret„
1284 1240 1382 1286 quod
1405 1241 1510 1274 etiam
1532 1240 1577 1274 ad
1608 1240 1827 1274 nobilitatem
1854 1240 1992 1288 generis

476 1303 528 1336 sui
549 1302 758 1348 pertinebat.
781 1300 837 1335 Sic
856 1313 940 1348 ergo
960 1300 1053 1333 Deus
1069 1299 1246 1333 ordinavit
1263 1305 1303 1332 ut
1318 1299 1510 1333 Herbertus
1529 1306 1564 1333 et
1584 1299 1734 1333 Absalon
1756 1299 1906 1333 'fornaci
1927 1299 1991 1332 eli-

473 1368 660 1410 gerentur.
685 1367 720 1394 et
743 1359 926 1393 Anselmus
946 1359 1076 1392 Romae
1095 1364 1371 1392 consecraretur.
1396 1357 1452 1391 Sic
1472 1358 1562 1391 Deus
1578 1358 1735 1404 permisit
1754 1364 1794 1391 ut
1813 1357 1988 1390 Paschalis

475 1427 507 1453 et
525 1418 750 1453 innocentius
770 1417 918 1451 Tornaci
934 1416 1102 1462 juberent
1122 1416 1196 1449 fieri
1215 1415 1440 1457 electionem.
1461 1423 1495 1449 et
1514 1416 1690 1463 Eugenins
1712 1416 1843 1449 Romae
1862 1415 1992 1448 faceret

476 1477 789 1512 consecrationem.
821 1475 877 1509 Sic
904 1476 996 1509 Deus
1017 1475 1191 1521 disposuit
1214 1481 1254 1507 ut
1277 1474 1451 1508 Gonterus
1477 1481 1512 1508 et
1534 1475 1560 1507 T
1565 1474 1776 1508 heodoricus
1800 1474 1990 1520 praepositi

477 1537 677 1571 laborarent
690 1547 755 1581 pro
773 1534 960 1577 electionffi
978 1540 1013 1567 et
1030 1532 1259 1566 Lambertus¹
1275 1531 1446 1580 gauderet
1460 1531 1504 1566 de
1520 1533 1611 1566 facta
1626 1532 1900 1566 consecratione.
1924 1533 1989 1566 Alii

476 1608 560 1643 ergo
576 1594 773 1629 secundum
792 1593 1027 1640 evangelicam
1043 1592 1251 1625 sententiam
1270 1591 1535 1634 laboraverunt.7
1556 1598 1589 1624 et
1605 1591 1790 1624 Letbertus
1804 1591 1840 1624 in
1855 1591 1990 1625 labores

478 1667 601 1689 eorum
620 1653 797 1695 introivit7
820 1652 876 1686 alii
895 1651 1178 1690 seminaverunt,
1202 1650 1386 1684 Letbertus
1408 1650 1564 1684 messuit.
1584 1649 1793 1683 Benedictus
1817 1650 1907 1683 Deus
1928 1650 1991 1696 qui

477 1725 687 1760 prosperum
715 1712 795 1745 feeit
829 1711 894 1744 iter
928 1710 1015 1755 ejus.
1052 1710 1134 1743 Acta
1166 1716 1217 1742 est
1248 1709 1464 1743 consecratio
1492 1708 1626 1742 domini
1654 1708 1807 1742 Anselmi
1835 1709 1990 1755 episcopi

476 1773 623 1815 Romae7
646 1783 739 1805 anno
757 1769 927 1804 incarnati
951 1769 1048 1802 verbi
1072 1768 1211 1801 Domini
1228 1768 1381 1802 MCXLV
1386 1768 1398 1801 I
1411 1795 1419 1811 a
1441 1780 1514 1815 quo
1529 1780 1622 1801 anno
1641 1768 1709 1801 fuit
1727 1768 1835 1801 fames
1855 1769 1989 1816 gravis-

477 1832 582 1874 sima7
612 1831 659 1864 ita
677 1836 717 1863 ut
740 1829 889 1863 Tornaci
912 1827 1125 1862 venderetur
1145 1827 1314 1861 sextarius
1334 1827 1440 1861 tritici
1466 1827 1508 1872 lvj
1537 1826 1668 1860 solidis.
1696 1826 1793 1860 Sicut
1815 1839 1901 1875 ergo
1928 1840 1991 1874 per

476 1896 637 1924 sanctum
652 1887 861 1922 Medardum
875 1887 1084 1935 dignitatem
1099 1887 1232 1932 proprii
1247 1886 1401 1932 episcopi
1417 1885 1655 1932 perdidimus⁷
1673 1885 1760 1919 dum
1776 1886 1848 1932 ipse
1868 1898 1990 1920 curam

475 1948 643 1994 episcopii
659 1946 888 1981 Tornacensis
905 1946 969 1979 sibi
985 1945 1181 1991 injunctam
1197 1957 1216 1978 a
1230 1944 1324 1978 clero
1340 1951 1375 1978 et
1390 1944 1660 1990 metropolitano
1675 1944 1805 1987 tenuit.
1822 1945 1870 1978 ita
1884 1945 1990 1978 etiam

477 2020 539 2054 per
559 2005 725 2040 eumdem
746 2005 942 2038 libertatem
962 2009 1118 2037 nostram
1139 2003 1337 2048 recepimus
1350 2030 1358 2045 .,
1384 2002 1471 2036 dum
1496 2003 1588 2035 Deus
1610 2002 1795 2047 proprium
1813 2009 1989 2048 pastorem

477 2066 578 2099 nobis
609 2065 815 2103 restituens,
845 2062 1061 2097 monachum
1086 2062 1121 2096 S.
1151 2061 1310 2095 Medardi
1337 2062 1373 2095 in
1400 2062 1607 2107 episcopum
1634 2059 1743 2095 dedit.
1779 2060 1990 2096 Benedictus

478 2126 570 2158 Deus
589 2124 650 2170 qui
668 2123 754 2157 tales
768 2123 857 2156 filios
877 2128 997 2156 sancto
1011 2119 1181 2155 Medardo
1200 2119 1412 2154 imbuendos
1427 2119 1591 2162 tradidit7
1609 2133 1671 2166 per
1692 2132 1847 2166 quorum
1866 2120 1991 2154 minis—

476 2184 603 2217 terium
625 2183 783 2217 Christus
798 2183 834 2215 in
853 2181 941 2214 filios
955 2179 1155 2226 adoptionis
1169 2178 1288 2213 divina
1306 2179 1516 2213 charismata
1530 2178 1740 2221 effunderet,
1761 2185 1795 2212 et
1808 2178 1988 2212 ecclesiam

477 2254 576 2275 suam
593 2242 666 2275 sine
684 2253 771 2288 ruga
789 2247 824 2273 et
840 2239 976 2273 macula
994 2249 1200 2272 conservare
1217 2236 1351 2271 vetlet2.
1371 2236 1580 2283 (Residuum
1599 2237 1786 2271 chronicae
1804 2237 1989 2283 episcopo-

478 2313 576 2343 rum7
605 2299 667 2345 qni
696 2298 858 2332 Anselmo
884 2298 920 2330 in
940 2297 1112 2345 regimine
1138 2295 1300 2330 ecclesiae
1325 2295 1555 2329 Tornacensis
1577 2302 1839 2337 successerunt„
1860 2306 1989 2341 quaere

478 2359 515 2392 in
538 2359 606 2391 fine
629 2357 819 2403 praesentis
841 2355 1063 2401 chronicae.)

518 2465 525 2482 ¹
549 2465 704 2490 Letbertus.
1296 2462 1307 2479 2
1329 2461 1526 2494 Herimannus,
1543 2461 1604 2487 finis
1619 2469 1712 2495 parag.
1730 2459 1792 2485 1Ἰὸ-

1147 2565 1304 2575 ἥσω-
