2137 3131
470 372 540 406 2314
809 370 982 406 Conrus
1008 369 1335 404 CHRONICORUM
1366 369 1627 404 FLANDRIAE.

470 491 539 524 que
562 478 752 519 ClodoveQ
778 478 877 522 cujus
897 476 1031 522 imperii
1052 476 1156 508 tertio
1180 488 1272 509 anno
1297 477 1532 521 pontificalem
1552 484 1752 523 susceperat
1774 478 1919 512 infulam
1943 485 1975 512 et

471 537 604 570 cunctis
622 536 834 581 primoribus
848 535 922 579 ejus
935 561 943 577 ,Ι
961 546 1025 580 pro
1043 534 1227 567 anterioris
1246 534 1472 568 fraternitatis
1486 535 1753 580 conjunctione,
1773 548 1881 582 quam
1896 548 1977 569 cum

471 608 511 627 οι)
528 596 560 627 in
583 594 708 639 palatio
727 593 792 626 sul)
812 599 909 638 patre
928 605 992 625 suo
1012 592 1210 639 Dagtssmrto
1229 599 1335 638 atque
1354 605 1418 627 avo
1432 593 1598 626 Lothario
1618 593 1763 637 habuit„
1786 595 1821 627 in
1841 600 1977 627 tantum

471 665 570 685 carm
590 658 658 684 erat
674 679 681 694 a
704 658 742 684 ut
761 651 937 697 quidquid
953 651 997 684 ab
1012 650 1142 683 eisdem
1164 651 1387 696 postulasset„
1409 652 1542 697 absque
1560 651 1727 685 dilatione
1746 653 1975 698 impetrasset.

471 710 653 755 Quidquid
670 723 750 743 vcro
766 710 909 756 adipisci
925 716 1079 755 poterat7
1099 716 1225 743 cuncta
1241 709 1420 755 praedicto
1435 710 1510 743 loco
1525 710 1721 753 tribuebat7
1738 723 1844 757 quem
1860 711 1980 744 novis—

470 770 555 801 sime
571 769 603 801 in
625 769 753 802 Finibus
771 769 898 802 Galliae
913 768 1138 802 fundaverat.
1161 775 1239 814 post
1258 769 1433 814 praeclara
1452 769 1639 812 coenobia7
1656 782 1747 815 quae
1762 782 1825 815 per
1843 769 1978 803 diversa

472 828 542 861 loca
563 834 817 861 construxerat.
841 827 939 861 Unde
958 827 1089 860 factum
1111 833 1162 859 est
1180 833 1219 859 ut
1238 827 1332 860 brevi
1351 826 1467 872 elapso
1485 833 1644 872 tempore
1659 839 1713 860 res
1731 827 1862 861 ibidem
1882 826 1980 860 dele-

470 892 569 932 gatae
594 885 715 918 usibus
737 886 885 918 fratrum
909 885 978 918 illic
1002 885 1073 917 Deo
1096 885 1323 918 seruientium
1349 896 1411 930 per
1434 885 1550 918 omnia
1575 885 1786 919 sufficerent.
1818 885 1977 925 Quarum

470 944 726 989 posscssionum
746 944 812 977 sub
832 944 899 977 hoc
921 950 1080 989 tempore
1103 943 1265 977 ecclesiae
1287 943 1492 977 collatarum
1519 950 1654 977 exstant
1673 950 1902 978 monumenta
1920 955 1981 977 us—

469 1014 538 1048 que
558 1002 592 1035 in
612 1002 825 1035 hodiernum
844 1001 951 1035 diem.
978 1002 1076 1042 Quae
1098 1001 1279 1047 quomodo
1302 1001 1346 1035 ad
1370 1007 1524 1035 nostram
1552 1002 1711 1035 notitiam
1737 1002 1977 1048 pervenerint,

471 1060 537 1093 boc
559 1060 634 1093 loco
654 1060 805 1093 inserere
827 1059 975 1107 dignum
1000 1059 1166 1093 duximus
1181 1059 1205 1092 ¹.

518 1119 557 1151 ln
577 1118 720 1152 ecclesia
735 1119 772 1151 B.
794 1118 922 1151 Mariae
943 1118 1172 1151 'Fornacensis
1185 1117 1217 1160 ‘25
1240 1116 1386 1163 quidam
1405 1117 1613 1160 canonicus7
1632 1118 1775 1151 nomine
1790 1117 1974 1161 Erbatdus‚

470 1177 615 1219 exstitit5
636 1177 697 1223 qui
717 1176 870 1210 officium
886 1176 1094 1209 thesaurarii
1114 1176 1149 1208 in
1166 1188 1205 1209 ea
1224 1175 1386 1221 pluribus
1404 1176 1504 1209 annis
1522 1174 1790 1209 administravit.
1812 1175 1881 1210 Sed
1901 1182 1981 1222 post

470 1236 646 1281 aliquanta
671 1246 845 1267 annorum
873 1234 1046 1268 curricula
1067 1233 1178 1267 laetali
1198 1233 1400 1266 infirmitate
1422 1233 1625 1279 depressus7
1655 1233 1699 1266 ad
1725 1234 1816 1267 beati
1840 1233 1980 1268 Martini

472 1293 631 1340 confugit
649 1293 831 1326 auxilium.
855 1292 917 1326 Cui
938 1292 1133 1339 aegrotanti
1155 1291 1241 1325 dum
1261 1291 1415 1337 quadam
1437 1291 1493 1325 die
1513 1292 1751 1325 assisteremus
1772 1298 1807 1325 et
1825 1292 1869 1326 de
1887 1293 1981 1327 anti-

471 1352 604 1397 quitate.
623 1351 728 1397 hujus
747 1351 909 1385 ecclesiae
929 1358 1054 1384 mutuo
1078 1350 1401 1393 confabularemur7
1424 1351 1560 1393 subito,
1581 1362 1685 1398 aeger
1702 1357 1742 1384 ut
1761 1358 1854 1395 erat,
1876 1352 1981 1385 talem

470 1410 690 1442 sermonibus
710 1410 835 1443 nostris
854 1410 1118 1455 responsionem
1136 1416 1410 1455 consequentem
1426 1409 1561 1452 intulit7
1583 1408 1702 1443 dicens
1720 1422 1726 1443 :
1749 1423 1767 1440 ι(
1783 1410 1889 1454 Vere,
1909 1410 1982 1444 fra-

473 1475 558 1507 tres.,
589 1468 646 1501 hic
668 1468 763 1501 locus
781 1469 919 1502 abbatia
938 1468 1077 1502 dudum
1096 1468 1181 1510 fuit„
1207 1480 1314 1514 quam
1340 1480 1424 1515 ergo
1444 1468 1480 1501 in
1502 1468 1716 1514 quibusdam
1739 1469 1980 1502 vetustissimis

472 1527 684 1560 membranis
698 1527 788 1560 infra
802 1527 976 1560 ambitum
991 1526 1153 1560 ecclcsiae
1168 1527 1206 1559 B.
1226 1526 1353 1559 Mariae
1368 1526 1527 1571 repositis
1540 1552 1548 1569 7
1569 1527 1731 1572 antiquas
1746 1527 1981 1572 possessiones

472 1593 506 1619 et
519 1585 677 1619 redditus
698 1586 803 1631 hujus
820 1585 983 1619 ecclesiae
997 1584 1191 1631 descriptos
1211 1585 1376 1618 habuisse
1390 1585 1589 1630 saepissime
1605 1585 1690 1632 legi7
1712 1585 1774 1618 ubi
1790 1586 1895 1619 etiam
1913 1598 1983 1620 ser—

472 1657 595 1678 vorum
619 1645 692 1689 ejus
719 1651 825 1690 atque
849 1644 1053 1677 ancillarum
1081 1656 1151 1677 non
1177 1643 1322 1676 minima
1345 1642 1538 1676 multitudo
1564 1643 1855 1677 continebatur.»
1884 1644 1983 1686 Quae

473 1704 577 1737 verba
592 1703 644 1736 vel
659 1703 786 1748 scripta
803 1703 968 1749 antiquae
983 1703 1147 1736 ecclesiae
1162 1702 1404 1735 testimonium
1425 1701 1592 1735 reddunt.
1611 1702 1794 1736 Neminem
1810 1709 1927 1737 tamen
1941 1715 1982 1736 ex

472 1762 577 1795 servis
587 1768 692 1807 atque
703 1761 835 1794 ancillis
844 1761 896 1794 vel
908 1761 1185 1806 possessionibus
1200 1760 1407 1794 nominatim
1425 1759 1604 1803 indicavit,
1621 1760 1789 1806 quoniam
1801 1773 1892 1807 quae
1906 1773 1983 1807 pos-

472 1821 626 1853 teritates
641 1820 691 1854 vel
705 1820 857 1853 familiae
872 1819 978 1853 hodie
992 1832 1032 1853 ex
1050 1820 1123 1853 istis
1137 1819 1291 1853 existunt
1302 1846 1311 1862 7
1332 1819 1384 1852 vel
1399 1819 1529 1865 quibus
1547 1819 1807 1853 successoribus
1822 1819 1858 1853 in
1871 1819 1985 1854 domi-

474 1880 571 1912 nium
596 1891 690 1911 nunc
708 1878 904 1911 tenentium
923 1878 1145 1921 devenerint⁷
1169 1884 1314 1923 propter
1334 1877 1541 1911 diuturnam
1559 1877 1889 1912 exhaeredationem
1912 1891 1983 1913 non

473 1938 571 1971 facile
591 1936 727 1970 edicere
746 1937 864 1970 valuit.
887 1936 993 1982 Cujus
1010 1937 1117 1970 verba
1135 1949 1215 1970 cum
1236 1936 1412 1970 canonicis
1432 1936 1470 1969 B.
1499 1936 1628 1969 Mariae
1647 1936 1848 1980 referimus,
1870 1943 1906 1971 et
1923 1950 1984 1971 ve-

474 1996 611 2029 ritatem
632 1995 733 2028 nobis
751 1995 888 2041 plenius
911 1996 1129 2029 sciscitamur
1149 1996 1294 2041 aperiri„
1317 1994 1532 2040 respondent
1553 1995 1689 2028 nullum
1712 1995 1884 2041 scriptum
1907 2008 1985 2042 pos-

472 2055 664 2088 sessionum
688 2061 888 2087 nostrarum
912 2055 1122 2088 nominatim
1145 2054 1181 2087 in
1199 2060 1273 2087 tota
1293 2053 1507 2087 bibliotheca
1526 2065 1587 2087 sua
1611 2053 1745 2087 haberi.
1773 2053 1843 2088 Sed
1860 2055 1984 2100 priscis

476 2113 692 2158 temporibus
707 2113 845 2146 evenire
863 2113 996 2158 potuit,
1013 2119 1054 2146 ut
1067 2113 1203 2159 aliquae
1218 2112 1528 2146 determinationes
1542 2112 1668 2145 finium
1685 2119 1887 2146 nostrorum
1902 2125 1984 2147 cum

473 2172 609 2216 scriptis
632 2184 777 2205 suorum
796 2171 1140 2213 intermiscerentur„
1161 2183 1251 2217 quae
1269 2171 1342 2216 jam
1360 2177 1532 2204 vetustate
1549 2171 1656 2204 nimia
1674 2170 1789 2205 deleta
1806 2183 1983 2218 nusquam

474 2236 654 2275 apparent.
675 2228 743 2263 Sed
760 2230 823 2263 etsi
842 2242 913 2275 qua
931 2230 1089 2273 fuerunt„
1110 2229 1282 2276 quamdiu
1298 2230 1435 2276 integra
1450 2236 1668 2273 manserunt,
1691 2229 1863 2264 Erbaldus
1882 2230 1983 2276 cujus

475 2287 653 2321 custodiae
676 2288 874 2334 mancipata
892 2295 1012 2332 erant7
1041 2301 1142 2334 saepe
1164 2287 1312 2336 legendo
1339 2288 1492 2334 reperire
1516 2288 1615 2322 facile
1634 2289 1770 2334 potuit„
1791 2288 1890 2336 quod
1908 2289 1983 2323 aliis

475 2357 698 2391 nequaquam
717 2347 883 2380 occurrit.
912 2347 1002 2381 Haec
1021 2346 1221 2389 audientes7
1244 2345 1306 2380 sed
1325 2346 1412 2380 nihil
1435 2346 1606 2392 proficere
1628 2347 1798 2390 valentes,
1823 2346 1983 2381 dolemus

514 2477 519 2493 ¹
540 2478 611 2504 Finis
627 2478 638 2513 ᾗ
657 2479 700 2504 45.
1236 2479 1248 2497 2
1267 2479 1419 2512 Heriman.‚
1433 2479 1445 2514 §
1459 2479 1504 2505 44.
