<?xml version="1.0" encoding="UTF-8"?>
<!DOCTYPE html PUBLIC "-//W3C//DTD XHTML 1.0 Transitional//EN"
    "http://www.w3.org/TR/xhtml1/DTD/xhtml1-transitional.dtd">
<html xmlns="http://www.w3.org/1999/xhtml" xml:lang="en" lang="en">
 <head>
  <title>
</title>
<meta http-equiv="Content-Type" content="text/html;charset=utf-8" />
  <meta name='ocr-system' content='tesseract 3.04.00' />
  <meta name='ocr-capabilities' content='ocr_page ocr_carea ocr_par ocr_line ocrx_word'/>
</head>
<body>
  <div class='ocr_page' id='page_1' title='image "./corpuschronicoru02smetuoft_0371.png"; bbox 0 0 2118 3184; ppageno 0'>
   <div class='ocr_carea' id='block_1_1' title="bbox 504 434 1608 474">
    <p class='ocr_par' dir='ltr' id='par_1_1' title="bbox 504 434 1608 474">
     <span class='ocr_line' id='line_1_1' title="bbox 504 434 1608 474; baseline 0.006 -8"><span class='ocrx_word' id='word_1_1' title='bbox 504 434 729 469; x_wconf 62' lang='lat' dir='ltr'>ennoxlcx</span> <span class='ocrx_word' id='word_1_2' title='bbox 759 435 924 470; x_wconf 72' lang='lat' dir='ltr'>AEGIDll</span> <span class='ocrx_word' id='word_1_3' title='bbox 955 437 995 470; x_wconf 90' lang='lat' dir='ltr'>Ll</span> <span class='ocrx_word' id='word_1_4' title='bbox 1025 437 1189 471; x_wconf 64' lang='lat' dir='ltr'>muisis.</span> <span class='ocrx_word' id='word_1_5' title='bbox 1539 440 1608 474; x_wconf 57' lang='lat'>2²⁴3</span> 
     </span>
    </p>
   </div>
   <div class='ocr_carea' id='block_1_2' title="bbox 95 541 1610 2571">
    <p class='ocr_par' dir='ltr' id='par_1_2' title="bbox 98 541 1609 1170">
     <span class='ocr_line' id='line_1_2' title="bbox 99 541 1608 591; baseline 0.005 -19"><span class='ocrx_word' id='word_1_6' title='bbox 99 545 149 572; x_wconf 83' lang='lat' dir='ltr'>tes</span> <span class='ocrx_word' id='word_1_7' title='bbox 167 546 201 573; x_wconf 87' lang='lat' dir='ltr'>et</span> <span class='ocrx_word' id='word_1_8' title='bbox 223 551 344 573; x_wconf 83' lang='lat' dir='ltr'>cruces</span> <span class='ocrx_word' id='word_1_9' title='bbox 363 541 488 574; x_wconf 83' lang='lat' dir='ltr'>rubeas</span> <span class='ocrx_word' id='word_1_10' title='bbox 506 548 685 587; x_wconf 81' lang='lat' dir='ltr'>portantes</span> <span class='ocrx_word' id='word_1_11' title='bbox 702 543 888 576; x_wconf 70' lang='lat' dir='ltr'>veniebant</span> <span class='ocrx_word' id='word_1_12' title='bbox 907 549 939 576; x_wconf 84' lang='lat' dir='ltr'>et</span> <span class='ocrx_word' id='word_1_13' title='bbox 959 544 1192 589; x_wconf 85' lang='lat' dir='ltr'>apparebant.</span> <span class='ocrx_word' id='word_1_14' title='bbox 1217 551 1251 578; x_wconf 89' lang='lat' dir='ltr'>et</span> <span class='ocrx_word' id='word_1_15' title='bbox 1273 544 1402 578; x_wconf 79' lang='lat' dir='ltr'><strong>ibidem</strong></span> <span class='ocrx_word' id='word_1_16' title='bbox 1423 546 1608 591; x_wconf 80' lang='lat' dir='ltr'>poeniten·</span> 
     </span>
     <span class='ocr_line' id='line_1_3' title="bbox 99 598 1605 650; baseline 0.004 -19"><span class='ocrx_word' id='word_1_17' title='bbox 99 598 182 631; x_wconf 85' lang='lat' dir='ltr'>tiam</span> <span class='ocrx_word' id='word_1_18' title='bbox 210 598 401 641; x_wconf 63' lang='lat' dir='ltr'>faciebant,</span> <span class='ocrx_word' id='word_1_19' title='bbox 427 600 517 632; x_wconf 70' lang='lat' dir='ltr'>venit</span> <span class='ocrx_word' id='word_1_20' title='bbox 544 599 587 633; x_wconf 86' lang='lat' dir='ltr'>ad</span> <span class='ocrx_word' id='word_1_21' title='bbox 609 599 735 633; x_wconf 85' lang='lat' dir='ltr'>ducem</span> <span class='ocrx_word' id='word_1_22' title='bbox 755 607 787 633; x_wconf 77' lang='lat' dir='ltr'>et</span> <span class='ocrx_word' id='word_1_23' title='bbox 808 600 892 634; x_wconf 79' lang='lat' dir='ltr'>dixit</span> <span class='ocrx_word' id='word_1_24' title='bbox 917 602 945 634; x_wconf 86' lang='lat' dir='ltr'>ei</span> <span class='ocrx_word' id='word_1_25' title='bbox 969 614 976 634; x_wconf 74' lang='grc' dir='ltr'><strong><em>τ</em></strong></span> <span class='ocrx_word' id='word_1_26' title='bbox 1007 615 1025 632; x_wconf 90' lang='lat'>«</span> <span class='ocrx_word' id='word_1_27' title='bbox 1046 602 1076 635; x_wconf 88' lang='lat' dir='ltr'>O</span> <span class='ocrx_word' id='word_1_28' title='bbox 1095 601 1253 645; x_wconf 66' lang='lat' dir='ltr'>domine,</span> <span class='ocrx_word' id='word_1_29' title='bbox 1276 616 1315 636; x_wconf 81' lang='lat' dir='ltr'>ex</span> <span class='ocrx_word' id='word_1_30' title='bbox 1340 615 1412 649; x_wconf 85' lang='lat' dir='ltr'>quo</span> <span class='ocrx_word' id='word_1_31' title='bbox 1439 611 1605 650; x_wconf 85' lang='lat' dir='ltr'>apparent</span> 
     </span>
     <span class='ocr_line' id='line_1_4' title="bbox 98 655 1608 707; baseline 0.005 -19"><span class='ocrx_word' id='word_1_32' title='bbox 98 655 261 689; x_wconf 86' lang='lat' dir='ltr'>homiues</span> <span class='ocrx_word' id='word_1_33' title='bbox 280 657 358 690; x_wconf 85' lang='lat' dir='ltr'>talia</span> <span class='ocrx_word' id='word_1_34' title='bbox 381 657 562 699; x_wconf 71' lang='lat' dir='ltr'>facientes.</span> <span class='ocrx_word' id='word_1_35' title='bbox 585 664 719 691; x_wconf 82' lang='lat' dir='ltr'>certum</span> <span class='ocrx_word' id='word_1_36' title='bbox 740 665 787 691; x_wconf 75' lang='lat' dir='ltr'>est</span> <span class='ocrx_word' id='word_1_37' title='bbox 812 658 908 705; x_wconf 87' lang='lat' dir='ltr'>quod</span> <span class='ocrx_word' id='word_1_38' title='bbox 930 671 995 707; x_wconf 74' lang='lat' dir='ltr'>ego</span> <span class='ocrx_word' id='word_1_39' title='bbox 1015 666 1049 693; x_wconf 86' lang='lat' dir='ltr'>et</span> <span class='ocrx_word' id='word_1_40' title='bbox 1068 667 1139 693; x_wconf 85' lang='lat' dir='ltr'>tota</span> <span class='ocrx_word' id='word_1_41' title='bbox 1158 667 1249 694; x_wconf 82' lang='lat' dir='ltr'>secta</span> <span class='ocrx_word' id='word_1_42' title='bbox 1269 661 1501 703; x_wconf 67' lang='lat' dir='ltr'>Judaeorum.</span> <span class='ocrx_word' id='word_1_43' title='bbox 1528 662 1608 696; x_wconf 89' lang='lat' dir='ltr'>ubi-</span> 
     </span>
     <span class='ocr_line' id='line_1_5' title="bbox 98 715 1607 767; baseline 0.005 -20"><span class='ocrx_word' id='word_1_44' title='bbox 98 725 252 760; x_wconf 85' lang='lat' dir='ltr'>cumque</span> <span class='ocrx_word' id='word_1_45' title='bbox 268 721 433 760; x_wconf 84' lang='lat' dir='ltr'>poterunt</span> <span class='ocrx_word' id='word_1_46' title='bbox 449 716 612 758; x_wconf 71' lang='lat' dir='ltr'>inveniri.</span> <span class='ocrx_word' id='word_1_47' title='bbox 630 715 865 750; x_wconf 68' lang='lat' dir='ltr'>destruc-uuir.</span> <span class='ocrx_word' id='word_1_48' title='bbox 880 732 897 748; x_wconf 86' lang='lat'>»</span> <span class='ocrx_word' id='word_1_49' title='bbox 912 717 1011 751; x_wconf 86' lang='lat' dir='ltr'>Tunc</span> <span class='ocrx_word' id='word_1_50' title='bbox 1025 717 1096 751; x_wconf 80' lang='lat' dir='ltr'>dux</span> <span class='ocrx_word' id='word_1_51' title='bbox 1107 718 1194 752; x_wconf 79' lang='lat' dir='ltr'>dixit</span> <span class='ocrx_word' id='word_1_52' title='bbox 1207 720 1238 752; x_wconf 88' lang='lat' dir='ltr'>ei</span> <span class='ocrx_word' id='word_1_53' title='bbox 1257 732 1262 752; x_wconf 93' lang='lat'>:</span> <span class='ocrx_word' id='word_1_54' title='bbox 1282 720 1356 754; x_wconf 72' lang='lat' dir='ltr'>«Ne</span> <span class='ocrx_word' id='word_1_55' title='bbox 1373 721 1508 758; x_wconf 79' lang='lat' dir='ltr'>timeas.</span> <span class='ocrx_word' id='word_1_56' title='bbox 1525 722 1607 767; x_wconf 82' lang='lat' dir='ltr'>quia</span> 
     </span>
     <span class='ocr_line' id='line_1_6' title="bbox 100 772 1608 824; baseline 0.005 -19"><span class='ocrx_word' id='word_1_57' title='bbox 100 772 216 806; x_wconf 87' lang='lat' dir='ltr'>nescio</span> <span class='ocrx_word' id='word_1_58' title='bbox 236 772 415 806; x_wconf 88' lang='lat' dir='ltr'>hominem</span> <span class='ocrx_word' id='word_1_59' title='bbox 435 774 608 807; x_wconf 62' lang='lat' dir='ltr'>xix-enimn</span> <span class='ocrx_word' id='word_1_60' title='bbox 627 774 686 820; x_wconf 85' lang='lat' dir='ltr'>qui</span> <span class='ocrx_word' id='word_1_61' title='bbox 710 781 742 807; x_wconf 85' lang='lat' dir='ltr'>te</span> <span class='ocrx_word' id='word_1_62' title='bbox 761 774 884 808; x_wconf 80' lang='lat' dir='ltr'>debeat</span> <span class='ocrx_word' id='word_1_63' title='bbox 903 774 1094 809; x_wconf 79' lang='lat' dir='ltr'>destruere.</span> <span class='ocrx_word' id='word_1_64' title='bbox 1117 791 1134 808; x_wconf 72' lang='grc' dir='ltr'><strong>υ</strong></span> <span class='ocrx_word' id='word_1_65' title='bbox 1160 777 1199 810; x_wconf 68' lang='grc' dir='ltr'>Αἰ</span> <span class='ocrx_word' id='word_1_66' title='bbox 1226 777 1282 810; x_wconf 85' lang='lat' dir='ltr'>ille</span> <span class='ocrx_word' id='word_1_67' title='bbox 1303 778 1481 824; x_wconf 80' lang='lat' dir='ltr'>respondit</span> <span class='ocrx_word' id='word_1_68' title='bbox 1506 792 1512 811; x_wconf 77' lang='lat' dir='ltr'><em>z</em></span> <span class='ocrx_word' id='word_1_69' title='bbox 1538 793 1555 810; x_wconf 89' lang='lat'>«</span> <span class='ocrx_word' id='word_1_70' title='bbox 1577 779 1608 813; x_wconf 81' lang='grc' dir='ltr'><strong>Ο</strong></span> 
     </span>
     <span class='ocr_line' id='line_1_7' title="bbox 100 830 1607 882; baseline 0.005 -19"><span class='ocrx_word' id='word_1_71' title='bbox 100 830 192 864; x_wconf 93' lang='lat' dir='ltr'>bone</span> <span class='ocrx_word' id='word_1_72' title='bbox 201 830 272 864; x_wconf 82' lang='lat' dir='ltr'>dux</span> <span class='ocrx_word' id='word_1_73' title='bbox 283 858 291 873; x_wconf 60' lang='lat'><em>7</em></span> <span class='ocrx_word' id='word_1_74' title='bbox 308 837 345 864; x_wconf 91' lang='lat' dir='ltr'>tu</span> <span class='ocrx_word' id='word_1_75' title='bbox 357 844 427 865; x_wconf 91' lang='lat' dir='ltr'>non</span> <span class='ocrx_word' id='word_1_76' title='bbox 443 838 540 877; x_wconf 77' lang='lat' dir='ltr'>potes</span> <span class='ocrx_word' id='word_1_77' title='bbox 554 832 734 865; x_wconf 86' lang='lat' dir='ltr'>contraire</span> <span class='ocrx_word' id='word_1_78' title='bbox 747 859 754 865; x_wconf 88' lang='lat'>.</span> <span class='ocrx_word' id='word_1_79' title='bbox 772 833 854 878; x_wconf 83' lang='lat' dir='ltr'>quia</span> <span class='ocrx_word' id='word_1_80' title='bbox 864 832 1015 879; x_wconf 77' lang='lat' dir='ltr'>desuper</span> <span class='ocrx_word' id='word_1_81' title='bbox 1026 840 1076 867; x_wconf 83' lang='lat' dir='ltr'>cst</span> <span class='ocrx_word' id='word_1_82' title='bbox 1086 834 1300 868; x_wconf 84' lang='lat' dir='ltr'>ordinatum.</span> <span class='ocrx_word' id='word_1_83' title='bbox 1315 852 1332 867; x_wconf 74' lang='lat' dir='ltr'>u</span> <span class='ocrx_word' id='word_1_84' title='bbox 1352 836 1390 869; x_wconf 89' lang='lat' dir='ltr'>In</span> <span class='ocrx_word' id='word_1_85' title='bbox 1405 837 1477 882; x_wconf 86' lang='lat' dir='ltr'>ipsa</span> <span class='ocrx_word' id='word_1_86' title='bbox 1490 844 1607 871; x_wconf 77' lang='lat' dir='ltr'>autem</span> 
     </span>
     <span class='ocr_line' id='line_1_8' title="bbox 98 888 1609 940; baseline 0.005 -19"><span class='ocrx_word' id='word_1_87' title='bbox 98 888 177 922; x_wconf 81' lang='lat' dir='ltr'>villa</span> <span class='ocrx_word' id='word_1_88' title='bbox 197 895 270 922; x_wconf 82' lang='lat' dir='ltr'>erat</span> <span class='ocrx_word' id='word_1_89' title='bbox 290 901 415 937; x_wconf 77' lang='lat' dir='ltr'>magna</span> <span class='ocrx_word' id='word_1_90' title='bbox 435 890 533 936; x_wconf 87' lang='lat' dir='ltr'>copia</span> <span class='ocrx_word' id='word_1_91' title='bbox 550 890 784 932; x_wconf 63' lang='lat' dir='ltr'>Judaeormm</span> <span class='ocrx_word' id='word_1_92' title='bbox 807 898 842 924; x_wconf 85' lang='lat' dir='ltr'>et</span> <span class='ocrx_word' id='word_1_93' title='bbox 859 890 948 924; x_wconf 65' lang='lat' dir='ltr'>dux.</span> <span class='ocrx_word' id='word_1_94' title='bbox 972 904 1035 937; x_wconf 91' lang='lat' dir='ltr'>pro</span> <span class='ocrx_word' id='word_1_95' title='bbox 1054 893 1204 926; x_wconf 85' lang='lat' dir='ltr'>amicitia</span> <span class='ocrx_word' id='word_1_96' title='bbox 1223 893 1345 927; x_wconf 82' lang='lat' dir='ltr'>Judaei</span> <span class='ocrx_word' id='word_1_97' title='bbox 1365 895 1554 940; x_wconf 75' lang='lat' dir='ltr'>supradicti</span> <span class='ocrx_word' id='word_1_98' title='bbox 1575 903 1609 929; x_wconf 85' lang='lat' dir='ltr'>et</span> 
     </span>
     <span class='ocr_line' id='line_1_9' title="bbox 99 947 1609 992; baseline 0.005 -12"><span class='ocrx_word' id='word_1_99' title='bbox 99 958 164 992; x_wconf 90' lang='lat' dir='ltr'>pro</span> <span class='ocrx_word' id='word_1_100' title='bbox 179 947 295 990; x_wconf 51' lang='lat' dir='ltr'>lucro.</span> <span class='ocrx_word' id='word_1_101' title='bbox 314 948 515 982; x_wconf 76' lang='lat' dir='ltr'>intendebat</span> <span class='ocrx_word' id='word_1_102' title='bbox 531 961 588 982; x_wconf 85' lang='lat' dir='ltr'>eos</span> <span class='ocrx_word' id='word_1_103' title='bbox 603 948 792 983; x_wconf 71' lang='lat' dir='ltr'>defendere</span> <span class='ocrx_word' id='word_1_104' title='bbox 807 956 841 983; x_wconf 89' lang='lat' dir='ltr'>et</span> <span class='ocrx_word' id='word_1_105' title='bbox 855 962 873 983; x_wconf 85' lang='lat' dir='ltr'>a</span> <span class='ocrx_word' id='word_1_106' title='bbox 890 957 1002 983; x_wconf 86' lang='lat' dir='ltr'>morte</span> <span class='ocrx_word' id='word_1_107' title='bbox 1016 950 1204 985; x_wconf 82' lang='lat' dir='ltr'>custodire.</span> <span class='ocrx_word' id='word_1_108' title='bbox 1222 951 1429 986; x_wconf 82' lang='lat' dir='ltr'>Communia</span> <span class='ocrx_word' id='word_1_109' title='bbox 1444 960 1560 987; x_wconf 87' lang='lat' dir='ltr'>autem</span> <span class='ocrx_word' id='word_1_110' title='bbox 1575 961 1609 987; x_wconf 88' lang='lat' dir='ltr'>et</span> 
     </span>
     <span class='ocr_line' id='line_1_10' title="bbox 99 1004 1606 1059; baseline 0.004 -20"><span class='ocrx_word' id='word_1_111' title='bbox 99 1005 134 1038; x_wconf 86' lang='lat' dir='ltr'>in</span> <span class='ocrx_word' id='word_1_112' title='bbox 155 1004 248 1040; x_wconf 86' lang='lat' dir='ltr'>dicta</span> <span class='ocrx_word' id='word_1_113' title='bbox 262 1007 341 1040; x_wconf 66' lang='lat' dir='ltr'>villa</span> <span class='ocrx_word' id='word_1_114' title='bbox 360 1007 578 1049; x_wconf 64' lang='lat' dir='ltr'>habitantes.</span> <span class='ocrx_word' id='word_1_115' title='bbox 599 1007 718 1041; x_wconf 75' lang='lat' dir='ltr'>audita</span> <span class='ocrx_word' id='word_1_116' title='bbox 733 1008 824 1041; x_wconf 82' lang='lat' dir='ltr'>fama</span> <span class='ocrx_word' id='word_1_117' title='bbox 844 1007 888 1041; x_wconf 87' lang='lat' dir='ltr'>de</span> <span class='ocrx_word' id='word_1_118' title='bbox 902 1021 1056 1052; x_wconf 63' lang='lat' dir='ltr'>veneno.</span> <span class='ocrx_word' id='word_1_119' title='bbox 1080 1017 1249 1043; x_wconf 72' lang='lat' dir='ltr'>venerunt</span> <span class='ocrx_word' id='word_1_120' title='bbox 1269 1010 1313 1044; x_wconf 88' lang='lat' dir='ltr'>ad</span> <span class='ocrx_word' id='word_1_121' title='bbox 1333 1012 1606 1059; x_wconf 70' lang='lat' dir='ltr'>primogenitum</span> 
     </span>
     <span class='ocr_line' id='line_1_11' title="bbox 98 1062 1607 1116; baseline 0.005 -19"><span class='ocrx_word' id='word_1_122' title='bbox 98 1062 199 1097; x_wconf 89' lang='lat' dir='ltr'>ducis</span> <span class='ocrx_word' id='word_1_123' title='bbox 225 1071 263 1098; x_wconf 92' lang='lat' dir='ltr'>ut</span> <span class='ocrx_word' id='word_1_124' title='bbox 290 1077 411 1099; x_wconf 84' lang='lat' dir='ltr'>omnes</span> <span class='ocrx_word' id='word_1_125' title='bbox 437 1065 561 1099; x_wconf 86' lang='lat' dir='ltr'>Judaei</span> <span class='ocrx_word' id='word_1_126' title='bbox 586 1065 871 1100; x_wconf 68' lang='lat' dir='ltr'>destruerentur.</span> <span class='ocrx_word' id='word_1_127' title='bbox 901 1074 933 1100; x_wconf 81' lang='lat' dir='ltr'>et</span> <span class='ocrx_word' id='word_1_128' title='bbox 962 1068 1030 1102; x_wconf 89' lang='lat' dir='ltr'>hoc</span> <span class='ocrx_word' id='word_1_129' title='bbox 1052 1069 1165 1102; x_wconf 82' lang='lat' dir='ltr'>facere</span> <span class='ocrx_word' id='word_1_130' title='bbox 1184 1081 1254 1103; x_wconf 90' lang='lat' dir='ltr'>non</span> <span class='ocrx_word' id='word_1_131' title='bbox 1276 1069 1453 1103; x_wconf 79' lang='lat' dir='ltr'>audebant</span> <span class='ocrx_word' id='word_1_132' title='bbox 1476 1083 1539 1116; x_wconf 89' lang='lat' dir='ltr'>pro</span> <span class='ocrx_word' id='word_1_133' title='bbox 1567 1084 1607 1105; x_wconf 80' lang='lat' dir='ltr'>eo</span> 
     </span>
     <span class='ocr_line' id='line_1_12' title="bbox 100 1121 981 1170; baseline 0.003 -14"><span class='ocrx_word' id='word_1_134' title='bbox 100 1121 198 1168; x_wconf 91' lang='lat' dir='ltr'>quod</span> <span class='ocrx_word' id='word_1_135' title='bbox 220 1122 308 1167; x_wconf 67' lang='lat' dir='ltr'>dux.</span> <span class='ocrx_word' id='word_1_136' title='bbox 332 1130 430 1170; x_wconf 85' lang='lat' dir='ltr'>pater</span> <span class='ocrx_word' id='word_1_137' title='bbox 447 1125 542 1170; x_wconf 64' lang='lat' dir='ltr'>ejus.</span> <span class='ocrx_word' id='word_1_138' title='bbox 564 1125 702 1158; x_wconf 61' lang='lat' dir='ltr'>volebat</span> <span class='ocrx_word' id='word_1_139' title='bbox 722 1138 780 1159; x_wconf 86' lang='lat' dir='ltr'>eos</span> <span class='ocrx_word' id='word_1_140' title='bbox 798 1126 981 1159; x_wconf 83' lang='lat' dir='ltr'>sustinere.</span> 
     </span>
    </p>

    <p class='ocr_par' dir='ltr' id='par_1_3' title="bbox 95 1181 1610 2104">
     <span class='ocr_line' id='line_1_13' title="bbox 149 1181 1607 1231; baseline 0.004 -16"><span class='ocrx_word' id='word_1_141' title='bbox 149 1181 268 1216; x_wconf 83' lang='lat' dir='ltr'>Dictus</span> <span class='ocrx_word' id='word_1_142' title='bbox 291 1189 409 1216; x_wconf 90' lang='lat' dir='ltr'>autem</span> <span class='ocrx_word' id='word_1_143' title='bbox 431 1184 688 1231; x_wconf 78' lang='lat' dir='ltr'>primogenitus</span> <span class='ocrx_word' id='word_1_144' title='bbox 707 1190 852 1229; x_wconf 87' lang='lat' dir='ltr'>propter</span> <span class='ocrx_word' id='word_1_145' title='bbox 871 1183 977 1218; x_wconf 85' lang='lat' dir='ltr'>fidem</span> <span class='ocrx_word' id='word_1_146' title='bbox 1002 1185 1210 1219; x_wconf 80' lang='lat' dir='ltr'>catholicam</span> <span class='ocrx_word' id='word_1_147' title='bbox 1228 1198 1286 1218; x_wconf 83' lang='lat' dir='ltr'>eos</span> <span class='ocrx_word' id='word_1_148' title='bbox 1304 1187 1469 1221; x_wconf 79' lang='lat' dir='ltr'>animavit</span> <span class='ocrx_word' id='word_1_149' title='bbox 1490 1194 1520 1220; x_wconf 82' lang='lat' dir='ltr'>et</span> <span class='ocrx_word' id='word_1_150' title='bbox 1552 1189 1607 1221; x_wconf 91' lang='lat' dir='ltr'>in-</span> 
     </span>
     <span class='ocr_line' id='line_1_14' title="bbox 95 1239 1607 1291; baseline 0.004 -18"><span class='ocrx_word' id='word_1_151' title='bbox 95 1239 232 1285; x_wconf 69' lang='lat' dir='ltr'>Junxit7</span> <span class='ocrx_word' id='word_1_152' title='bbox 255 1253 326 1275; x_wconf 88' lang='lat' dir='ltr'>non</span> <span class='ocrx_word' id='word_1_153' title='bbox 350 1242 511 1275; x_wconf 77' lang='lat' dir='ltr'>obstante</span> <span class='ocrx_word' id='word_1_154' title='bbox 538 1242 646 1287; x_wconf 85' lang='lat' dir='ltr'>patris</span> <span class='ocrx_word' id='word_1_155' title='bbox 672 1243 725 1275; x_wconf 82' lang='lat' dir='ltr'>sui</span> <span class='ocrx_word' id='word_1_156' title='bbox 752 1242 951 1284; x_wconf 67' lang='lat' dir='ltr'>voluntate.</span> <span class='ocrx_word' id='word_1_157' title='bbox 977 1249 1017 1275; x_wconf 93' lang='lat' dir='ltr'>ut</span> <span class='ocrx_word' id='word_1_158' title='bbox 1045 1255 1167 1275; x_wconf 79' lang='lat' dir='ltr'>omnes</span> <span class='ocrx_word' id='word_1_159' title='bbox 1191 1251 1420 1287; x_wconf 72' lang='lat' dir='ltr'>necarentur7</span> <span class='ocrx_word' id='word_1_160' title='bbox 1454 1246 1536 1291; x_wconf 84' lang='lat' dir='ltr'>quia</span> <span class='ocrx_word' id='word_1_161' title='bbox 1564 1246 1607 1279; x_wconf 83' lang='lat' dir='ltr'>ad</span> 
     </span>
     <span class='ocr_line' id='line_1_15' title="bbox 98 1298 1608 1344; baseline 0.003 -13"><span class='ocrx_word' id='word_1_162' title='bbox 98 1304 236 1344; x_wconf 86' lang='lat' dir='ltr'>patrem</span> <span class='ocrx_word' id='word_1_163' title='bbox 255 1310 358 1332; x_wconf 90' lang='lat' dir='ltr'>suum</span> <span class='ocrx_word' id='word_1_164' title='bbox 382 1299 472 1332; x_wconf 91' lang='lat' dir='ltr'>bene</span> <span class='ocrx_word' id='word_1_165' title='bbox 493 1311 552 1333; x_wconf 87' lang='lat' dir='ltr'>eos</span> <span class='ocrx_word' id='word_1_166' title='bbox 575 1298 817 1333; x_wconf 87' lang='lat' dir='ltr'>concordaret.</span> <span class='ocrx_word' id='word_1_167' title='bbox 840 1298 1048 1333; x_wconf 84' lang='lat' dir='ltr'>Communia</span> <span class='ocrx_word' id='word_1_168' title='bbox 1069 1306 1187 1333; x_wconf 83' lang='lat' dir='ltr'>autem</span> <span class='ocrx_word' id='word_1_169' title='bbox 1207 1307 1241 1334; x_wconf 88' lang='lat' dir='ltr'>et</span> <span class='ocrx_word' id='word_1_170' title='bbox 1262 1301 1474 1336; x_wconf 82' lang='lat' dir='ltr'>habitatores</span> <span class='ocrx_word' id='word_1_171' title='bbox 1495 1303 1608 1337; x_wconf 78' lang='lat' dir='ltr'>(lictae</span> 
     </span>
     <span class='ocr_line' id='line_1_16' title="bbox 99 1356 1606 1406; baseline 0.003 -17"><span class='ocrx_word' id='word_1_172' title='bbox 99 1356 198 1390; x_wconf 86' lang='lat' dir='ltr'>villae</span> <span class='ocrx_word' id='word_1_173' title='bbox 220 1356 373 1390; x_wconf 86' lang='lat' dir='ltr'>Judaeos</span> <span class='ocrx_word' id='word_1_174' title='bbox 390 1357 524 1403; x_wconf 87' lang='lat' dir='ltr'>ubique</span> <span class='ocrx_word' id='word_1_175' title='bbox 546 1357 792 1403; x_wconf 63' lang='lat' dir='ltr'>quaesierunt.</span> <span class='ocrx_word' id='word_1_176' title='bbox 820 1363 856 1390; x_wconf 86' lang='lat' dir='ltr'>et</span> <span class='ocrx_word' id='word_1_177' title='bbox 873 1369 994 1390; x_wconf 88' lang='lat' dir='ltr'>omnes</span> <span class='ocrx_word' id='word_1_178' title='bbox 1021 1357 1286 1392; x_wconf 74' lang='lat' dir='ltr'>trucidaverunt</span> <span class='ocrx_word' id='word_1_179' title='bbox 1309 1371 1398 1405; x_wconf 84' lang='lat' dir='ltr'>quos</span> <span class='ocrx_word' id='word_1_180' title='bbox 1416 1367 1606 1406; x_wconf 81' lang='lat' dir='ltr'>potuerunt</span> 
     </span>
     <span class='ocr_line' id='line_1_17' title="bbox 98 1415 1609 1466; baseline 0.003 -18"><span class='ocrx_word' id='word_1_181' title='bbox 98 1415 273 1455; x_wconf 73' lang='lat' dir='ltr'>invenire3</span> <span class='ocrx_word' id='word_1_182' title='bbox 290 1421 325 1448; x_wconf 88' lang='lat' dir='ltr'>et</span> <span class='ocrx_word' id='word_1_183' title='bbox 342 1415 410 1448; x_wconf 83' lang='lat' dir='ltr'>fuit</span> <span class='ocrx_word' id='word_1_184' title='bbox 427 1415 519 1449; x_wconf 84' lang='lat' dir='ltr'>fama</span> <span class='ocrx_word' id='word_1_185' title='bbox 534 1415 632 1462; x_wconf 88' lang='lat' dir='ltr'>quod</span> <span class='ocrx_word' id='word_1_186' title='bbox 648 1415 726 1461; x_wconf 87' lang='lat' dir='ltr'>plus</span> <span class='ocrx_word' id='word_1_187' title='bbox 741 1427 849 1461; x_wconf 85' lang='lat' dir='ltr'>quam</span> <span class='ocrx_word' id='word_1_188' title='bbox 868 1422 1048 1449; x_wconf 78' lang='lat' dir='ltr'>sexcentae</span> <span class='ocrx_word' id='word_1_189' title='bbox 1067 1428 1235 1462; x_wconf 85' lang='lat' dir='ltr'>personae</span> <span class='ocrx_word' id='word_1_190' title='bbox 1255 1418 1398 1451; x_wconf 86' lang='lat' dir='ltr'>fuerunt</span> <span class='ocrx_word' id='word_1_191' title='bbox 1416 1419 1609 1466; x_wconf 85' lang='lat' dir='ltr'>interemp-</span> 
     </span>
     <span class='ocr_line' id='line_1_18' title="bbox 97 1473 1609 1524; baseline 0.003 -17"><span class='ocrx_word' id='word_1_192' title='bbox 97 1479 166 1507; x_wconf 85' lang='lat' dir='ltr'>tae.</span> <span class='ocrx_word' id='word_1_193' title='bbox 196 1473 325 1519; x_wconf 84' lang='lat' dir='ltr'>Captus</span> <span class='ocrx_word' id='word_1_194' title='bbox 351 1480 468 1507; x_wconf 89' lang='lat' dir='ltr'>autem</span> <span class='ocrx_word' id='word_1_195' title='bbox 488 1474 555 1507; x_wconf 87' lang='lat' dir='ltr'>fuit</span> <span class='ocrx_word' id='word_1_196' title='bbox 578 1474 695 1507; x_wconf 69' lang='lat' dir='ltr'>vivens</span> <span class='ocrx_word' id='word_1_197' title='bbox 715 1473 870 1507; x_wconf 89' lang='lat' dir='ltr'>Judaeus</span> <span class='ocrx_word' id='word_1_198' title='bbox 894 1474 1117 1520; x_wconf 87' lang='lat' dir='ltr'>supradictus</span> <span class='ocrx_word' id='word_1_199' title='bbox 1138 1476 1199 1521; x_wconf 84' lang='lat' dir='ltr'>qui</span> <span class='ocrx_word' id='word_1_200' title='bbox 1225 1478 1429 1524; x_wconf 76' lang='lat' dir='ltr'>recognovit</span> <span class='ocrx_word' id='word_1_201' title='bbox 1450 1490 1485 1511; x_wconf 88' lang='lat' dir='ltr'>se</span> <span class='ocrx_word' id='word_1_202' title='bbox 1508 1479 1609 1512; x_wconf 84' lang='lat' dir='ltr'>mali-</span> 
     </span>
     <span class='ocr_line' id='line_1_19' title="bbox 98 1531 1609 1583; baseline 0.004 -18"><span class='ocrx_word' id='word_1_203' title='bbox 98 1531 186 1566; x_wconf 88' lang='lat' dir='ltr'>tiose</span> <span class='ocrx_word' id='word_1_204' title='bbox 212 1532 427 1578; x_wconf 82' lang='lat' dir='ltr'>baptismum</span> <span class='ocrx_word' id='word_1_205' title='bbox 450 1533 658 1579; x_wconf 68' lang='lat' dir='ltr'>suscepisse,</span> <span class='ocrx_word' id='word_1_206' title='bbox 682 1539 716 1566; x_wconf 87' lang='lat' dir='ltr'>et</span> <span class='ocrx_word' id='word_1_207' title='bbox 739 1532 838 1579; x_wconf 87' lang='lat' dir='ltr'>quod</span> <span class='ocrx_word' id='word_1_208' title='bbox 860 1540 1083 1567; x_wconf 83' lang='lat' dir='ltr'>consenserat</span> <span class='ocrx_word' id='word_1_209' title='bbox 1106 1534 1142 1567; x_wconf 89' lang='lat' dir='ltr'>in</span> <span class='ocrx_word' id='word_1_210' title='bbox 1166 1547 1300 1569; x_wconf 70' lang='lat' dir='ltr'>veneno</span> <span class='ocrx_word' id='word_1_211' title='bbox 1323 1536 1553 1583; x_wconf 74' lang='lat' dir='ltr'>porrigendo.</span> <span class='ocrx_word' id='word_1_212' title='bbox 1575 1545 1609 1571; x_wconf 85' lang='lat' dir='ltr'>et</span> 
     </span>
     <span class='ocr_line' id='line_1_20' title="bbox 100 1590 1605 1638; baseline 0.003 -14"><span class='ocrx_word' id='word_1_213' title='bbox 100 1590 137 1624; x_wconf 92' lang='lat' dir='ltr'>in</span> <span class='ocrx_word' id='word_1_214' title='bbox 150 1590 281 1624; x_wconf 83' lang='lat' dir='ltr'>malitia</span> <span class='ocrx_word' id='word_1_215' title='bbox 295 1603 403 1638; x_wconf 89' lang='lat' dir='ltr'>quam</span> <span class='ocrx_word' id='word_1_216' title='bbox 423 1591 546 1625; x_wconf 88' lang='lat' dir='ltr'>Judaei</span> <span class='ocrx_word' id='word_1_217' title='bbox 565 1591 677 1624; x_wconf 89' lang='lat' dir='ltr'>facere</span> <span class='ocrx_word' id='word_1_218' title='bbox 696 1590 945 1635; x_wconf 69' lang='lat' dir='ltr'>intendebant7</span> <span class='ocrx_word' id='word_1_219' title='bbox 965 1592 1047 1638; x_wconf 84' lang='lat' dir='ltr'>quia</span> <span class='ocrx_word' id='word_1_220' title='bbox 1065 1592 1101 1625; x_wconf 89' lang='lat' dir='ltr'>in</span> <span class='ocrx_word' id='word_1_221' title='bbox 1118 1593 1379 1627; x_wconf 79' lang='lat' dir='ltr'>constellatione</span> <span class='ocrx_word' id='word_1_222' title='bbox 1394 1594 1605 1629; x_wconf 85' lang='lat' dir='ltr'>confidebat.</span> 
     </span>
     <span class='ocr_line' id='line_1_21' title="bbox 100 1648 1610 1699; baseline 0.003 -17"><span class='ocrx_word' id='word_1_223' title='bbox 100 1660 243 1695; x_wconf 89' lang='lat' dir='ltr'>sperans</span> <span class='ocrx_word' id='word_1_224' title='bbox 269 1648 368 1696; x_wconf 84' lang='lat' dir='ltr'>quod</span> <span class='ocrx_word' id='word_1_225' title='bbox 388 1648 511 1683; x_wconf 89' lang='lat' dir='ltr'>Judaei</span> <span class='ocrx_word' id='word_1_226' title='bbox 537 1649 787 1695; x_wconf 83' lang='lat' dir='ltr'>praevalerent.</span> <span class='ocrx_word' id='word_1_227' title='bbox 814 1649 1031 1697; x_wconf 72' lang='lat' dir='ltr'>Recognovit</span> <span class='ocrx_word' id='word_1_228' title='bbox 1056 1650 1161 1683; x_wconf 86' lang='lat' dir='ltr'>etiam</span> <span class='ocrx_word' id='word_1_229' title='bbox 1179 1650 1277 1697; x_wconf 89' lang='lat' dir='ltr'>quod</span> <span class='ocrx_word' id='word_1_230' title='bbox 1301 1657 1354 1685; x_wconf 92' lang='lat' dir='ltr'>ter</span> <span class='ocrx_word' id='word_1_231' title='bbox 1380 1652 1459 1687; x_wconf 80' lang='lat' dir='ltr'>ficte</span> <span class='ocrx_word' id='word_1_232' title='bbox 1479 1655 1610 1699; x_wconf 89' lang='lat' dir='ltr'>recepit</span> 
     </span>
     <span class='ocr_line' id='line_1_22' title="bbox 101 1706 1607 1755; baseline 0.003 -14"><span class='ocrx_word' id='word_1_233' title='bbox 101 1706 146 1742; x_wconf 85' lang='lat' dir='ltr'>de</span> <span class='ocrx_word' id='word_1_234' title='bbox 178 1707 278 1741; x_wconf 84' lang='lat' dir='ltr'>altari</span> <span class='ocrx_word' id='word_1_235' title='bbox 308 1719 437 1753; x_wconf 90' lang='lat' dir='ltr'>corpus</span> <span class='ocrx_word' id='word_1_236' title='bbox 465 1706 600 1740; x_wconf 89' lang='lat' dir='ltr'>domini</span> <span class='ocrx_word' id='word_1_237' title='bbox 631 1708 741 1741; x_wconf 85' lang='lat' dir='ltr'>nostri</span> <span class='ocrx_word' id='word_1_238' title='bbox 769 1707 850 1741; x_wconf 88' lang='lat' dir='ltr'>Jesu</span> <span class='ocrx_word' id='word_1_239' title='bbox 877 1707 1025 1750; x_wconf 70' lang='lat' dir='ltr'>Christi7</span> <span class='ocrx_word' id='word_1_240' title='bbox 1054 1714 1089 1741; x_wconf 85' lang='lat' dir='ltr'>et</span> <span class='ocrx_word' id='word_1_241' title='bbox 1114 1708 1195 1742; x_wconf 87' lang='lat' dir='ltr'>istas</span> <span class='ocrx_word' id='word_1_242' title='bbox 1225 1716 1294 1743; x_wconf 88' lang='lat' dir='ltr'>tres</span> <span class='ocrx_word' id='word_1_243' title='bbox 1325 1722 1490 1755; x_wconf 79' lang='lat' dir='ltr'>personas</span> <span class='ocrx_word' id='word_1_244' title='bbox 1517 1713 1607 1745; x_wconf 83' lang='lat' dir='ltr'>misit</span> 
     </span>
     <span class='ocr_line' id='line_1_23' title="bbox 101 1765 1609 1815; baseline 0.002 -15"><span class='ocrx_word' id='word_1_245' title='bbox 101 1766 244 1801; x_wconf 87' lang='lat' dir='ltr'>Judaeis</span> <span class='ocrx_word' id='word_1_246' title='bbox 266 1766 488 1800; x_wconf 85' lang='lat' dir='ltr'>morantibus</span> <span class='ocrx_word' id='word_1_247' title='bbox 510 1766 545 1799; x_wconf 90' lang='lat' dir='ltr'>in</span> <span class='ocrx_word' id='word_1_248' title='bbox 564 1766 702 1800; x_wconf 76' lang='lat' dir='ltr'>civitate</span> <span class='ocrx_word' id='word_1_249' title='bbox 721 1765 916 1800; x_wconf 88' lang='lat' dir='ltr'>Coloniensi</span> <span class='ocrx_word' id='word_1_250' title='bbox 929 1793 937 1809; x_wconf 61' lang='lat' dir='ltr'>a</span> <span class='ocrx_word' id='word_1_251' title='bbox 959 1773 993 1800; x_wconf 89' lang='lat' dir='ltr'>et</span> <span class='ocrx_word' id='word_1_252' title='bbox 1007 1766 1104 1812; x_wconf 87' lang='lat' dir='ltr'>quod</span> <span class='ocrx_word' id='word_1_253' title='bbox 1125 1766 1210 1801; x_wconf 88' lang='lat' dir='ltr'>dicti</span> <span class='ocrx_word' id='word_1_254' title='bbox 1224 1767 1347 1801; x_wconf 86' lang='lat' dir='ltr'>Judaei</span> <span class='ocrx_word' id='word_1_255' title='bbox 1362 1768 1471 1803; x_wconf 85' lang='lat' dir='ltr'>dictas</span> <span class='ocrx_word' id='word_1_256' title='bbox 1488 1782 1609 1815; x_wconf 79' lang='lat' dir='ltr'>perso-</span> 
     </span>
     <span class='ocr_line' id='line_1_24' title="bbox 98 1823 1605 1875; baseline 0.001 -16"><span class='ocrx_word' id='word_1_257' title='bbox 98 1836 163 1859; x_wconf 85' lang='lat' dir='ltr'>nas</span> <span class='ocrx_word' id='word_1_258' title='bbox 181 1824 401 1872; x_wconf 69' lang='lat' dir='ltr'>pungebant,</span> <span class='ocrx_word' id='word_1_259' title='bbox 423 1830 457 1857; x_wconf 88' lang='lat' dir='ltr'>et</span> <span class='ocrx_word' id='word_1_260' title='bbox 474 1823 572 1870; x_wconf 90' lang='lat' dir='ltr'>quod</span> <span class='ocrx_word' id='word_1_261' title='bbox 590 1824 731 1872; x_wconf 79' lang='lat' dir='ltr'>sanguis</span> <span class='ocrx_word' id='word_1_262' title='bbox 749 1825 899 1866; x_wconf 66' lang='lat' dir='ltr'>exierat3</span> <span class='ocrx_word' id='word_1_263' title='bbox 925 1831 959 1858; x_wconf 85' lang='lat' dir='ltr'>et</span> <span class='ocrx_word' id='word_1_264' title='bbox 976 1825 1085 1857; x_wconf 86' lang='lat' dir='ltr'>multa</span> <span class='ocrx_word' id='word_1_265' title='bbox 1107 1825 1172 1858; x_wconf 86' lang='lat' dir='ltr'>alia</span> <span class='ocrx_word' id='word_1_266' title='bbox 1190 1825 1372 1860; x_wconf 88' lang='lat' dir='ltr'>horribilia</span> <span class='ocrx_word' id='word_1_267' title='bbox 1390 1829 1605 1875; x_wconf 73' lang='lat' dir='ltr'>recognovit.</span> 
     </span>
     <span class='ocr_line' id='line_1_25' title="bbox 100 1881 1608 1932; baseline 0.002 -15"><span class='ocrx_word' id='word_1_268' title='bbox 100 1895 192 1931; x_wconf 88' lang='lat' dir='ltr'>quae</span> <span class='ocrx_word' id='word_1_269' title='bbox 214 1883 340 1917; x_wconf 89' lang='lat' dir='ltr'>milites</span> <span class='ocrx_word' id='word_1_270' title='bbox 370 1889 405 1916; x_wconf 89' lang='lat' dir='ltr'>et</span> <span class='ocrx_word' id='word_1_271' title='bbox 430 1882 486 1916; x_wconf 87' lang='lat' dir='ltr'>alii</span> <span class='ocrx_word' id='word_1_272' title='bbox 513 1881 642 1916; x_wconf 89' lang='lat' dir='ltr'>ibidem</span> <span class='ocrx_word' id='word_1_273' title='bbox 667 1882 786 1916; x_wconf 85' lang='lat' dir='ltr'>fideles</span> <span class='ocrx_word' id='word_1_274' title='bbox 812 1883 1009 1916; x_wconf 86' lang='lat' dir='ltr'>assistentes</span> <span class='ocrx_word' id='word_1_275' title='bbox 1034 1883 1253 1925; x_wconf 75' lang='lat' dir='ltr'>referebant3</span> <span class='ocrx_word' id='word_1_276' title='bbox 1284 1891 1319 1917; x_wconf 86' lang='lat' dir='ltr'>et</span> <span class='ocrx_word' id='word_1_277' title='bbox 1339 1885 1408 1918; x_wconf 90' lang='lat' dir='ltr'>hoc</span> <span class='ocrx_word' id='word_1_278' title='bbox 1433 1885 1513 1919; x_wconf 88' lang='lat' dir='ltr'>dico</span> <span class='ocrx_word' id='word_1_279' title='bbox 1546 1899 1608 1932; x_wconf 90' lang='lat' dir='ltr'>per</span> 
     </span>
     <span class='ocr_line' id='line_1_26' title="bbox 95 1940 1599 1987; baseline 0.001 -11"><span class='ocrx_word' id='word_1_280' title='bbox 95 1941 276 1984; x_wconf 64' lang='lat' dir='ltr'>auditum,</span> <span class='ocrx_word' id='word_1_281' title='bbox 297 1940 381 1987; x_wconf 85' lang='lat' dir='ltr'>quia</span> <span class='ocrx_word' id='word_1_282' title='bbox 394 1952 557 1986; x_wconf 85' lang='lat' dir='ltr'>praesens</span> <span class='ocrx_word' id='word_1_283' title='bbox 570 1952 641 1974; x_wconf 92' lang='lat' dir='ltr'>non</span> <span class='ocrx_word' id='word_1_284' title='bbox 659 1941 728 1981; x_wconf 73' lang='lat' dir='ltr'>fui.3</span> <span class='ocrx_word' id='word_1_285' title='bbox 750 1947 784 1974; x_wconf 87' lang='lat' dir='ltr'>et</span> <span class='ocrx_word' id='word_1_286' title='bbox 801 1940 846 1974; x_wconf 86' lang='lat' dir='ltr'>ad</span> <span class='ocrx_word' id='word_1_287' title='bbox 865 1940 1030 1974; x_wconf 90' lang='lat' dir='ltr'>ultimum</span> <span class='ocrx_word' id='word_1_288' title='bbox 1048 1940 1116 1974; x_wconf 83' lang='lat' dir='ltr'>fuit</span> <span class='ocrx_word' id='word_1_289' title='bbox 1129 1941 1308 1986; x_wconf 87' lang='lat' dir='ltr'>judicatus</span> <span class='ocrx_word' id='word_1_290' title='bbox 1329 1948 1363 1975; x_wconf 91' lang='lat' dir='ltr'>et</span> <span class='ocrx_word' id='word_1_291' title='bbox 1381 1943 1599 1978; x_wconf 86' lang='lat' dir='ltr'>combustus.</span> 
     </span>
     <span class='ocr_line' id='line_1_27' title="bbox 103 1999 1609 2046; baseline 0.001 -11"><span class='ocrx_word' id='word_1_292' title='bbox 103 2001 278 2046; x_wconf 90' lang='lat' dir='ltr'>Tempore</span> <span class='ocrx_word' id='word_1_293' title='bbox 302 2000 407 2033; x_wconf 87' lang='lat' dir='ltr'>etiam</span> <span class='ocrx_word' id='word_1_294' title='bbox 432 1999 508 2042; x_wconf 69' lang='lat' dir='ltr'>illo,</span> <span class='ocrx_word' id='word_1_295' title='bbox 538 2000 571 2033; x_wconf 88' lang='lat' dir='ltr'>in</span> <span class='ocrx_word' id='word_1_296' title='bbox 593 1999 712 2033; x_wconf 87' lang='lat' dir='ltr'>multis</span> <span class='ocrx_word' id='word_1_297' title='bbox 733 1999 837 2043; x_wconf 62' lang='lat' dir='ltr'>villis.</span> <span class='ocrx_word' id='word_1_298' title='bbox 859 2000 895 2032; x_wconf 91' lang='lat' dir='ltr'>in</span> <span class='ocrx_word' id='word_1_299' title='bbox 919 1999 1051 2033; x_wconf 84' lang='lat' dir='ltr'>ducatu</span> <span class='ocrx_word' id='word_1_300' title='bbox 1078 2000 1284 2034; x_wconf 84' lang='lat' dir='ltr'>Brabantiae</span> <span class='ocrx_word' id='word_1_301' title='bbox 1310 2007 1344 2034; x_wconf 91' lang='lat' dir='ltr'>et</span> <span class='ocrx_word' id='word_1_302' title='bbox 1368 2001 1442 2035; x_wconf 85' lang='lat' dir='ltr'>aliis</span> <span class='ocrx_word' id='word_1_303' title='bbox 1460 2003 1609 2036; x_wconf 82' lang='lat' dir='ltr'>comita—</span> 
     </span>
     <span class='ocr_line' id='line_1_28' title="bbox 100 2057 1037 2104; baseline -0.002 -11"><span class='ocrx_word' id='word_1_304' title='bbox 100 2059 196 2093; x_wconf 89' lang='lat' dir='ltr'>tibus</span> <span class='ocrx_word' id='word_1_305' title='bbox 213 2065 249 2092; x_wconf 87' lang='lat' dir='ltr'>et</span> <span class='ocrx_word' id='word_1_306' title='bbox 266 2058 454 2092; x_wconf 86' lang='lat' dir='ltr'>ducatibus</span> <span class='ocrx_word' id='word_1_307' title='bbox 473 2057 541 2091; x_wconf 82' lang='lat' dir='ltr'>fuit</span> <span class='ocrx_word' id='word_1_308' title='bbox 557 2058 693 2104; x_wconf 84' lang='lat' dir='ltr'>justitia</span> <span class='ocrx_word' id='word_1_309' title='bbox 715 2058 805 2092; x_wconf 85' lang='lat' dir='ltr'>facta</span> <span class='ocrx_word' id='word_1_310' title='bbox 827 2057 870 2091; x_wconf 91' lang='lat' dir='ltr'>de</span> <span class='ocrx_word' id='word_1_311' title='bbox 893 2057 1037 2091; x_wconf 88' lang='lat' dir='ltr'>eisdem.</span> 
     </span>
    </p>

    <p class='ocr_par' dir='ltr' id='par_1_4' title="bbox 99 2115 1609 2571">
     <span class='ocr_line' id='line_1_29' title="bbox 150 2115 1607 2162; baseline 0 -11"><span class='ocrx_word' id='word_1_312' title='bbox 150 2117 229 2152; x_wconf 83' lang='lat' dir='ltr'>Non</span> <span class='ocrx_word' id='word_1_313' title='bbox 247 2123 299 2150; x_wconf 89' lang='lat' dir='ltr'>est</span> <span class='ocrx_word' id='word_1_314' title='bbox 321 2123 439 2150; x_wconf 87' lang='lat' dir='ltr'>autem</span> <span class='ocrx_word' id='word_1_315' title='bbox 459 2116 813 2162; x_wconf 84' lang='lat' dir='ltr'>praetermittendum</span> <span class='ocrx_word' id='word_1_316' title='bbox 835 2116 922 2150; x_wconf 90' lang='lat' dir='ltr'>illud</span> <span class='ocrx_word' id='word_1_317' title='bbox 941 2115 1039 2162; x_wconf 88' lang='lat' dir='ltr'>quod</span> <span class='ocrx_word' id='word_1_318' title='bbox 1057 2116 1184 2150; x_wconf 87' lang='lat' dir='ltr'>accidit</span> <span class='ocrx_word' id='word_1_319' title='bbox 1203 2118 1238 2150; x_wconf 90' lang='lat' dir='ltr'>in</span> <span class='ocrx_word' id='word_1_320' title='bbox 1257 2118 1394 2151; x_wconf 82' lang='lat' dir='ltr'>civitate</span> <span class='ocrx_word' id='word_1_321' title='bbox 1412 2117 1607 2151; x_wconf 88' lang='lat' dir='ltr'>Coloniensi</span> 
     </span>
     <span class='ocr_line' id='line_1_30' title="bbox 101 2174 1608 2223; baseline 0 -14"><span class='ocrx_word' id='word_1_322' title='bbox 101 2187 191 2223; x_wconf 82' lang='lat' dir='ltr'>quae</span> <span class='ocrx_word' id='word_1_323' title='bbox 213 2181 265 2209; x_wconf 90' lang='lat' dir='ltr'>est</span> <span class='ocrx_word' id='word_1_324' title='bbox 287 2174 504 2220; x_wconf 87' lang='lat' dir='ltr'>metropolis.</span> <span class='ocrx_word' id='word_1_325' title='bbox 530 2174 570 2208; x_wconf 90' lang='lat' dir='ltr'>ln</span> <span class='ocrx_word' id='word_1_326' title='bbox 594 2175 650 2208; x_wconf 88' lang='lat' dir='ltr'>illa</span> <span class='ocrx_word' id='word_1_327' title='bbox 676 2175 817 2209; x_wconf 75' lang='lat' dir='ltr'>civitate.</span> <span class='ocrx_word' id='word_1_328' title='bbox 831 2181 905 2208; x_wconf 89' lang='lat' dir='ltr'>erat</span> <span class='ocrx_word' id='word_1_329' title='bbox 923 2186 1050 2222; x_wconf 76' lang='lat' dir='ltr'>magna</span> <span class='ocrx_word' id='word_1_330' title='bbox 1069 2175 1170 2220; x_wconf 87' lang='lat' dir='ltr'>copia</span> <span class='ocrx_word' id='word_1_331' title='bbox 1187 2174 1402 2209; x_wconf 89' lang='lat' dir='ltr'>Judaeorum</span> <span class='ocrx_word' id='word_1_332' title='bbox 1416 2203 1424 2219; x_wconf 59' lang='lat' dir='ltr'>a</span> <span class='ocrx_word' id='word_1_333' title='bbox 1446 2182 1480 2209; x_wconf 86' lang='lat' dir='ltr'>et</span> <span class='ocrx_word' id='word_1_334' title='bbox 1498 2176 1608 2209; x_wconf 83' lang='lat' dir='ltr'>habe-</span> 
     </span>
     <span class='ocr_line' id='line_1_31' title="bbox 100 2232 1608 2279; baseline -0.001 -10"><span class='ocrx_word' id='word_1_335' title='bbox 100 2235 188 2269; x_wconf 84' lang='lat' dir='ltr'>bant</span> <span class='ocrx_word' id='word_1_336' title='bbox 204 2234 321 2268; x_wconf 91' lang='lat' dir='ltr'>locum</span> <span class='ocrx_word' id='word_1_337' title='bbox 340 2232 542 2267; x_wconf 88' lang='lat' dir='ltr'>ordinatum</span> <span class='ocrx_word' id='word_1_338' title='bbox 563 2239 598 2266; x_wconf 90' lang='lat' dir='ltr'>et</span> <span class='ocrx_word' id='word_1_339' title='bbox 614 2233 708 2267; x_wconf 84' lang='lat' dir='ltr'>vicos</span> <span class='ocrx_word' id='word_1_340' title='bbox 725 2233 787 2267; x_wconf 92' lang='lat' dir='ltr'>ubi</span> <span class='ocrx_word' id='word_1_341' title='bbox 806 2233 954 2267; x_wconf 73' lang='lat' dir='ltr'>invicem</span> <span class='ocrx_word' id='word_1_342' title='bbox 973 2233 1223 2276; x_wconf 73' lang='lat' dir='ltr'>morabantur,</span> <span class='ocrx_word' id='word_1_343' title='bbox 1244 2240 1279 2266; x_wconf 85' lang='lat' dir='ltr'>et</span> <span class='ocrx_word' id='word_1_344' title='bbox 1297 2234 1444 2279; x_wconf 88' lang='lat' dir='ltr'>separati</span> <span class='ocrx_word' id='word_1_345' title='bbox 1464 2246 1483 2267; x_wconf 87' lang='lat' dir='ltr'>a</span> <span class='ocrx_word' id='word_1_346' title='bbox 1502 2234 1608 2268; x_wconf 89' lang='lat' dir='ltr'>cbris-</span> 
     </span>
     <span class='ocr_line' id='line_1_32' title="bbox 101 2290 1608 2337; baseline -0.001 -10"><span class='ocrx_word' id='word_1_347' title='bbox 101 2293 218 2327; x_wconf 88' lang='lat' dir='ltr'>tianis.</span> <span class='ocrx_word' id='word_1_348' title='bbox 239 2292 281 2325; x_wconf 85' lang='lat' dir='ltr'>Et</span> <span class='ocrx_word' id='word_1_349' title='bbox 295 2290 421 2325; x_wconf 87' lang='lat' dir='ltr'>accidit</span> <span class='ocrx_word' id='word_1_350' title='bbox 438 2290 537 2337; x_wconf 83' lang='lat' dir='ltr'>quod</span> <span class='ocrx_word' id='word_1_351' title='bbox 551 2290 595 2324; x_wconf 87' lang='lat' dir='ltr'>de</span> <span class='ocrx_word' id='word_1_352' title='bbox 612 2291 686 2325; x_wconf 85' lang='lat' dir='ltr'>aliis</span> <span class='ocrx_word' id='word_1_353' title='bbox 706 2291 788 2325; x_wconf 89' lang='lat' dir='ltr'>locis</span> <span class='ocrx_word' id='word_1_354' title='bbox 807 2291 868 2324; x_wconf 91' lang='lat' dir='ltr'>ubi</span> <span class='ocrx_word' id='word_1_355' title='bbox 887 2291 1010 2325; x_wconf 83' lang='lat' dir='ltr'>Judaei</span> <span class='ocrx_word' id='word_1_356' title='bbox 1030 2290 1074 2324; x_wconf 87' lang='lat' dir='ltr'>ad</span> <span class='ocrx_word' id='word_1_357' title='bbox 1094 2297 1243 2324; x_wconf 89' lang='lat' dir='ltr'>mortem</span> <span class='ocrx_word' id='word_1_358' title='bbox 1258 2291 1490 2325; x_wconf 89' lang='lat' dir='ltr'>mittebantur</span> <span class='ocrx_word' id='word_1_359' title='bbox 1507 2293 1608 2326; x_wconf 86' lang='lat' dir='ltr'>multi</span> 
     </span>
     <span class='ocr_line' id='line_1_33' title="bbox 99 2347 1609 2399; baseline -0.001 -14"><span class='ocrx_word' id='word_1_360' title='bbox 99 2351 274 2399; x_wconf 77' lang='lat' dir='ltr'>fugientes</span> <span class='ocrx_word' id='word_1_361' title='bbox 291 2355 464 2383; x_wconf 85' lang='lat' dir='ltr'>venerunt</span> <span class='ocrx_word' id='word_1_362' title='bbox 481 2348 660 2382; x_wconf 83' lang='lat' dir='ltr'>Coloniam</span> <span class='ocrx_word' id='word_1_363' title='bbox 676 2375 683 2392; x_wconf 63' lang='lat'><em>7</em></span> <span class='ocrx_word' id='word_1_364' title='bbox 705 2355 737 2382; x_wconf 91' lang='lat' dir='ltr'>et</span> <span class='ocrx_word' id='word_1_365' title='bbox 754 2360 789 2382; x_wconf 89' lang='lat' dir='ltr'>se</span> <span class='ocrx_word' id='word_1_366' title='bbox 808 2349 855 2382; x_wconf 92' lang='lat' dir='ltr'>ibi</span> <span class='ocrx_word' id='word_1_367' title='bbox 875 2360 957 2382; x_wconf 88' lang='lat' dir='ltr'>cum</span> <span class='ocrx_word' id='word_1_368' title='bbox 981 2349 1054 2382; x_wconf 83' lang='lat' dir='ltr'>aliis</span> <span class='ocrx_word' id='word_1_369' title='bbox 1073 2347 1214 2382; x_wconf 81' lang='lat' dir='ltr'>Judaeis</span> <span class='ocrx_word' id='word_1_370' title='bbox 1232 2356 1437 2394; x_wconf 88' lang='lat' dir='ltr'>posuerunt.</span> <span class='ocrx_word' id='word_1_371' title='bbox 1460 2350 1609 2396; x_wconf 86' lang='lat' dir='ltr'>Fuitque</span> 
     </span>
     <span class='ocr_line' id='line_1_34' title="bbox 101 2406 1609 2456; baseline -0.001 -12"><span class='ocrx_word' id='word_1_372' title='bbox 101 2409 234 2444; x_wconf 90' lang='lat' dir='ltr'>ibidem</span> <span class='ocrx_word' id='word_1_373' title='bbox 260 2420 387 2456; x_wconf 80' lang='lat' dir='ltr'>magna</span> <span class='ocrx_word' id='word_1_374' title='bbox 417 2406 609 2441; x_wconf 89' lang='lat' dir='ltr'>multitudo</span> <span class='ocrx_word' id='word_1_375' title='bbox 636 2406 863 2441; x_wconf 87' lang='lat' dir='ltr'>Judaeorum.</span> <span class='ocrx_word' id='word_1_376' title='bbox 899 2406 997 2441; x_wconf 74' lang='lat' dir='ltr'>Cives</span> <span class='ocrx_word' id='word_1_377' title='bbox 1021 2413 1138 2440; x_wconf 88' lang='lat' dir='ltr'>autem</span> <span class='ocrx_word' id='word_1_378' title='bbox 1163 2413 1197 2441; x_wconf 85' lang='lat' dir='ltr'>et</span> <span class='ocrx_word' id='word_1_379' title='bbox 1221 2407 1436 2441; x_wconf 81' lang='lat' dir='ltr'>habitatores</span> <span class='ocrx_word' id='word_1_380' title='bbox 1463 2408 1609 2442; x_wconf 82' lang='lat' dir='ltr'>civitatis</span> 
     </span>
     <span class='ocr_line' id='line_1_35' title="bbox 102 2465 1604 2510; baseline -0.002 -7"><span class='ocrx_word' id='word_1_381' title='bbox 102 2469 172 2503; x_wconf 87' lang='lat' dir='ltr'>hoc</span> <span class='ocrx_word' id='word_1_382' title='bbox 193 2466 372 2510; x_wconf 68' lang='lat' dir='ltr'>videntes,</span> <span class='ocrx_word' id='word_1_383' title='bbox 401 2467 523 2500; x_wconf 87' lang='lat' dir='ltr'>habito</span> <span class='ocrx_word' id='word_1_384' title='bbox 547 2466 710 2510; x_wconf 69' lang='lat' dir='ltr'>consitio,</span> <span class='ocrx_word' id='word_1_385' title='bbox 734 2466 825 2500; x_wconf 88' lang='lat' dir='ltr'>sicut</span> <span class='ocrx_word' id='word_1_386' title='bbox 852 2466 887 2499; x_wconf 89' lang='lat' dir='ltr'>in</span> <span class='ocrx_word' id='word_1_387' title='bbox 915 2466 989 2499; x_wconf 87' lang='lat' dir='ltr'>aliis</span> <span class='ocrx_word' id='word_1_388' title='bbox 1007 2466 1110 2510; x_wconf 75' lang='lat' dir='ltr'>locis7</span> <span class='ocrx_word' id='word_1_389' title='bbox 1136 2477 1195 2500; x_wconf 88' lang='lat' dir='ltr'>eos</span> <span class='ocrx_word' id='word_1_390' title='bbox 1216 2466 1281 2500; x_wconf 90' lang='lat' dir='ltr'>nisi</span> <span class='ocrx_word' id='word_1_391' title='bbox 1309 2473 1392 2500; x_wconf 86' lang='lat' dir='ltr'>sunt</span> <span class='ocrx_word' id='word_1_392' title='bbox 1413 2465 1604 2500; x_wconf 87' lang='lat' dir='ltr'>destruere.</span> 
     </span>
     <span class='ocr_line' id='line_1_36' title="bbox 102 2524 1608 2571; baseline -0.002 -10"><span class='ocrx_word' id='word_1_393' title='bbox 102 2526 226 2562; x_wconf 87' lang='lat' dir='ltr'>Judaei</span> <span class='ocrx_word' id='word_1_394' title='bbox 244 2531 363 2560; x_wconf 86' lang='lat' dir='ltr'>autem</span> <span class='ocrx_word' id='word_1_395' title='bbox 381 2536 417 2559; x_wconf 89' lang='lat' dir='ltr'>se</span> <span class='ocrx_word' id='word_1_396' title='bbox 435 2525 639 2559; x_wconf 87' lang='lat' dir='ltr'>munierunt</span> <span class='ocrx_word' id='word_1_397' title='bbox 660 2531 695 2558; x_wconf 87' lang='lat' dir='ltr'>et</span> <span class='ocrx_word' id='word_1_398' title='bbox 713 2536 809 2558; x_wconf 88' lang='lat' dir='ltr'>arma</span> <span class='ocrx_word' id='word_1_399' title='bbox 830 2524 1058 2570; x_wconf 85' lang='lat' dir='ltr'>quaesierunt</span> <span class='ocrx_word' id='word_1_400' title='bbox 1080 2535 1162 2558; x_wconf 92' lang='lat' dir='ltr'>cum</span> <span class='ocrx_word' id='word_1_401' title='bbox 1182 2524 1246 2558; x_wconf 84' lang='lat' dir='ltr'>illis</span> <span class='ocrx_word' id='word_1_402' title='bbox 1265 2525 1370 2558; x_wconf 89' lang='lat' dir='ltr'>armis</span> <span class='ocrx_word' id='word_1_403' title='bbox 1395 2536 1486 2571; x_wconf 86' lang='lat' dir='ltr'>quae</span> <span class='ocrx_word' id='word_1_404' title='bbox 1503 2536 1608 2570; x_wconf 90' lang='lat' dir='ltr'>penes</span> 
     </span>
    </p>
   </div>
  </div>
 </body>
</html>
