<?xml version="1.0" encoding="UTF-8"?>
<!DOCTYPE html PUBLIC "-//W3C//DTD XHTML 1.0 Transitional//EN"
    "http://www.w3.org/TR/xhtml1/DTD/xhtml1-transitional.dtd">
<html xmlns="http://www.w3.org/1999/xhtml" xml:lang="en" lang="en">
 <head>
  <title>
</title>
<meta http-equiv="Content-Type" content="text/html;charset=utf-8" />
  <meta name='ocr-system' content='tesseract 3.04.00' />
  <meta name='ocr-capabilities' content='ocr_page ocr_carea ocr_par ocr_line ocrx_word'/>
</head>
<body>
  <div class='ocr_page' id='page_1' title='image "./corpuschronicoru02smetuoft_0543.png"; bbox 0 0 2118 3184; ppageno 0'>
   <div class='ocr_carea' id='block_1_1' title="bbox 586 394 1634 431">
    <p class='ocr_par' dir='ltr' id='par_1_1' title="bbox 586 394 1634 431">
     <span class='ocr_line' id='line_1_1' title="bbox 586 394 1634 431; baseline 0.001 -2"><span class='ocrx_word' id='word_1_1' title='bbox 586 394 811 429; x_wconf 60' lang='lat' dir='ltr'>cfflzoxlcx</span> <span class='ocrx_word' id='word_1_2' title='bbox 840 394 1162 429; x_wconf 63' lang='lat' dir='ltr'>TORMCENSIS.</span> <span class='ocrx_word' id='word_1_3' title='bbox 1568 397 1634 431; x_wconf 79' lang='lat'>:311</span> 
     </span>
    </p>
   </div>
   <div class='ocr_carea' id='block_1_2' title="bbox 542 559 1208 602">
    <p class='ocr_par' dir='ltr' id='par_1_2' title="bbox 542 559 1208 602">
     <span class='ocr_line' id='line_1_2' title="bbox 542 559 1208 602; baseline 0.006 -4"><span class='ocrx_word' id='word_1_4' title='bbox 542 559 676 600; x_wconf 68' lang='lat' dir='ltr'>PARS</span> <span class='ocrx_word' id='word_1_5' title='bbox 706 560 950 602; x_wconf 62' lang='lat' dir='ltr'>SECUNDA</span> <span class='ocrx_word' id='word_1_6' title='bbox 982 561 1208 602; x_wconf 78' lang='lat' dir='ltr'><strong>CODICIS.</strong></span> 
     </span>
    </p>
   </div>
   <div class='ocr_carea' id='block_1_3' title="bbox 121 798 1634 838">
    <p class='ocr_par' dir='ltr' id='par_1_3' title="bbox 121 798 1634 838">
     <span class='ocr_line' id='line_1_3' title="bbox 121 798 1634 838; baseline 0.005 -7"><span class='ocrx_word' id='word_1_7' title='bbox 121 807 309 832; x_wconf 58' lang='lat' dir='ltr'>NARRATIO</span> <span class='ocrx_word' id='word_1_8' title='bbox 332 808 471 832; x_wconf 62' lang='lat' dir='ltr'><strong>PRIME</strong></span> <span class='ocrx_word' id='word_1_9' title='bbox 490 808 798 834; x_wconf 61' lang='lat' dir='ltr'>coxsrnrcrloxls</span> <span class='ocrx_word' id='word_1_10' title='bbox 818 810 990 836; x_wconf 64' lang='lat' dir='ltr'>COENOBH</span> <span class='ocrx_word' id='word_1_11' title='bbox 1015 811 1141 836; x_wconf 68' lang='lat' dir='ltr'>SANcrl</span> <span class='ocrx_word' id='word_1_12' title='bbox 1163 812 1317 837; x_wconf 56' lang='lat' dir='ltr'>”ARTINI</span> <span class='ocrx_word' id='word_1_13' title='bbox 1338 812 1585 838; x_wconf 60' lang='lat' dir='ltr'>ronnei-:5815</span> <span class='ocrx_word' id='word_1_14' title='bbox 1607 798 1634 838; x_wconf 68' lang='lat'>¹.</span> 
     </span>
    </p>
   </div>
   <div class='ocr_carea' id='block_1_4' title="bbox 690 922 1074 979">
    <p class='ocr_par' dir='ltr' id='par_1_4' title="bbox 690 922 1074 979">
     <span class='ocr_line' id='line_1_4' title="bbox 690 922 1074 979; baseline 0.008 -18"><span class='ocrx_word' id='word_1_15' title='bbox 690 922 850 978; x_wconf 78' lang='lat' dir='ltr'><em>Incipit</em></span> <span class='ocrx_word' id='word_1_16' title='bbox 863 924 1074 979; x_wconf 75' lang='lat' dir='ltr'>proloqus.</span> 
     </span>
    </p>
   </div>
   <div class='ocr_carea' id='block_1_5' title="bbox 118 1039 1637 1908">
    <p class='ocr_par' dir='ltr' id='par_1_5' title="bbox 118 1039 1637 1908">
     <span class='ocr_line' id='line_1_5' title="bbox 169 1039 1635 1090; baseline 0.002 -16"><span class='ocrx_word' id='word_1_17' title='bbox 169 1040 346 1081; x_wconf 77' lang='lat' dir='ltr'>Quoniam</span> <span class='ocrx_word' id='word_1_18' title='bbox 373 1052 464 1087; x_wconf 88' lang='lat' dir='ltr'>quae</span> <span class='ocrx_word' id='word_1_19' title='bbox 482 1039 651 1074; x_wconf 75' lang='lat' dir='ltr'>divinitus</span> <span class='ocrx_word' id='word_1_20' title='bbox 673 1041 765 1074; x_wconf 85' lang='lat' dir='ltr'>circa</span> <span class='ocrx_word' id='word_1_21' title='bbox 787 1041 947 1075; x_wconf 85' lang='lat' dir='ltr'>homines</span> <span class='ocrx_word' id='word_1_22' title='bbox 967 1041 1240 1076; x_wconf 78' lang='lat' dir='ltr'>misericorditer</span> <span class='ocrx_word' id='word_1_23' title='bbox 1261 1050 1437 1090; x_wconf 65' lang='lat' dir='ltr'>aguntur,</span> <span class='ocrx_word' id='word_1_24' title='bbox 1458 1044 1635 1077; x_wconf 71' lang='lat' dir='ltr'>oblivione</span> 
     </span>
     <span class='ocr_line' id='line_1_6' title="bbox 120 1098 1633 1147; baseline 0.002 -14"><span class='ocrx_word' id='word_1_25' title='bbox 120 1098 375 1146; x_wconf 83' lang='lat' dir='ltr'>praetereunda</span> <span class='ocrx_word' id='word_1_26' title='bbox 390 1100 441 1133; x_wconf 70' lang='lat' dir='ltr'>vel</span> <span class='ocrx_word' id='word_1_27' title='bbox 457 1099 629 1133; x_wconf 84' lang='lat' dir='ltr'>abolenda</span> <span class='ocrx_word' id='word_1_28' title='bbox 645 1112 715 1133; x_wconf 87' lang='lat' dir='ltr'>nou</span> <span class='ocrx_word' id='word_1_29' title='bbox 733 1107 813 1133; x_wconf 85' lang='lat' dir='ltr'>sunt</span> <span class='ocrx_word' id='word_1_30' title='bbox 828 1127 836 1142; x_wconf 83' lang='lat'>·.</span> <span class='ocrx_word' id='word_1_31' title='bbox 856 1112 937 1134; x_wconf 92' lang='lat' dir='ltr'>cum</span> <span class='ocrx_word' id='word_1_32' title='bbox 956 1100 1000 1133; x_wconf 90' lang='lat' dir='ltr'>de</span> <span class='ocrx_word' id='word_1_33' title='bbox 1019 1101 1237 1134; x_wconf 82' lang='lat' dir='ltr'>mirabilibus</span> <span class='ocrx_word' id='word_1_34' title='bbox 1251 1114 1342 1147; x_wconf 88' lang='lat' dir='ltr'>quac</span> <span class='ocrx_word' id='word_1_35' title='bbox 1358 1102 1439 1136; x_wconf 91' lang='lat' dir='ltr'>fecit</span> <span class='ocrx_word' id='word_1_36' title='bbox 1460 1103 1633 1136; x_wconf 83' lang='lat' dir='ltr'>Dominus</span> 
     </span>
     <span class='ocr_line' id='line_1_7' title="bbox 121 1158 1633 1206; baseline 0.001 -14"><span class='ocrx_word' id='word_1_37' title='bbox 121 1158 329 1192; x_wconf 89' lang='lat' dir='ltr'>mandatum</span> <span class='ocrx_word' id='word_1_38' title='bbox 364 1159 407 1192; x_wconf 90' lang='lat' dir='ltr'>sit</span> <span class='ocrx_word' id='word_1_39' title='bbox 432 1159 609 1204; x_wconf 79' lang='lat' dir='ltr'>prioribus</span> <span class='ocrx_word' id='word_1_40' title='bbox 637 1159 835 1193; x_wconf 80' lang='lat' dir='ltr'>notafacere</span> <span class='ocrx_word' id='word_1_41' title='bbox 868 1171 906 1192; x_wconf 85' lang='lat' dir='ltr'>ea</span> <span class='ocrx_word' id='word_1_42' title='bbox 936 1159 1014 1193; x_wconf 84' lang='lat' dir='ltr'>filiis</span> <span class='ocrx_word' id='word_1_43' title='bbox 1042 1160 1131 1201; x_wconf 67' lang='lat' dir='ltr'>suis,</span> <span class='ocrx_word' id='word_1_44' title='bbox 1164 1166 1204 1193; x_wconf 91' lang='lat' dir='ltr'>ut</span> <span class='ocrx_word' id='word_1_45' title='bbox 1230 1161 1275 1193; x_wconf 86' lang='lat' dir='ltr'>ita</span> <span class='ocrx_word' id='word_1_46' title='bbox 1302 1172 1365 1206; x_wconf 90' lang='lat' dir='ltr'>per</span> <span class='ocrx_word' id='word_1_47' title='bbox 1397 1161 1633 1194; x_wconf 77' lang='lat' dir='ltr'>successiones</span> 
     </span>
     <span class='ocr_line' id='line_1_8' title="bbox 120 1216 1635 1266; baseline 0.001 -15"><span class='ocrx_word' id='word_1_48' title='bbox 120 1223 347 1265; x_wconf 82' lang='lat' dir='ltr'>cognosceret</span> <span class='ocrx_word' id='word_1_49' title='bbox 367 1228 406 1250; x_wconf 86' lang='lat' dir='ltr'>ea</span> <span class='ocrx_word' id='word_1_50' title='bbox 426 1216 607 1263; x_wconf 77' lang='lat' dir='ltr'>generatio</span> <span class='ocrx_word' id='word_1_51' title='bbox 626 1216 732 1250; x_wconf 90' lang='lat' dir='ltr'>altera</span> <span class='ocrx_word' id='word_1_52' title='bbox 745 1243 753 1259; x_wconf 41' lang='grc' dir='ltr'>,Ι</span> <span class='ocrx_word' id='word_1_53' title='bbox 779 1216 866 1250; x_wconf 93' lang='lat' dir='ltr'>dum</span> <span class='ocrx_word' id='word_1_54' title='bbox 886 1217 946 1250; x_wconf 91' lang='lat' dir='ltr'>filii</span> <span class='ocrx_word' id='word_1_55' title='bbox 964 1217 1026 1263; x_wconf 91' lang='lat' dir='ltr'>qui</span> <span class='ocrx_word' id='word_1_56' title='bbox 1048 1224 1277 1251; x_wconf 87' lang='lat' dir='ltr'>nascerentur</span> <span class='ocrx_word' id='word_1_57' title='bbox 1301 1224 1335 1251; x_wconf 89' lang='lat' dir='ltr'>et</span> <span class='ocrx_word' id='word_1_58' title='bbox 1353 1225 1581 1266; x_wconf 74' lang='lat' dir='ltr'>exsurgerent</span> <span class='ocrx_word' id='word_1_59' title='bbox 1602 1225 1635 1252; x_wconf 85' lang='lat' dir='ltr'>et</span> 
     </span>
     <span class='ocr_line' id='line_1_9' title="bbox 120 1274 1636 1324; baseline 0.001 -16"><span class='ocrx_word' id='word_1_60' title='bbox 120 1275 184 1321; x_wconf 89' lang='lat' dir='ltr'>ipsi</span> <span class='ocrx_word' id='word_1_61' title='bbox 198 1281 382 1309; x_wconf 82' lang='lat' dir='ltr'>narrarent</span> <span class='ocrx_word' id='word_1_62' title='bbox 399 1286 439 1307; x_wconf 84' lang='lat' dir='ltr'>ea</span> <span class='ocrx_word' id='word_1_63' title='bbox 457 1274 536 1307; x_wconf 86' lang='lat' dir='ltr'>filiis</span> <span class='ocrx_word' id='word_1_64' title='bbox 554 1275 646 1317; x_wconf 71' lang='lat' dir='ltr'>suis7</span> <span class='ocrx_word' id='word_1_65' title='bbox 668 1286 732 1308; x_wconf 90' lang='lat' dir='ltr'>nos</span> <span class='ocrx_word' id='word_1_66' title='bbox 747 1287 785 1307; x_wconf 90' lang='lat' dir='ltr'>ea</span> <span class='ocrx_word' id='word_1_67' title='bbox 808 1287 899 1320; x_wconf 88' lang='lat' dir='ltr'>quae</span> <span class='ocrx_word' id='word_1_68' title='bbox 921 1275 1098 1320; x_wconf 86' lang='lat' dir='ltr'>prioribus</span> <span class='ocrx_word' id='word_1_69' title='bbox 1120 1275 1249 1308; x_wconf 89' lang='lat' dir='ltr'>nostris</span> <span class='ocrx_word' id='word_1_70' title='bbox 1264 1276 1488 1309; x_wconf 86' lang='lat' dir='ltr'>narrantibus</span> <span class='ocrx_word' id='word_1_71' title='bbox 1508 1288 1636 1324; x_wconf 76' lang='lat' dir='ltr'>cogno-</span> 
     </span>
     <span class='ocr_line' id='line_1_10' title="bbox 119 1332 1632 1368; baseline 0 -1"><span class='ocrx_word' id='word_1_72' title='bbox 119 1334 233 1367; x_wconf 82' lang='lat' dir='ltr'>vimus</span> <span class='ocrx_word' id='word_1_73' title='bbox 252 1332 296 1366; x_wconf 91' lang='lat' dir='ltr'>de</span> <span class='ocrx_word' id='word_1_74' title='bbox 314 1333 456 1366; x_wconf 88' lang='lat' dir='ltr'>ecclesia</span> <span class='ocrx_word' id='word_1_75' title='bbox 477 1333 516 1365; x_wconf 88' lang='lat' dir='ltr'>B.</span> <span class='ocrx_word' id='word_1_76' title='bbox 541 1333 682 1366; x_wconf 83' lang='lat' dir='ltr'>Martini</span> <span class='ocrx_word' id='word_1_77' title='bbox 705 1333 936 1366; x_wconf 88' lang='lat' dir='ltr'>Tornacensis</span> <span class='ocrx_word' id='word_1_78' title='bbox 952 1339 1048 1366; x_wconf 76' lang='lat' dir='ltr'>extra</span> <span class='ocrx_word' id='word_1_79' title='bbox 1067 1333 1205 1366; x_wconf 87' lang='lat' dir='ltr'>moenia</span> <span class='ocrx_word' id='word_1_80' title='bbox 1221 1333 1368 1367; x_wconf 74' lang='lat' dir='ltr'>civitatis</span> <span class='ocrx_word' id='word_1_81' title='bbox 1390 1334 1632 1368; x_wconf 85' lang='lat' dir='ltr'>Tornacensis.</span> 
     </span>
     <span class='ocr_line' id='line_1_11' title="bbox 120 1389 1637 1438; baseline -0.001 -13"><span class='ocrx_word' id='word_1_82' title='bbox 120 1403 218 1425; x_wconf 92' lang='lat' dir='ltr'>nunc</span> <span class='ocrx_word' id='word_1_83' title='bbox 232 1391 334 1425; x_wconf 90' lang='lat' dir='ltr'>sitam</span> <span class='ocrx_word' id='word_1_84' title='bbox 352 1389 396 1424; x_wconf 89' lang='lat' dir='ltr'>ad</span> <span class='ocrx_word' id='word_1_85' title='bbox 419 1391 559 1438; x_wconf 77' lang='lat' dir='ltr'>plagam</span> <span class='ocrx_word' id='word_1_86' title='bbox 579 1390 828 1433; x_wconf 67' lang='lat' dir='ltr'>meridianam‚</span> <span class='ocrx_word' id='word_1_87' title='bbox 852 1403 922 1424; x_wconf 91' lang='lat' dir='ltr'>non</span> <span class='ocrx_word' id='word_1_88' title='bbox 942 1390 1113 1424; x_wconf 89' lang='lat' dir='ltr'>debemus</span> <span class='ocrx_word' id='word_1_89' title='bbox 1132 1391 1344 1424; x_wconf 86' lang='lat' dir='ltr'>successuris</span> <span class='ocrx_word' id='word_1_90' title='bbox 1364 1391 1556 1425; x_wconf 87' lang='lat' dir='ltr'>occultare.</span> <span class='ocrx_word' id='word_1_91' title='bbox 1581 1404 1637 1424; x_wconf 89' lang='lat' dir='ltr'>ne-</span> 
     </span>
     <span class='ocr_line' id='line_1_12' title="bbox 118 1448 1636 1495; baseline 0 -12"><span class='ocrx_word' id='word_1_92' title='bbox 118 1450 170 1484; x_wconf 80' lang='lat' dir='ltr'>fas</span> <span class='ocrx_word' id='word_1_93' title='bbox 196 1448 366 1483; x_wconf 81' lang='lat' dir='ltr'>ducentes</span> <span class='ocrx_word' id='word_1_94' title='bbox 393 1460 484 1495; x_wconf 89' lang='lat' dir='ltr'>quae</span> <span class='ocrx_word' id='word_1_95' title='bbox 510 1448 555 1482; x_wconf 89' lang='lat' dir='ltr'>ad</span> <span class='ocrx_word' id='word_1_96' title='bbox 578 1448 719 1482; x_wconf 90' lang='lat' dir='ltr'>laudem</span> <span class='ocrx_word' id='word_1_97' title='bbox 743 1449 882 1482; x_wconf 90' lang='lat' dir='ltr'>Domini</span> <span class='ocrx_word' id='word_1_98' title='bbox 902 1455 1061 1494; x_wconf 88' lang='lat' dir='ltr'>spectant</span> <span class='ocrx_word' id='word_1_99' title='bbox 1084 1460 1190 1494; x_wconf 88' lang='lat' dir='ltr'>super</span> <span class='ocrx_word' id='word_1_100' title='bbox 1209 1448 1487 1482; x_wconf 84' lang='lat' dir='ltr'>misericordiam</span> <span class='ocrx_word' id='word_1_101' title='bbox 1515 1456 1549 1483; x_wconf 85' lang='lat' dir='ltr'>et</span> <span class='ocrx_word' id='word_1_102' title='bbox 1576 1462 1636 1483; x_wconf 65' lang='lat' dir='ltr'>ve-</span> 
     </span>
     <span class='ocr_line' id='line_1_13' title="bbox 118 1506 1633 1556; baseline -0.001 -14"><span class='ocrx_word' id='word_1_103' title='bbox 118 1508 258 1542; x_wconf 82' lang='lat' dir='ltr'>ritatem</span> <span class='ocrx_word' id='word_1_104' title='bbox 273 1507 349 1553; x_wconf 84' lang='lat' dir='ltr'>ejus</span> <span class='ocrx_word' id='word_1_105' title='bbox 363 1507 480 1540; x_wconf 82' lang='lat' dir='ltr'>latere.</span> <span class='ocrx_word' id='word_1_106' title='bbox 502 1507 599 1541; x_wconf 89' lang='lat' dir='ltr'>Hanc</span> <span class='ocrx_word' id='word_1_107' title='bbox 613 1507 640 1540; x_wconf 88' lang='lat' dir='ltr'>si</span> <span class='ocrx_word' id='word_1_108' title='bbox 659 1506 804 1553; x_wconf 89' lang='lat' dir='ltr'>quidem</span> <span class='ocrx_word' id='word_1_109' title='bbox 824 1507 1001 1541; x_wconf 83' lang='lat' dir='ltr'>abbatiam</span> <span class='ocrx_word' id='word_1_110' title='bbox 1020 1507 1216 1553; x_wconf 87' lang='lat' dir='ltr'>antiquitus</span> <span class='ocrx_word' id='word_1_111' title='bbox 1231 1507 1337 1541; x_wconf 87' lang='lat' dir='ltr'>fuisse</span> <span class='ocrx_word' id='word_1_112' title='bbox 1356 1507 1449 1541; x_wconf 88' lang='lat' dir='ltr'>fama</span> <span class='ocrx_word' id='word_1_113' title='bbox 1464 1508 1633 1556; x_wconf 64' lang='lat' dir='ltr'>vulgavit.</span> 
     </span>
     <span class='ocr_line' id='line_1_14' title="bbox 119 1564 1635 1612; baseline 0 -12"><span class='ocrx_word' id='word_1_114' title='bbox 119 1566 181 1601; x_wconf 89' lang='lat' dir='ltr'>sed</span> <span class='ocrx_word' id='word_1_115' title='bbox 198 1572 233 1600; x_wconf 83' lang='lat' dir='ltr'>et</span> <span class='ocrx_word' id='word_1_116' title='bbox 250 1566 464 1611; x_wconf 87' lang='lat' dir='ltr'>scriptorum</span> <span class='ocrx_word' id='word_1_117' title='bbox 485 1564 661 1611; x_wconf 85' lang='lat' dir='ltr'>quaedam</span> <span class='ocrx_word' id='word_1_118' title='bbox 680 1572 912 1599; x_wconf 90' lang='lat' dir='ltr'>monumenta</span> <span class='ocrx_word' id='word_1_119' title='bbox 930 1577 1043 1612; x_wconf 87' lang='lat' dir='ltr'>usque</span> <span class='ocrx_word' id='word_1_120' title='bbox 1061 1566 1098 1598; x_wconf 90' lang='lat' dir='ltr'>in</span> <span class='ocrx_word' id='word_1_121' title='bbox 1118 1564 1333 1599; x_wconf 80' lang='lat' dir='ltr'>hodiernum</span> <span class='ocrx_word' id='word_1_122' title='bbox 1349 1565 1443 1599; x_wconf 91' lang='lat' dir='ltr'>diem</span> <span class='ocrx_word' id='word_1_123' title='bbox 1466 1567 1635 1600; x_wconf 76' lang='lat' dir='ltr'>exstantia</span> 
     </span>
     <span class='ocr_line' id='line_1_15' title="bbox 118 1622 1636 1671; baseline 0.001 -14"><span class='ocrx_word' id='word_1_124' title='bbox 118 1625 188 1658; x_wconf 91' lang='lat' dir='ltr'>hoc</span> <span class='ocrx_word' id='word_1_125' title='bbox 206 1623 404 1663; x_wconf 65' lang='lat' dir='ltr'>declarant,</span> <span class='ocrx_word' id='word_1_126' title='bbox 423 1622 520 1670; x_wconf 91' lang='lat' dir='ltr'>quod</span> <span class='ocrx_word' id='word_1_127' title='bbox 540 1635 632 1670; x_wconf 88' lang='lat' dir='ltr'>quae</span> <span class='ocrx_word' id='word_1_128' title='bbox 649 1624 822 1670; x_wconf 89' lang='lat' dir='ltr'>supersim</span> <span class='ocrx_word' id='word_1_129' title='bbox 839 1625 967 1670; x_wconf 87' lang='lat' dir='ltr'>scripta</span> <span class='ocrx_word' id='word_1_130' title='bbox 985 1630 1068 1657; x_wconf 89' lang='lat' dir='ltr'>sunt</span> <span class='ocrx_word' id='word_1_131' title='bbox 1080 1650 1089 1667; x_wconf 79' lang='lat'>,</span> <span class='ocrx_word' id='word_1_132' title='bbox 1109 1625 1348 1670; x_wconf 88' lang='lat' dir='ltr'>praesentium</span> <span class='ocrx_word' id='word_1_133' title='bbox 1367 1631 1454 1658; x_wconf 92' lang='lat' dir='ltr'>tunc</span> <span class='ocrx_word' id='word_1_134' title='bbox 1468 1626 1636 1671; x_wconf 88' lang='lat' dir='ltr'>temporis</span> 
     </span>
     <span class='ocr_line' id='line_1_16' title="bbox 118 1682 1635 1728; baseline 0.001 -12"><span class='ocrx_word' id='word_1_135' title='bbox 118 1683 255 1717; x_wconf 86' lang='lat' dir='ltr'>incuria</span> <span class='ocrx_word' id='word_1_136' title='bbox 286 1682 374 1716; x_wconf 89' lang='lat' dir='ltr'>scire</span> <span class='ocrx_word' id='word_1_137' title='bbox 403 1682 507 1715; x_wconf 89' lang='lat' dir='ltr'>etiam</span> <span class='ocrx_word' id='word_1_138' title='bbox 535 1682 761 1728; x_wconf 86' lang='lat' dir='ltr'>cupientibus</span> <span class='ocrx_word' id='word_1_139' title='bbox 787 1695 859 1716; x_wconf 89' lang='lat' dir='ltr'>non</span> <span class='ocrx_word' id='word_1_140' title='bbox 885 1682 1005 1717; x_wconf 91' lang='lat' dir='ltr'>omnia</span> <span class='ocrx_word' id='word_1_141' title='bbox 1027 1689 1233 1716; x_wconf 89' lang='lat' dir='ltr'>occurrunt.</span> <span class='ocrx_word' id='word_1_142' title='bbox 1265 1682 1428 1724; x_wconf 87' lang='lat' dir='ltr'>Quorum</span> <span class='ocrx_word' id='word_1_143' title='bbox 1454 1682 1635 1717; x_wconf 85' lang='lat' dir='ltr'>desideriis</span> 
     </span>
     <span class='ocr_line' id='line_1_17' title="bbox 119 1740 1630 1787; baseline 0 -12"><span class='ocrx_word' id='word_1_144' title='bbox 119 1741 317 1775; x_wconf 83' lang='lat' dir='ltr'>satisfacere</span> <span class='ocrx_word' id='word_1_145' title='bbox 338 1740 485 1786; x_wconf 90' lang='lat' dir='ltr'>cupiens</span> <span class='ocrx_word' id='word_1_146' title='bbox 498 1752 538 1773; x_wconf 86' lang='lat' dir='ltr'>ea</span> <span class='ocrx_word' id='word_1_147' title='bbox 557 1752 648 1786; x_wconf 90' lang='lat' dir='ltr'>quae</span> <span class='ocrx_word' id='word_1_148' title='bbox 671 1740 799 1774; x_wconf 88' lang='lat' dir='ltr'>diffusa</span> <span class='ocrx_word' id='word_1_149' title='bbox 821 1741 960 1787; x_wconf 87' lang='lat' dir='ltr'>repperi</span> <span class='ocrx_word' id='word_1_150' title='bbox 973 1768 981 1784; x_wconf 35' lang='grc' dir='ltr'>,Ι</span> <span class='ocrx_word' id='word_1_151' title='bbox 1008 1740 1060 1774; x_wconf 78' lang='lat' dir='ltr'>vel</span> <span class='ocrx_word' id='word_1_152' title='bbox 1083 1740 1176 1774; x_wconf 88' lang='lat' dir='ltr'>fama</span> <span class='ocrx_word' id='word_1_153' title='bbox 1196 1748 1431 1786; x_wconf 85' lang='lat' dir='ltr'>praeconante</span> <span class='ocrx_word' id='word_1_154' title='bbox 1453 1743 1610 1787; x_wconf 87' lang='lat' dir='ltr'>prosensi</span> <span class='ocrx_word' id='word_1_155' title='bbox 1623 1770 1630 1775; x_wconf 91' lang='lat'><em>.</em></span> 
     </span>
     <span class='ocr_line' id='line_1_18' title="bbox 119 1798 1636 1847; baseline -0.001 -13"><span class='ocrx_word' id='word_1_156' title='bbox 119 1798 370 1846; x_wconf 87' lang='lat' dir='ltr'>compendiose</span> <span class='ocrx_word' id='word_1_157' title='bbox 390 1798 607 1846; x_wconf 72' lang='lat' dir='ltr'>distinguere</span> <span class='ocrx_word' id='word_1_158' title='bbox 629 1800 748 1833; x_wconf 64' lang='lat' dir='ltr'>curavi</span> <span class='ocrx_word' id='word_1_159' title='bbox 762 1827 770 1843; x_wconf 31' lang='grc' dir='ltr'>,Ι</span> <span class='ocrx_word' id='word_1_160' title='bbox 795 1806 833 1833; x_wconf 88' lang='lat' dir='ltr'>ut</span> <span class='ocrx_word' id='word_1_161' title='bbox 855 1800 999 1834; x_wconf 87' lang='lat' dir='ltr'>cuilibet</span> <span class='ocrx_word' id='word_1_162' title='bbox 1020 1799 1134 1847; x_wconf 82' lang='lat' dir='ltr'>legere</span> <span class='ocrx_word' id='word_1_163' title='bbox 1154 1799 1283 1833; x_wconf 87' lang='lat' dir='ltr'>volenti</span> <span class='ocrx_word' id='word_1_164' title='bbox 1307 1806 1341 1833; x_wconf 87' lang='lat' dir='ltr'>et</span> <span class='ocrx_word' id='word_1_165' title='bbox 1362 1800 1450 1834; x_wconf 89' lang='lat' dir='ltr'>scire</span> <span class='ocrx_word' id='word_1_166' title='bbox 1478 1801 1636 1846; x_wconf 76' lang='lat' dir='ltr'>cupienti</span> 
     </span>
     <span class='ocr_line' id='line_1_19' title="bbox 119 1858 843 1908; baseline -0.001 -15"><span class='ocrx_word' id='word_1_167' title='bbox 119 1864 262 1908; x_wconf 81' lang='lat' dir='ltr'>gratum</span> <span class='ocrx_word' id='word_1_168' title='bbox 278 1858 413 1892; x_wconf 79' lang='lat' dir='ltr'>existat.</span> <span class='ocrx_word' id='word_1_169' title='bbox 431 1878 479 1883; x_wconf 87' lang='lat'>--</span> <span class='ocrx_word' id='word_1_170' title='bbox 494 1858 641 1904; x_wconf 76' lang='lat' dir='ltr'>Explicit</span> <span class='ocrx_word' id='word_1_171' title='bbox 662 1859 843 1907; x_wconf 78' lang='lat' dir='ltr'>prologus.</span> 
     </span>
    </p>
   </div>
   <div class='ocr_carea' id='block_1_6' title="bbox 706 2007 1041 2155">
    <p class='ocr_par' dir='ltr' id='par_1_6' title="bbox 706 2007 1041 2155">
     <span class='ocr_line' id='line_1_20' title="bbox 779 2007 979 2041; baseline -0.005 0"><span class='ocrx_word' id='word_1_172' title='bbox 779 2007 925 2041; x_wconf 75' lang='lat' dir='ltr'><strong>CAPUT</strong></span> <span class='ocrx_word' id='word_1_173' title='bbox 953 2008 979 2040; x_wconf 91' lang='grc' dir='ltr'>Ι.</span> 
     </span>
     <span class='ocr_line' id='line_1_21' title="bbox 706 2108 1041 2155; baseline -0.009 -13"><span class='ocrx_word' id='word_1_174' title='bbox 706 2108 841 2155; x_wconf 74' lang='lat' dir='ltr'>Incipit</span> <span class='ocrx_word' id='word_1_175' title='bbox 865 2109 1041 2141; x_wconf 74' lang='lat' dir='ltr'>narratio.</span> 
     </span>
    </p>
   </div>
   <div class='ocr_carea' id='block_1_7' title="bbox 116 2206 1635 2419">
    <p class='ocr_par' dir='ltr' id='par_1_7' title="bbox 116 2206 1635 2419">
     <span class='ocr_line' id='line_1_22' title="bbox 172 2206 1632 2255; baseline -0.001 -13"><span class='ocrx_word' id='word_1_176' title='bbox 172 2209 221 2243; x_wconf 88' lang='lat' dir='ltr'>De</span> <span class='ocrx_word' id='word_1_177' title='bbox 235 2208 399 2242; x_wconf 88' lang='lat' dir='ltr'>ecclesiae</span> <span class='ocrx_word' id='word_1_178' title='bbox 413 2209 531 2255; x_wconf 82' lang='lat' dir='ltr'>itaque</span> <span class='ocrx_word' id='word_1_179' title='bbox 547 2214 685 2242; x_wconf 87' lang='lat' dir='ltr'>nostrae</span> <span class='ocrx_word' id='word_1_180' title='bbox 700 2215 781 2242; x_wconf 83' lang='lat' dir='ltr'>ortu</span> <span class='ocrx_word' id='word_1_181' title='bbox 795 2220 855 2241; x_wconf 85' lang='lat' dir='ltr'>seu</span> <span class='ocrx_word' id='word_1_182' title='bbox 871 2219 1044 2254; x_wconf 86' lang='lat' dir='ltr'>procursu</span> <span class='ocrx_word' id='word_1_183' title='bbox 1059 2207 1295 2241; x_wconf 84' lang='lat' dir='ltr'>narrationem</span> <span class='ocrx_word' id='word_1_184' title='bbox 1311 2206 1544 2251; x_wconf 41' lang='lat' dir='ltr'>emi-dientes</span> <span class='ocrx_word' id='word_1_185' title='bbox 1563 2220 1632 2242; x_wconf 89' lang='lat' dir='ltr'>uon</span> 
     </span>
     <span class='ocr_line' id='line_1_23' title="bbox 119 2264 1635 2314; baseline -0.001 -13"><span class='ocrx_word' id='word_1_186' title='bbox 119 2279 269 2314; x_wconf 87' lang='lat' dir='ltr'>parvum</span> <span class='ocrx_word' id='word_1_187' title='bbox 289 2265 505 2300; x_wconf 87' lang='lat' dir='ltr'>difficultatis</span> <span class='ocrx_word' id='word_1_188' title='bbox 531 2266 755 2300; x_wconf 84' lang='lat' dir='ltr'>obstaculum</span> <span class='ocrx_word' id='word_1_189' title='bbox 779 2266 815 2299; x_wconf 93' lang='lat' dir='ltr'>in</span> <span class='ocrx_word' id='word_1_190' title='bbox 841 2266 989 2309; x_wconf 73' lang='lat' dir='ltr'>nostris,</span> <span class='ocrx_word' id='word_1_191' title='bbox 1015 2271 1055 2299; x_wconf 88' lang='lat' dir='ltr'>ut</span> <span class='ocrx_word' id='word_1_192' title='bbox 1081 2265 1128 2298; x_wconf 80' lang='lat' dir='ltr'>ita</span> <span class='ocrx_word' id='word_1_193' title='bbox 1146 2264 1283 2308; x_wconf 73' lang='lat' dir='ltr'>dicam,</span> <span class='ocrx_word' id='word_1_194' title='bbox 1314 2265 1554 2299; x_wconf 85' lang='lat' dir='ltr'>fundamentis</span> <span class='ocrx_word' id='word_1_195' title='bbox 1584 2267 1635 2300; x_wconf 90' lang='lat' dir='ltr'>in—</span> 
     </span>
     <span class='ocr_line' id='line_1_24' title="bbox 118 2323 1632 2370; baseline 0 -11"><span class='ocrx_word' id='word_1_196' title='bbox 118 2326 315 2368; x_wconf 76' lang='lat' dir='ltr'>currimus,</span> <span class='ocrx_word' id='word_1_197' title='bbox 340 2331 380 2358; x_wconf 91' lang='lat' dir='ltr'>ut</span> <span class='ocrx_word' id='word_1_198' title='bbox 405 2325 498 2358; x_wconf 89' lang='lat' dir='ltr'>enim</span> <span class='ocrx_word' id='word_1_199' title='bbox 523 2325 702 2358; x_wconf 78' lang='lat' dir='ltr'>brevitatis</span> <span class='ocrx_word' id='word_1_200' title='bbox 726 2324 843 2359; x_wconf 90' lang='lat' dir='ltr'>studio</span> <span class='ocrx_word' id='word_1_201' title='bbox 866 2323 1057 2370; x_wconf 87' lang='lat' dir='ltr'>aliquando</span> <span class='ocrx_word' id='word_1_202' title='bbox 1084 2324 1446 2369; x_wconf 84' lang='lat' dir='ltr'>praetermittentibus</span> <span class='ocrx_word' id='word_1_203' title='bbox 1469 2325 1570 2359; x_wconf 88' lang='lat' dir='ltr'>nobis</span> <span class='ocrx_word' id='word_1_204' title='bbox 1589 2325 1632 2359; x_wconf 89' lang='lat' dir='ltr'>de</span> 
     </span>
     <span class='ocr_line' id='line_1_25' title="bbox 116 2382 1629 2419; baseline -0.001 0"><span class='ocrx_word' id='word_1_205' title='bbox 116 2384 349 2419; x_wconf 85' lang='lat' dir='ltr'>admiratione</span> <span class='ocrx_word' id='word_1_206' title='bbox 362 2383 537 2417; x_wconf 76' lang='lat' dir='ltr'>factorum</span> <span class='ocrx_word' id='word_1_207' title='bbox 558 2389 593 2417; x_wconf 91' lang='lat' dir='ltr'>et</span> <span class='ocrx_word' id='word_1_208' title='bbox 614 2382 717 2417; x_wconf 90' lang='lat' dir='ltr'>laude</span> <span class='ocrx_word' id='word_1_209' title='bbox 731 2383 872 2418; x_wconf 86' lang='lat' dir='ltr'>factoris</span> <span class='ocrx_word' id='word_1_210' title='bbox 890 2383 1080 2417; x_wconf 89' lang='lat' dir='ltr'>diminutio</span> <span class='ocrx_word' id='word_1_211' title='bbox 1098 2383 1157 2416; x_wconf 83' lang='lat' dir='ltr'>fiat</span> <span class='ocrx_word' id='word_1_212' title='bbox 1172 2410 1179 2416; x_wconf 87' lang='lat'><em>.</em></span> <span class='ocrx_word' id='word_1_213' title='bbox 1201 2389 1241 2416; x_wconf 89' lang='lat' dir='ltr'>ut</span> <span class='ocrx_word' id='word_1_214' title='bbox 1254 2395 1376 2417; x_wconf 88' lang='lat' dir='ltr'>rursus</span> <span class='ocrx_word' id='word_1_215' title='bbox 1394 2382 1480 2417; x_wconf 92' lang='lat' dir='ltr'>dum</span> <span class='ocrx_word' id='word_1_216' title='bbox 1502 2390 1629 2417; x_wconf 87' lang='lat' dir='ltr'>cuncta</span> 
     </span>
    </p>
   </div>
   <div class='ocr_carea' id='block_1_8' title="bbox 158 2492 1100 2521">
    <p class='ocr_par' dir='ltr' id='par_1_8' title="bbox 158 2492 1100 2521">
     <span class='ocr_line' id='line_1_26' title="bbox 158 2492 1100 2521; baseline -0.003 0"><span class='ocrx_word' id='word_1_217' title='bbox 158 2494 165 2512; x_wconf 90' lang='lat'>¹</span> <span class='ocrx_word' id='word_1_218' title='bbox 188 2495 225 2521; x_wconf 84' lang='lat' dir='ltr'>Ex</span> <span class='ocrx_word' id='word_1_219' title='bbox 239 2495 396 2521; x_wconf 68' lang='lat' dir='ltr'>Herinnann&#39;·</span> <span class='ocrx_word' id='word_1_220' title='bbox 408 2494 563 2520; x_wconf 81' lang='lat' dir='ltr'>narratione</span> <span class='ocrx_word' id='word_1_221' title='bbox 577 2493 787 2520; x_wconf 83' lang='lat' dir='ltr'>restaurationis</span> <span class='ocrx_word' id='word_1_222' title='bbox 797 2493 922 2519; x_wconf 82' lang='lat' dir='ltr'>abbatiae</span> <span class='ocrx_word' id='word_1_223' title='bbox 936 2492 964 2519; x_wconf 80' lang='lat' dir='ltr'>S.</span> <span class='ocrx_word' id='word_1_224' title='bbox 981 2493 1100 2519; x_wconf 81' lang='lat' dir='ltr'>Martini.</span> 
     </span>
    </p>
   </div>
  </div>
 </body>
</html>
