2137 3131
474 374 545 408 2418
815 372 988 407 CORI’US
1016 369 1346 404 CHRONICORUM
1376 370 1638 404 FLANDRIAE.

476 482 572 528 quod
593 482 695 514 vei-lm
716 479 885 525 principis
904 478 997 525 large
1015 476 1188 510 sumenda
1205 484 1308 519 sunt.
1331 484 1366 511 et
1387 476 1486 523 quod
1503 478 1613 525 gratia
1631 490 1650 511 a
1669 490 1810 512 summo
1825 479 1990 524 pontifice

477 540 659 574 emanabat
673 564 681 576 ,
701 537 757 571 cui
776 548 898 570 omnes
917 535 1097 569 christiani
1117 541 1283 568 tenentur
1301 535 1459 569 obedire.
1483 536 1523 569 Et
1537 536 1586 569 sic
1605 536 1764 582 ipsimet.
1786 536 1879 570 fama
1894 537 1991 571 labo-

478 606 595 635 rante.
625 595 876 637 comedebant.
906 595 990 627 alios
1022 594 1247 627 exhortantes
1274 601 1309 627 ct
1336 601 1518 628 monentes
1550 594 1594 628 ad
1631 593 1916 638 comedendum.
1944 595 1992 629 sie

478 657 600 690 divites
626 661 666 688 ut
692 666 875 700 pauperes.
906 653 1006 687 Unde
1031 652 1157 687 accidit
1177 652 1275 699 quod
1300 653 1401 686 multi
1425 653 1524 697 laici,
1550 660 1697 700 propter
1720 654 1920 699 exemplum
1941 654 1996 687 vi-

479 726 597 748 rorum
618 712 931 746 ecclesiasticorum
952 710 1202 753 comederunt.
1225 711 1308 757 quia
1328 711 1445 756 plures
1466 712 1544 757 plus
1563 718 1647 745 sunt
1669 711 1714 745 ad
1734 712 1867 745 malum
1886 723 1994 758 quam

478 772 521 806 ad
538 773 672 805 boumn
692 771 940 816 promptiores.
964 769 1101 804 Idcirco
1121 770 1222 803 multi
1243 770 1418 816 sapientes
1433 777 1468 804 et
1487 783 1591 804 sanae
1610 771 1738 804 mentis
1758 770 1889 804 dictam
1910 782 1995 818 gra-

479 832 560 864 liam
594 841 664 863 non
695 829 962 875 approbabant.
1002 828 1085 874 quia
1114 828 1205 862 forte
1233 828 1364 861 futuris
1392 829 1615 874 temporibus
1644 840 1862 862 successores
1892 829 1995 862 istam

480 889 627 936 gratiam
654 888 690 921 in
717 886 1014 921 consuetudinem
1041 886 1174 920 ducere
1203 887 1432 929 nitebuntur3
1462 894 1581 921 tamen
1608 886 1776 921 dominus
1807 887 1996 934 episcopus

477 948 557 980 fecit
574 953 719 992 propter
737 947 873 980 bonum
892 958 1085 980 commune
1105 958 1304 992 pauperum
1326 946 1501 994 gentium.

526 1005 669 1039 Certum
691 1011 742 1038 est
765 1004 865 1051 quod
886 1005 922 1038 in
946 1005 1060 1038 tribus
1085 1005 1185 1038 annis
1204 1004 1416 1050 praedictis7
1438 1005 1474 1038 in
1493 1005 1667 1038 universis
1686 1004 1812 1039 mundi
1834 1005 1995 1051 partibus

479 1064 589 1097 multa
607 1063 802 1097 accidentia
825 1070 859 1096 et
883 1063 994 1096 multa
1022 1063 1200 1096 mirabilia
1221 1069 1416 1096 evenerunt
1439 1070 1475 1096 et
1497 1063 1595 1097 omni
1615 1063 1672 1097 die
1692 1063 1881 1107 eveniunt:7
1903 1075 1997 1110 quae

479 1122 523 1156 ad
550 1134 662 1156 meam
692 1122 853 1155 notitiam
879 1134 950 1155 non
978 1128 1154 1155 venerunt
1174 1134 1239 1155 nec
1262 1122 1422 1155 veniunt.
1450 1121 1584 1155 Tamen
1611 1122 1668 1155 illa
1692 1134 1783 1168 quae
1809 1120 1997 1156 commode

479 1181 566 1214 scire
581 1181 681 1226 potui
704 1180 789 1223 feci.
808 1186 915 1226 prout
937 1180 1062 1213 melius
1081 1180 1200 1225 potui,
1223 1180 1433 1228 registrare,
1459 1180 1578 1214 volens
1598 1180 1632 1213 in
1652 1180 1780 1214 talibus
1799 1179 2000 1226 expendere

479 1247 620 1285 tempus
638 1251 757 1272 meum
770 1265 778 1281 7
800 1244 874 1271 tum
896 1244 1041 1284 propter
1063 1238 1274 1283 placentiam
1291 1250 1401 1284 quam
1421 1239 1456 1271 in
1480 1238 1608 1272 talibus
1632 1238 1766 1281 habeo.
1789 1245 1866 1272 tum
1885 1250 1998 1284 prop-

476 1304 530 1331 ter
548 1297 747 1343 profectum
767 1303 801 1329 et
820 1296 1031 1341 placentiam
1051 1296 1245 1343 legentium
1266 1296 1493 1338 futurorum⁷
1515 1302 1549 1329 et
1568 1296 1736 1342 quoniam
1752 1297 1840 1330 scire
1859 1297 1997 1330 bonum

481 1363 531 1389 est
551 1355 746 1389 accidentia
766 1354 811 1388 ad
831 1354 961 1388 malum
982 1353 1186 1388 evitandum
1203 1361 1237 1387 et
1253 1354 1387 1388 bonum
1403 1353 1606 1402 eligendum
1621 1381 1629 1397 ,ἲ
1647 1361 1681 1388 et
1695 1367 1801 1401 super
1814 1355 1944 1389 futuris
1961 1368 1998 1389 se

483 1413 690 1460 providere7
720 1413 833 1447 visum
857 1419 909 1446 est
934 1412 1021 1446 mihi
1046 1424 1247 1460 congruum
1275 1412 1320 1446 de
1348 1413 1478 1446 talibus
1505 1413 1619 1446 facere
1647 1413 1878 1447 mentionem.
1908 1413 1997 1448 Nam

482 1486 547 1521 ego
567 1472 637 1506 vidi
657 1479 691 1505 et
710 1471 811 1505 video
831 1470 1007 1504 mundum
1026 1471 1181 1517 positum
1200 1471 1237 1504 in
1256 1471 1411 1519 maligno
1431 1471 1599 1513 totaliter7
1621 1471 1720 1517 quod
1736 1472 1888 1505 multum
1908 1471 1997 1506 mihi

482 1532 663 1578 displicuit
685 1538 720 1564 et
742 1530 924 1576 displicet.
953 1537 1099 1576 propter
1125 1531 1260 1564 bonum
1287 1536 1322 1563 et
1351 1542 1551 1577 congruum
1578 1536 1720 1576 tempus
1745 1529 1844 1576 quod
1865 1529 1936 1564 vidi
1961 1530 1998 1564 in

483 1603 561 1624 mea
575 1590 761 1635 juventute
775 1616 783 1631 e
807 1595 997 1634 antequam
1016 1600 1164 1635 guerrae
1183 1588 1276 1621 inter
1299 1600 1398 1635 reges
1418 1588 1582 1621 Franciae
1601 1594 1636 1621 et
1656 1587 1884 1622 Flandrenses
1908 1589 2000 1623 inci-

484 1655 627 1695 perent.
659 1648 702 1682 de
734 1648 866 1694 quibus
898 1647 1023 1680 melius
1055 1659 1163 1693 quam
1196 1647 1296 1692 potui
1325 1647 1477 1692 plurima
1510 1647 1705 1694 registrari.
1742 1648 2000 1682 Praetermissis

483 1714 600 1741 autem
625 1706 790 1740 omnibus
810 1706 1001 1753 registratis
1024 1712 1058 1739 et
1080 1717 1151 1738 non
1174 1705 1388 1753 registi-atis.
1410 1717 1523 1751 usque
1547 1705 1592 1738 ad
1614 1718 1747 1739 annum
1772 1706 1998 1740 millesimum

483 1765 768 1799 trecentesimum
800 1763 1113 1812 quadragesimum
1146 1776 1304 1807 nonum.
1334 1764 1371 1797 in
1402 1777 1475 1810 quo
1501 1776 1595 1798 anno
1623 1765 1722 1811 coepi
1749 1765 1868 1799 omnia
1893 1777 2000 1812 supra

486 1824 580 1858 dicta
603 1824 810 1871 registrare,
836 1823 987 1856 maxime
1006 1823 1089 1869 quia
1108 1823 1144 1856 in
1161 1823 1220 1856 illo
1239 1835 1332 1856 anno
1356 1830 1390 1856 et
1412 1824 1447 1856 in
1474 1822 1617 1857 duobus
1641 1824 1741 1858 annis
1767 1824 1999 1871 sequentibus

484 1883 655 1916 mirabilia
674 1889 867 1921 evenerunt
891 1888 924 1915 et
944 1894 997 1915 res
1021 1895 1111 1928 quae
1131 1895 1150 1915 a
1168 1882 1366 1916 viventibus
1389 1882 1480 1916 visae
1500 1895 1572 1916 non
1596 1882 1737 1916 fuerant
1757 1895 1821 1917 nec
1839 1882 1994 1917 auditae.

485 1942 610 1975 Nonne
624 1941 692 1974 fuit
710 1940 869 1974 mirabile
887 1939 1080 1974 destructio
1094 1941 1112 1974 J
1117 1940 1312 1974 udaeorum
1323 1968 1331 1984 7
1353 1941 1527 1987 apparitio
1541 1941 1730 1975 hominum
1746 1942 2000 1987 poenitentiam

487 2000 667 2046 publicam
692 2000 915 2042 facientium.
940 2012 1030 2045 quae
1054 1999 1110 2032 vix
1132 1999 1277 2045 reprimi
1302 2000 1439 2045 potuit⁷
1464 2000 1658 2033 mortalitas
1677 2000 1782 2033 etiam
1808 2006 1903 2033 tanta
1929 2000 2001 2034 sive

488 2059 564 2092 talis
577 2085 585 2098 .
606 2070 698 2104 quae
717 2058 833 2104 coepit
851 2058 885 2091 in
907 2058 1051 2091 Oriente
1069 2065 1104 2092 et
1121 2071 1157 2092 se
1176 2057 1343 2104 expandit
1361 2058 1405 2092 ad
1421 2058 1604 2092 Meridiem
1617 2065 1651 2092 et
1666 2059 1949 2105 Septentrionem
1966 2066 2002 2094 et

488 2130 598 2163 usque
617 2116 662 2150 ad
681 2116 929 2159 Occidentem.
951 2117 987 2150 in
1007 2123 1148 2150 tantum
1166 2116 1264 2164 quod
1285 2129 1407 2151 omnes
1426 2117 1580 2151 viventes
1601 2130 1636 2151 se
1656 2118 1760 2151 finire
1786 2117 2001 2152 dubitabant

488 2176 661 2222 multique
676 2175 862 2221 utriusque
881 2187 982 2208 sexus
999 2187 1147 2221 pompas
1159 2202 1168 2219 7
1190 2175 1332 2209 habitus
1347 2182 1381 2209 et
1395 2175 1477 2209 vitia
1492 2176 1528 2208 in
1546 2176 1611 2209 illis
1625 2175 1751 2210 diebus
1766 2175 2003 2211 dimiserunt?

489 2234 557 2268 Sed
577 2234 667 2280 proh
687 2233 806 2267 dolor!
831 2234 970 2267 cessatis
993 2234 1099 2268 rebus
1126 2233 1330 2278 antedictis.
1356 2235 1445 2268 sicut
1465 2234 1559 2268 canis
1581 2234 1625 2268 ad
1644 2235 1818 2269 vomitum
1840 2235 1942 2270 multi
1967 2242 2001 2269 et

489 2293 618 2326 multae
640 2291 683 2325 ad
706 2292 854 2338 pristina
880 2299 915 2326 et
941 2292 1116 2326 deteriora
1143 2293 1338 2327 redierunt.
1364 2294 1406 2327 Et
1432 2306 1493 2327 vae
1519 2293 1788 2337 christianitati,
1810 2294 1894 2340 quia
1914 2293 2001 2328 fides

491 2349 631 2383 videtur
656 2349 832 2383 vacillare!
865 2350 990 2384 Nonne
1020 2357 1105 2385 sunt
1132 2351 1305 2385 mirabilia
1331 2364 1423 2398 quae
1454 2351 1547 2385 fiunt
1580 2352 1673 2385 inter
1708 2351 1874 2386 dominos
1902 2364 2002 2400 reges

491 2409 651 2441 Franciae
670 2415 702 2442 et
723 2409 867 2456 Angliae
886 2415 920 2442 et
936 2409 972 2442 in
991 2408 1136 2443 diversis
1154 2409 1279 2444 mundi
1300 2410 1484 2456 partibus?
1502 2410 1582 2456 quis
1599 2409 1740 2444 dubitet
1757 2422 1830 2444 esse
1842 2437 1851 2453 7
1872 2422 2001 2456 pecca-

493 2467 534 2499 tis
563 2468 803 2514 exigentibus,
835 2467 1019 2513 quomodo
1045 2467 1187 2502 dilatata
1211 2476 1259 2502 est
1288 2470 1400 2503 totalis
1426 2469 1595 2503 eeclesia?
1622 2468 1761 2502 Utinam
1788 2469 1879 2503 sicut
1901 2469 2003 2503 bonis
