2118 3184
446 417 709 453 CHRONICON'
739 417 951 452 BALDUINI
981 415 1282 452 NINOVIENSIS.
1561 415 1631 451 645

117 526 349 560 consumitur.
370 525 564 560 Clodoveus
579 537 661 559 vero
677 525 786 558 filium
801 537 904 559 suum
915 525 1092 570 juniorem
1111 523 1324 558 Hildericum
1341 523 1424 557 facit
1438 523 1631 558 Austrasio—

119 597 196 618 rum
218 598 350 633 regem.
367 584 516 618 Sanctus
530 584 755 627 Lambertus,
774 584 855 629 Apri
872 583 1010 617 comitis
1024 583 1133 627 filius,
1151 582 1428 628 Trajectensium
1443 582 1629 616 ordinatur

117 644 321 690 episcopus,
344 650 423 689 post
442 642 638 676 Serv-atium
658 642 761 687 xxjm,
782 648 929 688 quartus·
949 654 1028 674 vero
1049 648 1127 687 post
1145 647 1304 675 sanctum
1327 640 1543 674 Remaclum.

165 700 313 735 Sanctus
332 701 525 743 Auberius,
549 700 650 733 beato
671 699 822 733 vedasto
841 699 1030 745 disponens
1052 699 1205 733 Atrebati
1225 698 1409 733 aedificare
1432 699 1626 745 templum,

117 771 198 794 cum
219 758 359 793 vidisset
377 758 542 806 angelum
562 758 659 805 virga
683 758 797 791 metiri
822 758 937 791 locuni
958 758 1139 801 basilicae,
1162 764 1343 803 praesente
1366 764 1486 791 sancto
1508 756 1629 792 Audo-

118 829 217 851 maro
235 817 456 851 Taruanense
480 817 645 863 episcopo
668 828 791 860 caeco,
815 829 943 863 corpus
962 816 1053 850 beati
1076 815 1216 850 Yedasti
1236 816 1408 849 elevatum
1428 816 1626 858 transtulit3

116 875 178 910 ubi
195 882 336 909 sanctus
358 875 580 910 Audomarus
601 876 816 909 illuminatus
840 876 939 921 petiit
957 882 991 909 et
1012 874 1232 921 impetravit,
1258 881 1297 908 ut
1316 874 1446 908 rediret
1467 875 1625 909 caecitas.

116 933 214 968 Idem
229 947 374 981 quoque
390 935 566 969 Aubertus
581 948 599 968 a
613 941 733 968 sancto
748 935 857 983 Eligio
872 941 1035 968 evocatus
1051 941 1102 968 est
1117 933 1161 967 ad
1180 934 1409 968 elevationem
1423 935 1532 968 sancti
1548 935 1629 968 Fur-

116 993 165 1026 sei
177 1019 185 1035 ,
206 993 268 1039 qui
284 993 414 1041 Eligius
427 999 588 1027 sanctum
606 992 818 1034 Quintinum
833 1006 852 1026 a
868 993 987 1026 multis
1003 993 1203 1038 quaesitum
1218 1005 1283 1026 nee
1297 993 1480 1026 inventum
1497 993 1553 1039 pia
1570 992 1630 1027 de-

116 1051 259 1085 votione
276 1057 311 1085 et
329 1051 484 1086 invenire
504 1052 633 1086 meruit
649 1058 684 1085 et
702 1052 848 1085 elevare.
866 1051 1017 1084 Martino
1033 1063 1122 1096 papa
1136 1078 1144 1094 ,
1161 1051 1263 1097 jussu
1277 1050 1515 1095 Constantini,
1533 1051 1630 1098 apud

116 1109 331 1144 Chersonam
346 1110 471 1157 Lyciae
486 1111 662 1145 civitatem
677 1110 815 1144 exiliato
830 1110 949 1156 ibique
968 1109 1138 1143 defuncto
1149 1136 1157 1152 ,
1175 1109 1333 1144 succedit
1352 1110 1528 1158 Eugenius
1541 1137 1549 1153 ,
1567 1109 1629 1157 qui

117 1168 258 1203 duobus
276 1170 376 1203 annis
394 1176 429 1203 et
442 1169 591 1203 dimidio
606 1168 770 1214 praefuit.
794 1170 894 1201 Anno
909 1167 1042 1201 DCLXI
1056 1194 1064 1209 ,
1086 1167 1280 1201 Clodoveus
1300 1180 1358 1201 rex
1377 1180 1505 1216 eorpus
1519 1170 1629 1203 sancti

118 1227 273 1274 Dionysii
293 1227 553 1273 discooperiens
571 1228 650 1261 licet
668 1227 831 1274 religioso
849 1226 979 1269 studio,
1002 1232 1120 1259 tamen
1140 1227 1323 1259 temeraria
1335 1226 1479 1260 audacia
1494 1239 1532 1260 os
1546 1228 1630 1261 bra-

117 1284 188 1319 chii
201 1285 276 1331 ejus
291 1285 396 1333 fregit
413 1292 447 1318 et
467 1285 585 1331 rapuit
596 1311 605 1328 ,
627 1296 779 1330 moxque
799 1284 835 1317 in
851 1284 1039 1317 amentiam
1056 1290 1263 1329 perpetuam
1279 1283 1415 1317 incidit.
1438 1284 1630 1319 Vitalianus

83 1363 90 1366 -
116 1354 208 1389 papa
222 1342 397 1389 praesidet
410 1355 430 1376 x
441 1343 552 1376 annis.
567 1343 668 1376 Anno
684 1341 850 1384 DCLXII,
868 1348 1008 1375 sauctus
1019 1340 1199 1374 Amandus
1215 1353 1333 1375 coram
1348 1342 1520 1388 episcopis
1530 1344 1631 1390 quasi

117 1400 210 1435 facto
223 1407 451 1445 testamento,
473 1401 679 1435 confirmata
698 1400 869 1434 sententia
887 1412 931 1433 ne
950 1412 1110 1446 unquam
1125 1400 1199 1445 ejus
1218 1411 1346 1446 corpus
1366 1401 1628 1445 transferretur,

118 1460 218 1507 quasi
234 1459 279 1494 ad
297 1467 433 1494 certum
449 1460 565 1494 locum
580 1459 806 1502 transfertur,
823 1459 897 1493 vale
911 1458 1020 1502 dicto,
1041 1458 1192 1492 moritur
1209 1458 1342 1492 Elnone
1359 1465 1394 1492 et
1407 1471 1519 1505 usque
1534 1472 1630 1494 nunc

118 1530 191 1553 non
214 1518 328 1552 solum
351 1519 578 1564 incorruptus
602 1523 739 1560 manet,
764 1516 826 1551 sed
856 1517 960 1550 etiam
983 1516 1182 1550 attonsione
1205 1515 1341 1564 indiget
1364 1523 1399 1550 et
1422 1518 1631 1565 sanguinem

119 1577 248 1611 incisus
264 1575 420 1623 profluit.
439 1577 550 1622 Hujus
564 1576 717 1610 animam
733 1576 768 1609 in
782 1576 858 1621 ipsa
872 1575 1038 1608 transitus
1053 1574 1140 1608 hora
1155 1575 1199 1608 ab
1213 1575 1345 1622 angelis
1358 1574 1403 1608 ad
1418 1576 1533 1609 coelos
1548 1576 1631 1610 ferri

118 1634 206 1669 vidit
225 1635 323 1684 virgo
337 1635 404 1670 deo
418 1635 525 1683 digna
540 1633 775 1682 AldegundiS,
797 1640 903 1680 atque
918 1645 999 1667 mox
1015 1633 1127 1666 sorori
1141 1645 1224 1666 suae
1238 1632 1462 1667 Waldetrudi
1478 1640 1513 1668 et
1527 1634 1630 1668 beato

120 1692 260 1728 Gisleno
274 1694 472 1728 convocatis
490 1693 658 1727 visionem
679 1692 829 1738 aperuit.
844 1693 945 1725 Anno
961 1690 1143 1725 DCLXVH
1157 1718 1166 1734 ,
1188 1690 1383 1724 Clodoveus
1401 1703 1461 1725 rex
1479 1693 1631 1727 Franco-

120 1810 300 1849 Christum
325 1810 527 1854 Gertrudjs,
556 1811 655 1858 virgo
682 1809 897 1845 Nivellensis.
919 1808 1015 1842 Vidit
1039 1815 1157 1842 autem
1182 1808 1306 1842 beatus
1330 1808 1497 1853 Ultanus,
1523 1810 1631 1844 frater

121 1870 232 1905 sancti
249 1869 412 1913 Foillani,
437 1868 623 1903 ductorem
645 1868 781 1902 animae
799 1868 920 1901 beatae
940 1865 1123 1901 Gertrudis
1145 1866 1289 1914 virgims
1308 1866 1447 1901 affuisse
1469 1875 1631 1903 sanctum

121 1928 326 1963 Patricium.
345 1927 486 1962 Haecin
504 1928 579 1974 ipsa
594 1927 706 1960 exitus
723 1927 811 1960 hora
830 1926 988 1960 Treveris
1007 1931 1145 1959 sanctae
1163 1924 1342 1959 Modestae
1359 1926 1503 1960 moniali
1521 1939 1632 1974 appa-

122 1987 214 2030 ruit,
234 1999 343 2034 quam
361 1986 508 2034 quidem
527 1986 631 2020 nimis
649 1985 817 2020 dilexerat
834 1985 922 2019 facie
942 1991 1059 2018 tamen
1081 1984 1310 2032 incognitam.
1333 1983 1482 2019 Sanctus
1500 1986 1632 2034 Eligius

122 2046 256 2092 quievit
268 2046 304 2079 in
319 2045 456 2080 Christo
471 2046 507 2079 in
524 2046 625 2079 initio
640 2045 738 2093 regni
755 2044 910 2078 Lotharii
921 2070 929 2086 ,
945 2043 1046 2089 cujus
1059 2043 1127 2077 fuit
1139 2043 1252 2089 major
1265 2042 1392 2077 domus
1407 2051 1487 2090 post
1500 2044 1632 2079 Ercha-

124 2103 293 2138 noaldum
312 2104 485 2138 Ebroinus
508 2104 564 2137 ille
586 2104 835 2150 nequissimus.
858 2101 1046 2146 Bathildis,
1066 2108 1179 2136 mater
1201 2101 1313 2150 regis,
1339 2101 1521 2136 Coi-beiam
1545 2115 1632 2137 con-

123 2163 248 2197 stituit.
265 2161 413 2197 Sanctus
428 2163 636 2196 Lambertus
650 2162 845 2196 monachus
858 2160 1020 2195 efficitur.
1038 2161 1091 2194 Ab
1106 2161 1191 2195 hinc
1204 2173 1304 2209 reges
1321 2161 1484 2195 Franciae
1498 2174 1517 2195 a
1531 2162 1632 2196 solita

123 2220 332 2256 fortitudine
349 2220 621 2269 degenerantes,
643 2219 813 2254 desidiam
832 2226 866 2253 et
888 2220 1057 2265 ineptiam
1075 2226 1247 2253 sectantes
1261 2246 1270 2263 ,
1291 2219 1484 2265 majoribus
1502 2219 1631 2255 domus

124 2280 224 2329 regni
233 2279 474 2327 gubernacula
487 2278 772 2321 committebant,
789 2284 908 2311 tamen
918 2277 1085 2311 conviviis
1099 2284 1134 2311 et
1146 2277 1416 2311 salutationibus
1426 2278 1490 2324 ipsi
1504 2278 1628 2313 dediti.

173 2339 274 2373 Anno
288 2337 465 2380 DCLXIV,
482 2336 731 2371 Constantinus
745 2337 949 2381 imperator,
961 2347 1043 2369 cum
1054 2335 1294 2369 Theodosium
1307 2336 1452 2370 fratrem
1462 2349 1567 2371 suum
1576 2349 1632 2372 oc-

125 2397 278 2441 cidisset,
289 2396 424 2430 ltaliam
434 2402 556 2442 petens
566 2396 713 2429 Romam
729 2395 836 2438 venit,
852 2401 887 2428 et
900 2394 1017 2428 omnia
1027 2406 1117 2440 quae
1130 2394 1175 2428 ad
1189 2401 1353 2428 ornatum
1365 2395 1512 2429 civitatis
1521 2397 1632 2441 perti—

125 2456 277 2498 nebant,
296 2466 387 2501 quae
406 2453 593 2488 corrodere
610 2453 726 2499 potuit
743 2452 923 2486 abstraxit.
941 2452 1088 2492 Sanctus
1102 2451 1288 2496 Nivardus,
1306 2452 1485 2487 Remensis
1499 2454 1632 2488 archie-

125 2514 289 2561 piscopus
301 2539 310 2556 ,
334 2512 453 2546 claret.
480 2512 553 2546 Hoc
570 2518 730 2558 tempore
749 2510 795 2545 ad
814 2510 992 2545 Christum
1010 2510 1252 2558 migraverunt
1273 2517 1414 2546 sanctus
1431 2512 1630 2556 Bertulfus,
