2118 3184
556 423 780 459 CHROMCA
811 421 1134 457 't'olzNV-xessxsts.
1528 421 1596 455 2519

95 533 187 565 enin]
213 532 393 566 historiam
413 533 502 566 vitae
523 533 615 577 ejuS.
638 533 832 577 reperimus
851 530 946 576 quod
961 558 969 564 .
994 542 1074 564 cum
1096 531 1204 576 pietas
1221 529 1337 563 divina
1360 529 1460 563 vellet
1481 540 1561 561 eum
1581 541 1597 561 a

94 590 212 624 labore
227 592 315 624 vitae
331 591 436 637 liujus
450 592 629 636 quiescere
645 596 679 622 et
693 602 837 623 snorum
854 602 1001 635 operum
1021 595 1263 622 remunerator
1277 600 1367 631 esse,
1385 587 1504 634 paucis
1523 586 1600 620 die-

95 648 161 681 bus
175 655 363 695 antequam
379 648 422 682 ad
441 655 593 682 extrema
619 648 835 693 perveniret.
862 648 966 680 febris
985 646 1210 680 incommodo
1231 653 1344 680 tactus
1365 646 1428 687 sitg
1444 645 1505 692 qui
1527 645 1600 679 No-

95 707 200 740 viouii
218 708 408 750 recubam&
431 720 515 754 grex
533 707 598 740 sibi
617 707 842 748 commissus.¹
864 708 919 740 cui
935 718 1073 751 semper
1093 706 1224 739 monita
1239 705 1390 738 salubria
1409 704 1597 738 tradiderat

97 777 185 811 pene
205 766 387 799 universus
405 765 449 799 ad
475 778 557 799 euni
578 765 781 807 confluxu&
805 771 902 797 tanto
920 776 992 797 esse
1015 764 1207 809 praesentia
1230 764 1305 809 ejus
1324 763 1541 809 requirentes
1562 775 1600 796 ac

95 822 337 857 exhortatione
361 824 517 857 roborari
538 823 736 869 cupientes,
761 829 894 868 quanto
921 823 1050 856 certius
1071 822 1280 855 amissurum
1303 834 1375 855 esse
1397 822 1598 855 cernebant.

97 881 192 915 luter
208 894 267 915 eos
287 894 367 915 vero
384 883 444 928 qui
461 889 693 916 convenerant
718 881 928 915 Baldoredus
944 894 1048 927 snpra
1064 881 1282 923 nominatus7
1301 880 1432 914 dicitur
1448 880 1598 913 affuisse.

97 939 211 980 Quem
229 940 348 973 videns
366 941 488 974 beatus
508 941 658 988 liligius7
683 941 807 985 spiritu
824 940 1016 986 prophetae
1035 940 1205 984 repletus„
1229 939 1408 985 praecepit
1427 939 1475 978 eiq
1497 951 1540 971 ne
1559 937 1602 972 ad

97 1010 178 1032 suos
198 998 349 1032 Turonis
374 998 516 1032 rediret.
542 998 648 1039 Quod
674 999 699 1031 si
722 997 805 1031 illud
834 998 899 1030 iter
931 998 1022 1031 ultro
1046 997 1199 1042 arripere
1221 997 1406 1040 voluisset2
1436 997 1538 1030 sciret
1568 1010 1603 1030 se

97 1057 241 1090 minime
260 1069 495 1091 reversurum.
518 1056 622 1097 Quod
640 1063 757 1102 postea
777 1057 824 1089 rei
846 1056 1007 1102 probavit
1028 1062 1190 1098 eventus7
1212 1056 1286 1089 viro
1305 1068 1456 1101 namque
1476 1055 1603 1089 liuma-

99 1116 151 1149 nis
174 1116 278 1149 rebus
297 1123 479 1161 exempto.
503 1115 546 1149 ad
570 1114 785 1161 praedictam
807 1115 930 1147 urbem
955 1115 1028 1147 sine
1052 1114 1274 1148 cunctamine
1297 1113 1411 1147 rediit.
1435 1113 1514 1154 Quo
1534 1126 1602 1147 nou

99 1173 210 1207 multo
230 1181 307 1219 post
331 1187 349 1207 a
374 1174 477 1207 turba
502 1174 728 1207 vehementer
755 1185 856 1206 caeso
882 1179 914 1206 et
943 1173 1171 1218 interemth
1206 1171 1339 1205 tardius
1364 1171 1460 1218 quod
1483 1172 1604 1205 debuit

101 1231 233 1265 monita
253 1232 343 1265 beati
363 1232 426 1264 xiri
446 1231 636 1279 neglexisse
662 1231 848 1276 poenituit.
876 1230 1025 1262 Nomina
1046 1230 1272 1262 Turonorum
1291 1229 1360 1263 hoc
1382 1230 1418 1262 in
1442 1230 1517 1263 loco
1540 1243 1606 1275 po-

98 1290 163 1323 sita
181 1301 254 1323 esse
275 1289 419 1336 quidam
444 1290 642 1323 existimant
661 1301 725 1334 pro
750 1288 1025 1323 nominatissima
1049 1288 1233 1333 metropoli
1251 1287 1458 1331 GalliarunL¹
1481 1289 1516 1321 in
1536 1301 1604 1335 qua

99 1348 222 1381 beatus
241 1347 410 1381 Martinus
432 1348 722 1393 metropolitanus
745 1347 829 1390 fuit,
854 1347 1091 1379 existimantes
1111 1346 1273 1379 abbatem
1287 1373 1295 1388 a
1321 1345 1365 1379 de
1385 1346 1440 1379 illa
1465 1347 1606 1394 regione

99 1406 325 1453 progenitum
337 1432 345 1448 ·,
363 1417 466 1439 causa
481 1406 777 1451 propinquiorum
793 1416 938 1437 suorum
956 1404 1092 1449 saepius
1111 1404 1198 1436 fines
1212 1403 1286 1437 illos
1305 1403 1452 1437 invisere
1466 1405 1607 1438 solitum

100 1464 206 1498 fuisse
218 1490 227 1507 7
247 1463 308 1497 sed
327 1476 346 1497 a
365 1464 468 1497 beato
486 1464 597 1512 Eligio
620 1462 848 1496 interdictum
877 1474 969 1505 esse7
991 1474 1035 1495 ne
1053 1462 1203 1508 amplius
1221 1462 1332 1509 gratia
1353 1463 1609 1511 consaguineo-

101 1535 179 1556 rum
202 1523 284 1556 illuc
308 1529 459 1557 tentaret
482 1522 672 1556 retrahere.
702 1522 772 1556 Nos
796 1534 879 1555 vero
906 1521 1074 1554 relatione
1100 1527 1244 1566 paterna
1266 1520 1455 1555 didicimus
1480 1534 1608 1555 nomeu

102 1582 304 1616 Turnorum
319 1608 327 1620 2
348 1582 409 1628 qui
430 1594 449 1615 a
464 1581 634 1629 progenie
653 1581 763 1614 Turni
779 1580 870 1628 regis
888 1573 1114 1613 descendant.
1136 1579 1199 1613 Hic
1220 1579 1264 1613 ad
1283 1579 1531 1613 debellandum
1546 1580 1610 1613 Ju-

103 1641 189 1674 lium
215 1640 396 1674 Caesarem
423 1641 459 1673 in
480 1640 640 1673 Tornaco
666 1652 725 1672 rex
752 1639 986 1681 constitutus,
1011 1638 1090 1684 quis
1117 1638 1271 1683 qualisve
1297 1638 1404 1671 fuerit
1429 1638 1609 1684 superiora

101 1699 208 1745 hujus
227 1699 342 1745 operis
360 1699 517 1746 relegens
536 1698 646 1731 lector
669 1697 834 1731 inveniet.
855 1696 962 1741 Cujus
991 1696 1175 1743 progenies
1194 1695 1313 1729 relicta
1334 1696 1449 1729 fuerat
1465 1696 1498 1729 in
1521 1696 1609 1729 Tor—

103 1769 209 1802 naco⁷
230 1758 384 1792 obeunte
399 1758 501 1791 beato
516 1757 642 1805 Eligio,
661 1756 820 1790 nondum
835 1755 1033 1789 christianis
1046 1754 1182 1802 legibus
1195 1754 1349 1798 imbuta,
1370 1754 1431 1788 sed
1446 1755 1611 1788 omnibus

102 1816 340 1850 excultoribus
355 1815 454 1849 valde
468 1815 611 1857 infest33
631 1815 714 1861 quia
733 1814 923 1847 manebant
940 1824 1040 1846 secus
1059 1812 1238 1845 ecclesiam
1254 1813 1298 1845 ab
1317 1812 1392 1858 ipso
1407 1819 1526 1846 sancto
1548 1813 1611 1846 Eli-

103 1875 163 1923 gio
181 1880 419 1909 constructam
444 1874 481 1907 in
508 1874 604 1916 vico7
626 1873 688 1920 qui
712 1885 753 1906 ex
780 1872 922 1905 nominc
944 1882 1066 1903 eorum
1086 1882 1198 1916 usque
1220 1871 1256 1903 in
1279 1877 1498 1916 praesentem
1518 1871 1610 1905 diem

103 1933 131 1966 T
134 1933 262 1967 huram
283 1939 522 1978 nuncupatur.
545 1931 730 1966 Interdixit
756 1930 874 1964 abbati
898 1942 941 1962 ne
959 1928 1056 1974 apud
1077 1929 1201 1962 fratres
1223 1941 1304 1962 suos
1327 1930 1389 1975 qui
1407 1930 1498 1963 inter
1518 1930 1611 1963 Tur-

104 2003 167 2025 nos
198 1992 469 2026 commanebant
498 1990 653 2034 rediret,
687 2002 799 2036 quum
828 2001 892 2035 pro
929 1988 1118 2021 assertione
1146 2000 1248 2021 verae
1280 1987 1362 2021 fidei
1397 1988 1611 2022 occidendus

104 2057 194 2085 esset
214 2051 260 2090 ab
286 2050 347 2084 eis.
377 2049 483 2091 Quod
503 2056 537 2083 et
562 2050 694 2083 factum
714 2054 784 2089 est,
816 2053 855 2080 ut
883 2046 1140 2092 praemisimus.
1172 2046 1231 2079 His
1258 2047 1376 2092 itaque
1404 2047 1611 2080 testimoniis

105 2110 312 2155 assumptisf
335 2120 426 2155 quae
451 2115 512 2142 aut
530 2108 668 2153 scriptis
693 2113 755 2140 aut
780 2105 1058 2139 successionibus
1082 2106 1328 2152 cognovimus,
1349 2104 1499 2139 fidenter
1520 2106 1613 2139 anti-

107 2168 229 2214 quitus
255 2167 351 2201 hunc
380 2168 496 2201 locum
529 2166 707 2200 abbatiam
739 2165 845 2198 fuisse
879 2164 1141 2197 confirmamus.
1179 2163 1302 2209 Neque
1333 2170 1404 2197 tam
1436 2164 1611 2210 praeclara

109 2226 308 2260 testimonia
334 2226 494 2271 superius
520 2225 628 2258 relata
650 2225 685 2257 in
707 2236 836 2257 vanum
856 2234 968 2268 usque
994 2222 1029 2255 in
1053 2228 1270 2267 praesentem
1296 2221 1388 2255 diem
1411 2229 1613 2256 conservata

109 2285 272 2328 fuissent7
289 2296 494 2330 quanquam
510 2283 739 2329 profiteamur
754 2294 824 2315 non
839 2282 957 2314 omnia
975 2281 1119 2314 notitiae
1136 2287 1274 2314 nostrae
1288 2282 1498 2323 occurrisse;
1519 2281 1611 2315 idem

109 2355 192 2377 vero
206 2349 330 2377 auctor
339 2348 458 2376 noster
470 2342 593 2375 beatus
607 2340 737 2388 Eligius
747 2367 755 2383 7
773 2340 859 2373 utin
875 2339 979 2386 gestis
992 2339 1066 2384 ejus
1081 2339 1207 2386 legitur
1220 2339 1323 2372 simili
1334 2339 1453 2383 modo,
1471 2339 1506 2373 in
1521 2352 1612 2388 pago

111 2400 350 2436 Medenatensi
382 2399 564 2444 municipii
597 2398 827 2432 Tornacensis
844 2424 852 2440 .,
885 2396 982 2443 quod
1014 2403 1159 2430 vocatur
1193 2396 1394 2441 Siclinium,
1428 2398 1614 2432 tumulavit

107 2460 251 2494 beatum
267 2459 448 2492 Piatonem
463 2464 653 2503 martyrem
664 2483 673 2500 ,‚
691 2456 869 2490 ecclesiam
881 2455 953 2500 jam
973 2467 992 2488 a
1010 2455 1168 2501 passione
1183 2455 1340 2501 ejusdem
1357 2457 1519 2502 martyris
1533 2468 1613 2490 con-

108 2525 275 2553 structam
289 2545 298 2562 ,
314 2518 414 2564 juxta
436 2516 638 2551 facultatem
661 2516 787 2549 virium
807 2527 949 2548 suarum
969 2514 1207 2560 amplificans,
1230 2515 1290 2548 Dei
1309 2527 1344 2548 se
1361 2515 1613 2562 omnipotentis
