2137 3131
481 370 551 404 -496
821 365 997 402 CORPUS
1023 363 1354 399 CHRONICORUM
1383 364 1647 399 FLANDRIAE.

478 480 564 512 scire
580 477 747 522 comperi.
766 474 918 520 ideoque
932 473 1104 518 deprecor
1118 479 1154 505 ut
1171 472 1273 506 castis
1288 471 1449 506 manibus
1464 473 1533 506 tuis
1547 480 1788 518 praeparetur.
1802 474 1892 508 Jube
1907 486 1991 523 ergo

478 538 569 570 fores
590 546 757 576 reserare.
781 540 819 566 ut
837 532 881 566 ad
900 539 933 565 te
948 543 1095 579 pergere
1109 531 1240 564 valeam
1252 558 1260 573 7
1279 537 1314 564 et
1327 530 1415 577 quid
1434 531 1549 577 operis
1567 531 1612 565 de
1626 532 1736 566 serico
1752 532 1865 566 facere
1880 534 1992 578 possi-

478 607 555 628 mus
574 592 677 626 simul
697 591 937 637 inspiciamus.
964 589 1024 622 llla
1049 588 1310 636 gratulabunda
1332 589 1455 623 effecta
1481 589 1524 623 de
1548 590 1744 624 visitatione
1765 590 1941 636 pontificis
1958 597 1994 625 et

476 652 574 685 dolos
593 662 682 696 quos
702 649 972 682 machinabatur
991 659 1135 693 prorsus
1154 647 1333 694 ignorans7
1355 648 1525 681 continuo
1543 648 1630 681 ostia
1647 648 1841 693 patefacere
1856 660 1994 694 praece-

476 710 524 755 pit
540 736 547 741 .
570 709 714 754 ipsaque
733 708 763 741 ei
783 707 921 740 obviam
942 706 1109 752 processit
1123 711 1157 738 et
1177 718 1288 751 usque
1303 705 1347 739 ad
1364 705 1558 739 thalamum
1578 718 1681 740 suum
1696 706 1894 752 perducens
1909 719 1992 740 eum

477 766 661 801 comedere
680 767 774 800 fecit.
801 765 962 811 Cumque
981 763 1186 811 aliquandiu
1210 771 1336 798 mutuo
1359 765 1581 798 sermocinati
1601 772 1715 799 essent
1728 793 1736 807 ,
1760 765 1880 799 videns
1897 765 1991 812 epis-

475 838 583 872 eopus
603 825 770 858 familiam
791 836 890 858 suam
910 829 1181 871 congregatam.
1203 829 1411 868 apparatum
1426 822 1471 856 ad
1485 823 1763 857 subvertendum
1779 824 1968 858 habentem
1979 850 1988 866 ,

476 898 565 931 quae
581 885 693 917 facere
707 883 941 929 disposuerat.
958 882 1135 928 apparuit7
1153 880 1272 915 dicens
1290 894 1296 914 :
1318 896 1335 911 «
1347 881 1415 914 Pro
1430 881 1614 915 calumniis
1623 888 1657 915 et
1672 882 1821 927 injuriis.
1839 894 1927 928 quas
1940 882 1993 915 vir

475 952 556 977 tuus
573 943 658 976 mihi
673 949 707 976 et
722 943 840 976 curiae
859 954 955 975 meae
973 948 1080 987 atque
1096 941 1231 974 civibus
1247 940 1372 974 erebro
1386 940 1523 974 intulit.
1543 947 1785 974 convenerunt
1802 941 1856 974 isti
1870 940 1992 974 adver-

476 1014 533 1035 sus
550 1002 641 1035 lianc
663 1013 777 1035 arcem
801 1008 840 1034 ut
859 1012 934 1033 eam
950 999 1117 1045 dejiciant
1135 1005 1334 1045 cunctaque
1349 999 1615 1046 propugnacula
1635 999 1710 1043 ejus
1726 999 1800 1033 solo
1818 1006 1987 1033 sternant.

475 1060 716 1100 Quamobrem
743 1058 969 1106 egrediamur
994 1057 1101 1091 illaesi
1125 1069 1189 1090 nec
1213 1069 1295 1090 cum
1319 1058 1394 1102 ejus
1421 1057 1531 1090 ruinis
1556 1057 1686 1102 pariter
1713 1058 1934 1091 involvamur
1958 1064 1994 1092 et

472 1130 669 1165 pereamus.
688 1133 705 1149 n
729 1118 789 1150 Illa
809 1117 849 1151 iis
869 1117 983 1150 verbis
1001 1116 1187 1162 perterrita
1206 1122 1237 1148 el
1258 1115 1353 1148 velut
1369 1115 1538 1148 exanimis
1556 1114 1679 1149 effecta
1695 1116 1730 1149 in
1745 1122 1837 1149 terra
1857 1128 1990 1162 procu-

474 1179 564 1212 buit.
590 1177 706 1218 Quam
731 1177 917 1222 episcopus
942 1174 1070 1209 blande
1093 1175 1276 1208 consolans
1294 1174 1482 1220 verbisque
1503 1175 1667 1208 suasoriis
1694 1176 1831 1208 tristem
1850 1174 1992 1208 demul-

474 1250 566 1271 cens.
587 1235 821 1282 apprehendit
836 1247 979 1268 manum
995 1235 1070 1279 ejus
1084 1234 1308 1279 educensque
1323 1246 1442 1267 secum
1459 1234 1605 1267 servavit
1623 1234 1787 1268 illaesam.
1810 1235 1853 1268 At
1868 1234 1991 1268 famuli

473 1295 627 1342 episcopi
647 1295 817 1328 continuo
831 1294 1110 1339 circumcunque
1125 1293 1243 1340 ignem
1258 1291 1470 1326 accendunt.
1489 1298 1616 1325 cuncta
1631 1292 1789 1326 aedificia
1806 1299 1987 1336 evertunt⁷

476 1354 655 1387 machinas
681 1351 725 1386 ad
745 1350 1023 1385 subvenemtum
1042 1350 1201 1396 undique
1222 1351 1423 1392 instruunt.
1450 1350 1656 1383 immensam
1675 1351 1749 1395 ejus
1767 1350 1991 1384 altitudinem

475 1413 548 1446 solo
568 1417 786 1457 coaequant.
808 1409 852 1443 de
871 1421 1011 1443 summo
1030 1408 1145 1454 lapide
1167 1420 1279 1454 usque
1299 1408 1343 1441 ad
1358 1409 1470 1441 imum
1485 1409 1751 1442 comminuunt.
1774 1408 1902 1443 deinde
1921 1408 1990 1443 do—

475 1483 573 1503 mum
590 1469 751 1503 redeunt.
771 1469 870 1509 Quae
884 1468 932 1501 sic
947 1480 1065 1501 eversa
1080 1479 1192 1513 usque
1212 1468 1247 1500 in
1264 1466 1478 1500 hodiernum
1494 1466 1588 1500 diem
1602 1468 1834 1501 inrestaurata
1849 1474 1968 1502 manet
1979 1495 1988 1510 .,

475 1529 573 1576 signa
590 1535 709 1561 tamen
728 1527 802 1572 ejus
817 1532 1005 1572 apparent7
1027 1538 1106 1559 saxa
1124 1526 1253 1559 scilicet
1269 1525 1438 1572 ingentia.
1458 1524 1588 1558 Audito
1608 1538 1692 1573 ergo
1712 1538 1771 1559 rex
1786 1526 1885 1572 quod
1903 1527 1991 1560 acci-

474 1587 589 1621 derat.
610 1587 836 1620 vehementer
850 1585 959 1618 iratus
973 1591 1023 1618 est
1034 1611 1042 1625 ·.
1060 1591 1094 1617 et
1109 1590 1231 1617 contra
1246 1584 1451 1629 episcopum
1467 1584 1528 1630 qui
1548 1582 1751 1617 fidelitatem
1768 1585 1798 1617 ei
1817 1584 1989 1627 debebat,

475 1645 519 1679 de
540 1644 740 1690 proditione
760 1643 888 1677 domus
908 1655 991 1676 suae
1014 1643 1185 1688 conqueri
1205 1642 1315 1687 ccpit7
1341 1642 1614 1676 satisfactionem
1634 1641 1844 1687 proditionis
1862 1644 1992 1689 apertis

474 1703 625 1750 querelis
650 1703 791 1750 exigens
808 1728 816 1745 7
847 1700 1044 1734 secundum
1067 1700 1245 1746 judicium
1274 1700 1487 1746 optimatum
1517 1712 1678 1734 suorum.
1707 1700 1867 1747 Cumque
1893 1702 1990 1735 curia

472 1763 564 1810 regis
578 1762 783 1808 episcopum
798 1759 1021 1793 Harduinum
1037 1760 1219 1793 occasione
1234 1758 1418 1804 cujusdam
1434 1759 1555 1800 turris.
1572 1759 1735 1792 Noviomi
1749 1760 1794 1793 ab
1809 1760 1886 1805 ipso
1901 1760 1990 1794 Har-

473 1821 583 1855 duino
603 1819 821 1854 destructae.
844 1817 888 1852 de
910 1830 1019 1865 regno
1041 1818 1252 1851 Francorum
1277 1818 1417 1863 penitus
1441 1817 1688 1863 expellendum
1714 1824 1748 1851 et
1767 1818 1910 1852 exilium
1928 1831 1991 1853 su-

474 1881 549 1913 bire
572 1878 746 1925 judicaret
759 1906 767 1921 ,Ι
790 1878 921 1911 veritus
939 1877 1197 1911 animositatem
1223 1877 1313 1924 regis
1332 1877 1515 1922 sciensque
1535 1877 1671 1909 nullum
1691 1877 1887 1922 principem
1911 1877 1990 1923 plus

473 1938 569 1984 apud
592 1950 710 1985 regem
741 1949 840 1983 posse
864 1949 972 1983 quam
996 1936 1161 1970 comitem
1182 1935 1447 1977 Flandrensen]7
1470 1935 1682 1969 Balduinum
1706 1936 1836 1970 scilicet
1855 1936 1990 1971 Barba-

473 2004 571 2039 tum7
594 1996 639 2030 ad
667 2008 748 2029 eum
775 1995 953 2043 confugit.
983 1995 1084 2040 cujus
1108 1995 1200 2028 filius
1224 1993 1418 2027 Balduinus
1436 1995 1509 2039 jam
1532 1994 1697 2038 juvenilis
1723 1994 1845 2028 aetatis
1866 1995 1989 2040 primis

474 2056 637 2102 auspiciis
657 2055 809 2101 pollens.
828 2053 990 2097 Adel-am.
1008 2054 1115 2087 filiam
1132 2053 1300 2099 praedicti
1316 2053 1425 2100 regis.
1448 2052 1578 2086 ducere
1596 2052 1748 2086 debebat
1766 2065 1926 2097 uxorem,
1948 2060 1990 2087 ut

473 2115 609 2149 dictum
628 2121 700 2157 est7
722 2114 856 2160 quique
875 2114 980 2147 etiam
999 2113 1181 2147 ecclesiam
1201 2112 1236 2146 S.
1264 2112 1356 2145 Petri
1376 2112 1410 2145 in
1430 2111 1563 2157 oppido
1579 2112 1750 2145 Insulensi
1769 2111 1986 2155 aedificavit⁷

472 2180 503 2207 et
525 2175 559 2207 in
585 2186 623 2207 ea
643 2174 830 2207 canonicos
854 2173 991 2218 posuit,
1019 2184 1126 2218 seque
1153 2171 1284 2205 ibidem
1307 2171 1445 2217 sepeliri
1467 2170 1657 2204 mandavit..
1686 2170 1833 2205 Causam
1858 2170 1990 2205 doloris

473 2234 525 2266 sui
550 2233 735 2278 episcopus
754 2230 850 2277 apud
873 2237 1068 2277 utrumque
1093 2231 1254 2276 exposuit
1267 2257 1275 2267 ,
1298 2241 1418 2275 preces
1433 2228 1525 2262 fudit
1545 2236 1585 2262 ut
1602 2228 1647 2262 de
1665 2230 1839 2274 praesenti
1862 2229 1988 2264 discri-

474 2292 567 2325 mine
581 2304 663 2325 eum
678 2291 845 2329 liberent.
863 2297 898 2324 et
916 2291 1003 2324 iram
1019 2290 1123 2338 regis„
1141 2302 1232 2336 quae
1242 2290 1336 2335 juste
1355 2289 1494 2322 exarsit.
1513 2289 1674 2336 mitigare
1687 2288 1874 2330 studeant3
1894 2288 1987 2323 dona

475 2351 650 2396 praeclara
670 2350 872 2395 pollicetur.
900 2350 927 2383 si
948 2350 1021 2397 regi
1044 2356 1079 2383 et
1101 2349 1246 2395 proprio
1272 2349 1346 2382 solo
1367 2360 1449 2381 eum
1478 2347 1743 2381 reconciliatum
1766 2346 1987 2381 reddiderint

473 2408 710 2454 effectumque
727 2409 906 2454 petitionis
926 2408 1084 2442 celeriter
1106 2414 1316 2442 consecutus
1340 2408 1458 2440 fuerit.
1482 2406 1686 2440 sciscitante
1706 2418 1788 2440 vero
1806 2406 1934 2439 comite
1951 2412 1987 2440 et

473 2467 730 2513 interrogante.
753 2479 843 2512 quae
867 2473 956 2500 esset
978 2467 1254 2512 recompensatio
1273 2466 1412 2500 talionis
1432 2478 1496 2511 pro
1520 2466 1692 2513 legatione
1719 2464 1826 2509 hujus
1852 2465 1983 2512 negotii
