2118 3184
748 379 1040 415 APPENDICES.
1318 384 1321 388 ”
1586 383 1652 417 861

133 495 186 522 que
194 487 368 513 donationem
381 488 538 523 praedictus
549 488 597 519 M„
607 487 754 524 presbyter
762 509 768 520 ‚
781 497 843 515 cum
856 489 881 514 in
893 489 1022 515 extremis
1031 493 1125 525 ageret
1136 493 1162 515 et
1174 489 1330 516 memoriam
1341 498 1417 516 suam
1426 489 1552 521 haberet,
1562 499 1652 516 coram

134 533 261 569 pluribus
275 535 402 561 fidelibus
419 536 466 571 qui
481 540 640 571 praesentes
657 534 787 566 aderant,
807 537 967 571 recognovit
986 546 1000 562 a
1014 545 1043 562 se
1062 535 1159 562 saetam
1173 557 1179 567 ,
1196 537 1266 563 sicut
1284 537 1411 572 superius
1425 542 1467 563 est
1483 546 1651 572 expressum.

136 581 220 607 Porro
235 581 268 607 de
284 586 433 608 memorato
449 582 547 608 abbate
562 581 596 608 de
610 581 676 608 lnda
694 581 801 617 plenam
817 582 944 609 fiduciam
959 583 1115 610 obtinentes
1127 582 1160 608 ad
1175 582 1226 610 hoc
1239 604 1246 614 ,
1265 588 1296 609 ut
1307 584 1444 611 credimus
1454 605 1461 614 ,
1475 584 1652 611 inducemus.

132 628 207 664 quod
218 628 384 663 praedictam
397 628 571 654 donationem
585 633 671 654 ratam
687 627 799 654 habebit
809 650 815 659 ,
829 635 856 655 et
871 630 1011 665 praedicta
1022 629 1134 655 eeclesia
1146 630 1322 657 §inivensise
1331 640 1464 657 converso
1476 631 1549 658 dicto
1562 632 1654 658 abbati

133 676 167 702 de
181 677 246 709 jure
261 685 311 702 suo
329 675 478 702 secundum
493 675 636 701 consilium
654 681 778 702 nostrum
793 677 941 703 satisfaciet
955 683 982 704 et
1000 677 1033 703 ad
1047 677 1191 703 arbitrium
1206 677 1366 704 voluntatis.
1383 679 1482 714 Nequis
1495 688 1561 705 vero
1578 689 1656 715 prae-

129 723 218 749 dictae
229 723 368 749 donationi
379 732 407 749 se
419 732 559 758 opponere
567 728 739 758 praesumat,
752 730 911 759 praesentes
925 725 1030 752 litteras
1047 724 1127 760 sigilli
1139 725 1190 751 mei
1201 727 1369 761 appensione
1381 726 1406 752 in
1419 726 1558 762 praefatae
1568 727 1653 753 dona—

131 770 212 796 tionis
233 770 416 796 testimonium
434 770 560 796 duximus
577 770 785 806 consignandas.
807 771 905 798 Datum
925 771 993 798 seria
1012 772 1132 799 secunda
1150 777 1212 807 post
1231 773 1416 799 ascensionem
1433 773 1539 800 Domini
1553 795 1559 805 ,
1581 783 1652 800 anno

131 817 236 853 gratiae
247 816 412 843 ttccxxlx.

1180 867 1312 891 cartulaire
1322 867 1351 890 de
1363 867 1470 891 Malines.

854 929 915 940 ΙΙ

841 1127 936 1161 CLV.

132 1233 318 1267 plusieurs
331 1233 519 1267 chanoines
531 1233 572 1266 de
583 1232 762 1267 Moerbeke
775 1237 1041 1268 reconnaztssent
1051 1237 1152 1268 avoir
1164 1235 1281 1268 venda
1294 1233 1317 1268 ιὶ
1329 1234 1450 1268 Henri
1459 1235 1500 1267 <le
1514 1234 1651 1268 N2³nove

425 1304 474 1324 nn
484 1290 643 1336 Journal
664 1291 705 1325 de
724 1294 867 1338 prairie
887 1290 911 1326 ὰ
936 1291 1132 1327 Νοιίθνωίσ.
1156 1314 1199 1319 —
1215 1292 1353 1327 Nmove.

761 1477 778 1498 Α
794 1475 928 1505 Meerheke,
943 1475 1016 1499 1229.

166 1547 307 1574 lohannes
320 1547 440 1583 Sygerns
451 1568 457 1575 .
471 1547 630 1589 scolasticus
641 1568 648 1579 ,
665 1547 799 1574 Hem-icus
809 1568 816 1579 ‚
835 1547 970 1582 plebanus
981 1568 988 1577 ,
1009 1552 1037 1574 et
1053 1548 1187 1574 Henricns
1200 1548 1234 1574 de
1250 1547 1344 1574 Pollur
1358 1569 1365 1580 ‚
1384 1550 1507 1574 canonici
1521 1549 1650 1575 ecclesia«-

127 1595 162 1622 de
175 1595 318 1621 Merbecca
328 1615 335 1627 ‚
352 1594 487 1620 universis
501 1599 659 1629 praesentes
672 1594 777 1620 litteras
788 1594 970 1629 inspecturis,
986 1594 1102 1621 salutem
1117 1595 1144 1620 in
1156 1594 1282 1621 Domino.
1300 1594 1478 1621 Universitati
1492 1600 1600 1622 vestrae
1611 1601 1650 1622 te-

128 1651 196 1668 nore
215 1642 400 1677 praesentium
418 1641 581 1673 innotescat,
599 1641 674 1676 quod
695 1651 756 1667 eum
775 1650 861 1667 unum
880 1641 1024 1668 dietarium
1041 1643 1113 1677 prati
1126 1642 1291 1668 haberemus
1305 1643 1496 1675 communiter,
1518 1644 1600 1669 situm
1622 1645 1648 1669 in

127 1688 259 1725 parochia
276 1688 310 1714 de
326 1688 420 1714 Ninive
436 1687 510 1723 apud
524 1685 677 1722 Nederwz'c,
694 1688 764 1714 idem
781 1693 906 1723 pratum,
926 1697 988 1714 eum
1001 1694 1074 1715 esset
1092 1689 1211 1715 liberum
1229 1688 1359 1714 allodium
1373 1693 1497 1715 nostrum
1508 1710 1515 1721 7
1532 1690 1649 1717 Hem-ico

127 1735 265 1772 oppidano
273 1735 307 1761 de
316 1735 410 1761 Ninive
421 1734 476 1761 silio
489 1735 627 1761 Michaelis
637 1735 755 1771 legitime
765 1735 949 1767 vendidimus⁷
962 1736 1135 1762 intendentes
1144 1736 1271 1762 denarios
1280 1737 1306 1762 in
1316 1737 1435 1772 pretium
1446 1737 1569 1771 ejusdem
1577 1740 1649 1773 prati

127 1784 161 1810 ab
175 1783 294 1810 Hem-ico
303 1787 428 1818 receptos
439 1787 601 1809 convertere
612 1788 639 1809 et
653 1783 791 1819 assignare
799 1783 826 1808 in
837 1782 967 1809 ecclesiae
978 1788 1088 1810 nostrae
1099 1784 1186 1818 majus
1198 1783 1370 1809 commodum
1381 1789 1408 1810 et
1422 1785 1550 1818 majorem
1565 1785 1646 1812 etiam

125 1831 272 1858 utilitatem
288 1839 294 1857 ε
309 1830 443 1866 siquidem
460 1830 579 1856 denariis
595 1830 761 1866 supradietis
780 1831 893 1857 emimus
907 1830 941 1856 ad
955 1840 1098 1858 commune
1112 1840 1182 1866 opus
1197 1835 1321 1857 nostrum
1339 1836 1366 1857 et
1381 1840 1570 1858 suceessorum
1585 1841 1648 1858 nos-

127 1883 234 1904 trorum
260 1878 455 1904 canonicorum
471 1877 705 1904 Merbeecensium
723 1878 775 1903 tria
791 1877 906 1904 dietaria
927 1883 1016 1904 terrae
1031 1899 1038 1910 ‚
1063 1888 1182 1914 quorum
1206 1888 1292 1904 unum
1312 1878 1456 1905 dietarium
1479 1880 1554 1913 jacet
1574 1881 1647 1915 apud

127 1924 248 1952 Scalkem
258 1946 265 1956 ‚
286 1924 393 1960 reliqua
409 1934 475 1951 vero
489 1924 544 1951 duo
558 1925 610 1951 sita
620 1930 685 1951 sunt
698 1925 772 1961 apud
791 1925 903 1951 Elsbeca
914 1946 920 1958 a
935 1926 962 1951 in
979 1925 1108 1960 parochia
1122 1925 1318 1952 Merbeccensi.
1338 1926 1374 1952 Ut
1386 1931 1476 1952 autem
1492 1926 1649 1961 praedictus

111 1978 117 1990 '¹
127 1973 263 1999 Hem-icus
272 1978 449 1999 memoratum
462 1973 608 1999 dietarium
620 1973 708 2008 prati,
723 1972 797 2008 quod
811 1982 876 2009 erga
887 1982 948 2004 nos,
967 1973 1037 1999 sicut
1050 1973 1153 1999 dictum
1168 1979 1219 2005 est,
1238 1973 1302 1999 emit
1313 1973 1443 2009 legitime,
1454 1973 1540 1999 libere
1553 1979 1580 2000 et
1591 1974 1649 1999 sin(-

127 2020 344 2047 contradictione
354 2041 361 2053 ,
377 2025 404 2046 et
417 2021 488 2046 sicut
502 2020 620 2046 liberum
631 2020 761 2046 allodium
775 2030 855 2047 suum
870 2020 1007 2056 possideat
1025 2022 1052 2046 in
1067 2026 1232 2056 perpetuum
1243 2042 1250 2054 ,
1267 2022 1398 2057 seriptum
1411 2030 1539 2056 praesens
1555 2022 1580 2046 in
1596 2026 1650 2047 tes>

126 2067 269 2093 timonium
279 2067 361 2102 hujus
372 2072 530 2094 contractus
537 2067 678 2103 praedicto
689 2068 816 2099 Henrico,
830 2068 919 2104 sigillo
931 2068 1059 2094 ecclesiae
1069 2073 1179 2095 nostrae
1189 2069 1355 2095 contulimus
1366 2069 1537 2099 roboratum,
1552 2073 1648 2094 contra

129 2124 222 2141 omnes
235 2115 283 2150 qui
296 2115 382 2141 eidem
395 2115 429 2140 ll.
444 2124 528 2151 supra
541 2115 615 2141 dicto
626 2115 743 2141 dietario
755 2116 826 2151 prati
840 2116 968 2150 injuriam
983 2116 1086 2142 inferre
1100 2117 1267 2142 tentaverint
1280 2122 1306 2143 et
1318 2117 1373 2151 juri
1385 2125 1482 2151 parere
1495 2115 1644 2144 noluerint,

127 2167 288 2197 perpetuam
302 2166 330 2187 et
341 2161 490 2197 perfectam
502 2161 687 2188 svarandisiarn
700 2162 890 2197 promittentes
899 2162 997 2188 eidem.
1011 2162 1107 2189 Actum
1119 2163 1192 2198 apud
1206 2163 1371 2195 Merbecam‚
1388 2163 1414 2188 in
1428 2162 1495 2189 facie
1506 2162 1646 2195 ecclesiam

126 2209 193 2235 seria
207 2214 280 2235 sexta
295 2214 358 2235 ante
371 2208 468 2235 festum
485 2210 570 2235 sancti
583 2209 654 2235 Petri
669 2210 694 2236 in
710 2209 840 2236 cathedra
851 2230 858 2242 ,
875 2219 947 2235 anno
959 2211 1063 2245 gratiae
1080 2209 1244 2237 MCCXXIX.

1222 2277 1352 2300 Cartulaiw
1365 2277 1393 2299 de
1407 2277 1513 2300 Malines.

834 2349 897 2359 Η
