2118 3184
771 435 1059 473 APPENDICES.
1609 434 1680 470 953

160 558 270 576 censum
285 558 407 575 annuum
419 550 504 584 ipsam
519 547 745 574 concomitantem
757 555 818 571 cum
836 545 1009 580 pertinentiis
1021 544 1078 571 suis
1091 549 1119 569 et
1132 543 1259 577 juribus,
1273 552 1344 579 quae
1357 543 1390 569 de
1406 551 1448 569 me
1459 542 1568 569 tenebat
1585 543 1610 568 in
1623 542 1681 569 seo-

158 597 235 624 dum,
248 596 359 623 domino
369 596 461 621 abbati
473 596 499 621 in
511 594 657 621 conventui
667 593 824 619 monasterii
837 592 988 618 Simu-ensis
999 591 1118 617 vendere
1131 590 1279 623 voluisset,
1291 595 1318 616 et
1330 590 1412 616 banni
1426 599 1510 626 super
1523 589 1680 624 hujusmodi

160 645 295 670 bonorum
310 643 466 669 venditione
477 663 484 673 ,
500 646 583 677 prout
594 641 667 674 juris
681 644 722 666 est
733 660 739 671 ‚
753 639 779 665 iu
795 638 909 665 ecclesia
923 639 958 665 de
975 638 1058 664 outre
1072 637 1232 673 proclamati
1245 637 1359 663 fuissent
1369 658 1376 667 ,,
1393 637 1483 663 dictus
1499 637 1627 673 magister
1646 636 1678 662 G.

159 691 193 717 ad
207 700 250 717 me
263 691 375 716 accessit
392 699 490 725 meque
508 690 640 715 attentius
658 688 779 714 exoravit
790 707 796 715 .
816 687 890 722 quod
907 696 958 722 ego
975 686 1030 721 pati
1048 685 1143 711 vellem
1157 685 1249 720 quod,
1265 690 1354 710 amota
1368 685 1502 711 servitute
1520 693 1569 710 seu
1587 685 1681 710 condi-

160 739 233 764 tione
249 737 362 769 feodali,
382 736 521 772 praedicta
537 736 608 762 bona
621 735 655 761 ad
670 735 772 760 dictum
789 739 983 760 monasterium
998 733 1050 759 sub
1063 732 1246 758 haereditaria
1261 732 1431 767 possessione
1449 731 1678 758 transferrentur.

158 786 215 822 Ego
230 786 315 822 igitur
324 785 358 811 ad
369 785 489 810 savorem
502 784 566 810 dicti
582 783 753 815 monasterii,
769 783 871 808 dictum
886 782 1044 817 magistrum
1057 780 1088 806 G.
1099 779 1261 812 exaudiens,
1276 779 1302 805 in
1315 779 1470 815 praemissis
1484 788 1533 814 per
1543 779 1678 813 judicium

163 833 302 859 hominum
318 841 440 858 meorum
457 830 604 857 feudalium
617 839 709 856 coram
725 839 766 855 me
785 828 966 865 personaliter
981 827 1171 859 existentium,
1188 827 1264 862 prius
1277 836 1361 862 super
1374 826 1426 852 hoc
1443 836 1458 852 a
1473 836 1514 852 nie
1529 826 1581 852 rite
1596 827 1681 852 moni-

159 885 249 906 torum
259 900 266 911 ⁷
279 879 383 905 dictum
399 878 508 904 feodum
517 887 565 904 seu
575 878 647 903 dicta
657 877 727 903 bona
744 877 859 903 feudalia
871 876 905 903 de
920 885 999 901 manu
1016 875 1080 901 dicti
1100 874 1221 910 magistri
1236 874 1268 900 G.
1284 884 1345 900 cum
1358 873 1507 900 ell'estucali
1521 874 1681 909 werpitione

159 927 186 952 in
202 935 283 952 manu
299 935 358 952 mea
372 926 479 961 recepi,
491 930 518 951 et
534 934 566 951 ea
580 925 607 950 in
622 934 701 950 manu
716 924 830 950 Gerardi
845 923 879 949 de
888 923 1004 948 llonlaer
1014 920 1205 947 hallivimeiad
1217 920 1453 946 inhaeredandum
1465 920 1568 946 dictum
1578 930 1681 946 monas<

159 973 258 1000 terium
270 982 301 999 ex
313 978 391 1008 parte
405 982 464 999 mea
477 973 503 998 in
519 973 620 998 eisdem
633 972 711 998 bonis
726 971 864 1007 reportavi
874 992 880 1002 7
897 971 944 1005 qni
959 969 1076 996 ballivus
1087 968 1121 995 de
1136 968 1264 994 mandato
1278 977 1337 994 meo
1350 968 1543 1003 perjudicium
1557 968 1682 994 scabino-

160 1030 221 1047 rum
237 1030 361 1047 meorum
379 1021 412 1047 de
429 1019 524 1049 outre,
538 1020 845 1046 ‹lictummonasterium
859 1019 883 1044 in
897 1018 975 1044 dictis
987 1017 1065 1043 bonis
1076 1016 1196 1052 legitime
1210 1016 1398 1042 inhaeredavit
1409 1036 1416 1047 ‚
1432 1020 1458 1042 et
1473 1016 1500 1041 in
1516 1025 1568 1041 una
1586 1015 1681 1051 pechia

159 1073 250 1095 terrae
258 1068 377 1102 jacentis
389 1077 472 1103 snpra
487 1067 621 1093 vivarium
633 1067 668 1093 de
681 1067 764 1092 Outre
775 1087 783 1100 ‚
800 1075 870 1101 quae
887 1065 937 1091 suit
951 1064 1015 1090 dicti
1031 1064 1152 1099 magistri
1166 1063 1212 1095 G„
1225 1063 1278 1089 sub
1291 1072 1384 1089 annuo
1397 1072 1480 1089 censu
1495 1072 1541 1089 sex
1554 1063 1682 1090 denario-

159 1125 221 1142 rum
242 1115 439 1142 flandrensium
459 1114 524 1140 mihi
540 1119 567 1140 et
588 1114 793 1140 successoribus
814 1113 879 1139 meis
893 1112 1010 1139 dominis
1023 1111 1057 1137 de
1073 1110 1157 1137 Outre
1171 1111 1196 1136 in
1215 1115 1381 1146 perpetuum
1394 1110 1427 1136 ad
1443 1110 1533 1136 natale
1545 1110 1652 1137 Domini
1665 1121 1680 1136 a

157 1163 232 1190 dicto
245 1163 411 1189 monasterio
425 1161 629 1188 solvendorum.
645 1162 676 1188 Et
692 1161 840 1197 praemissa
853 1160 942 1186 omnia
957 1160 1026 1185 sacta
1041 1158 1169 1190 suerunt,
1186 1158 1256 1184 bene
1269 1163 1297 1184 et
1309 1157 1429 1193 legitime
1441 1157 1572 1184 adhibitis
1585 1158 1680 1184 solem-

160 1211 293 1237 nitatibus
306 1220 378 1246 quae
394 1210 546 1236 secundum
563 1209 650 1245 legem
667 1215 693 1235 et
708 1219 787 1235 usum
804 1209 909 1244 patriae
923 1208 948 1233 in
963 1206 1151 1233 consimilibus
1165 1206 1224 1232 fieri
1245 1205 1414 1231 debuerunt.
1433 1205 1560 1231 Homines
1579 1205 1679 1231 feodati

160 1258 211 1284 mei
225 1258 272 1293 qni
286 1257 474 1284 interfuerunt
490 1262 554 1284 sunt
570 1258 613 1284 isti
629 1267 636 1283 ε
657 1256 796 1282 Walterus
813 1255 848 1282 de
873 1253 1023 1281 Beuebrock
1036 1274 1044 1285 ‚
1068 1253 1202 1279 Henricus
1216 1252 1339 1284 ssailinc,
1358 1251 1488 1278 Ronchus
1502 1252 1536 1278 de
1558 1252 1677 1288 Asplar.

159 1304 270 1331 Colinus
283 1304 317 1331 dc
331 1305 464 1331 Bochoule
475 1310 501 1331 et
515 1305 614 1331 Petrus
622 1304 751 1330 decanus.
763 1303 830 1329 ltem
842 1302 945 1329 scabini
956 1302 1003 1337 qui
1017 1300 1205 1327 interfuerunt
1216 1305 1280 1326 sunt
1299 1300 1342 1326 isti
1365 1309 1372 1325 :
1390 1299 1516 1335 lVedeylne
1527 1299 1562 1326 de
1574 1300 1678 1327 Lebeke.

160 1351 305 1383 11enricus,
314 1351 404 1378 dictus
413 1351 584 1385 Lanemnuu,
595 1357 622 1377 et
631 1351 760 1387 Aegidius
767 1350 801 1376 de
815 1348 968 1376 oesterzele.
981 1348 1012 1374 ln
1024 1357 1142 1383 quorum
1156 1347 1277 1373 omnium
1291 1346 1476 1372 testimonium
1487 1347 1680 1382 praesentibus

157 1397 257 1425 litteris
269 1398 387 1435 sigillum
398 1403 523 1424 nostrum
536 1398 664 1424 duximus
677 1396 882 1433 apponendum.
893 1396 992 1422 Datum
1007 1404 1080 1421 anno
1093 1394 1200 1420 Domini
1214 1392 1405 1420 MCCLXXXV
1414 1414 1421 1426 ‚
1431 1403 1523 1420 mense
1535 1394 1678 1421 Januario.

1146 1459 1269 1492 Original,
1283 1466 1352 1483 sceau
1364 1467 1393 1483 en
1406 1460 1454 1484 cire
1465 1464 1538 1484 verte.

882 1531 954 1544 ΙΙ

833 1730 1010 1767 CCLXIV.

163 1825 211 1861 Le
224 1831 331 1860 comte
347 1825 388 1860 de
411 1825 522 1859 Viane
536 1824 704 1870 oonfirme
721 1822 744 1858 ὰ
758 1823 916 1870 l'abbaye
935 1822 970 1856 Ia
985 1823 1181 1869 possession
1199 1819 1258 1854 des
1278 1821 1375 1854 biens
1391 1823 1457 1866 qui
1471 1820 1527 1854 lzcz'
1539 1833 1678 1868 appar—

261 1887 419 1918 tiennent
437 1883 530 1917 dans
546 1883 581 1916 la
597 1884 792 1930 sezjqneurie
809 1881 850 1915 de
868 1880 1006 1916 Nineve
1024 1885 1058 1913 et
1069 1880 1104 1913 la
1117 1878 1172 1912 lm·
1179 1880 1354 1925 garantia
1372 1899 1420 1903 —
1437 1878 1577 1912 Nmovn.

203 1975 348 2012 Imprimee
362 1984 396 2001 en
410 1974 476 2000 latin
491 1974 558 2000 dans
571 1974 699 2006 Μίνωας,
714 1973 813 1999 Donat.
832 1971 924 2008 Bely„
939 1971 988 1998 lib.
1009 1971 1038 2003 l,
1056 1980 1117 2007 cap.
1139 1970 1291 2002 CXXXIII,
1307 1975 1335 1996 et
1356 1969 1424 1996 dans
1442 1969 1480 1996 les
1501 1979 1619 2005 preuves
1639 1970 1676 1996 du

163 2028 230 2050 tom.
246 2022 271 2049 Il
286 2022 334 2049 des
349 2022 473 2048 Annales
485 2021 543 2048 ord.
558 2021 678 2054 Praem.‚
695 2020 748 2047 col.
763 2019 926 2046 CCXXXIX.

878 2188 950 2212 1285.

204 2270 355 2298 Godefroes
365 2292 372 2303 ,
385 2280 470 2298 cuens
483 2271 517 2297 de
531 2270 632 2303 Viane,
644 2272 660 2297 ὲ
673 2275 735 2298 tous
748 2271 842 2297 chiaus
856 2271 881 2297 ki
897 2271 962 2297 ches
973 2271 1115 2306 presentes
1127 2269 1224 2296 lettres
1241 2273 1338 2295 vei-ont
1351 2272 1379 2294 et
1389 2270 1470 2293 oront
1481 2264 1565 2292 salus.
1581 2263 1648 2290 Cum
1661 2264 1680 2290 il

167 2320 219 2346 soit
233 2319 291 2346 ensi
304 2318 338 2345 ke
350 2318 369 2345 li
382 2319 466 2346 abbes
481 2319 515 2345 de
528 2318 624 2345 Ninive
637 2323 665 2345 et
677 2318 696 2344 li
708 2323 826 2345 convent
838 2319 911 2345 aient
923 2319 1002 2354 aquis
1015 2319 1030 2344 ὲ
1043 2327 1112 2344 nous
1124 2322 1152 2344 et
1165 2319 1180 2343 ὲ
1193 2326 1262 2343 nous
1275 2321 1432 2342 anteessurs
1447 2317 1475 2339 et
1487 2314 1503 2338 ὲ
1517 2316 1596 2338 autre
1611 2320 1678 2347 gens

166 2366 270 2393 dedens
279 2365 305 2392 le
317 2366 444 2402 segnorie
457 2366 492 2392 de
505 2365 613 2398 Ninive,
623 2375 673 2392 nos
685 2365 711 2392 le
724 2366 890 2392 conflrmons
901 2366 916 2391 'a
925 2365 1037 2391 l'abbeit
1051 2370 1077 2391 et
1090 2366 1105 2391 ὲ
1118 2368 1235 2391 convent
1248 2363 1282 2389 de
1297 2362 1392 2388 Ninive
1403 2359 1532 2386 devandit
1541 2379 1548 2390 ,
1563 2367 1597 2385 en
1611 2367 1680 2394 que—

143 2445 145 2449 .
165 2422 272 2449 conque
293 2413 397 2438 manire
421 2411 440 2438 li
459 2412 543 2439 abbe‘s
562 2412 662 2438 devant
681 2412 723 2440 dis
745 2418 774 2439 et
794 2413 812 2439 li
835 2417 953 2439 convent
970 2411 1063 2438 l'aient
1081 2411 1176 2447 aquise
1190 2432 1197 2444 ‚
1215 2410 1268 2436 soit
1291 2418 1342 2445 par
1359 2407 1440 2434 achat
1458 2416 1475 2433 u
1494 2415 1544 2442 par
1565 2414 1678 2437 amone,

164 2470 182 2487 u
196 2470 247 2496 par
258 2460 356 2496 simple
369 2460 424 2486 don
438 2481 446 2492 ‚
467 2469 501 2486 en
517 2465 604 2486 terres
621 2460 768 2493 hanaules,
791 2469 824 2487 en
839 2461 903 2492 bos,
920 2469 954 2487 en
969 2460 1056 2495 preis‚
1073 2468 1107 2486 en
1127 2468 1196 2485 ewes
1213 2463 1240 2485 et
1257 2467 1291 2484 en
1309 2460 1415 2487 rentes,
1436 2461 1463 2481 et
1476 2463 1510 2480 en
1530 2462 1615 2480 avons
1629 2462 1679 2480 en-

154 2513 284 2535 ·convent
295 2509 311 2534 ὲ
324 2507 460 2534 warandir
473 2513 500 2534 et
513 2509 528 2534 ὲ
544 2517 623 2534 saver
635 2507 688 2534 chu
705 2508 733 2534 ki
746 2509 851 2535 tienent
865 2508 1033 2534 maintenant
1049 2511 1077 2533 et
1095 2511 1143 2533 ont
1161 2510 1240 2532 tenut
1257 2504 1460 2531 anehinement.
1479 2501 1512 2528 Et
1533 2509 1605 2536 pour
1623 2499 1678 2526 ehu

166 2555 200 2582 ke
214 2555 307 2582 cheste
319 2554 524 2581 confirmations
537 2554 650 2582 demun-e
665 2554 749 2582 ferme
760 2560 787 2581 et
797 2555 902 2582 estaule
912 2576 918 2588 ,
932 2555 988 2581 ensi
1000 2553 1033 2581 ke
1044 2553 1158 2580 deviseit
1171 2558 1212 2579 est
1226 2552 1326 2579 desure
1335 2572 1342 2584 ‚
1357 2555 1384 2577 et
1396 2559 1446 2586 par
1458 2548 1567 2575 l’assent
1578 2547 1612 2574 de
1627 2557 1679 2573 ma-

287 2603 374 2637 Ton.
403 2603 450 2636 ΙΙ.
1489 2594 1557 2630 120
