2118 3184
744 389 1030 426 APPENDICES.
1573 390 1652 426 -785

134 497 244 524 clesiam
259 497 369 533 pulsare
380 498 422 524 vel
437 498 591 534 inquietare
604 497 713 528 debeat.
732 506 782 523 nec
796 497 912 532 amplius
928 498 994 533 quid
1011 497 1109 524 habeat
1121 519 1127 529 ‚
1144 498 1195 525 nisi
1207 503 1340 534 quantum
1355 498 1514 525 continetur
1528 497 1554 523 in
1569 506 1650 532 cyro-

134 543 240 580 grapho
257 544 330 580 quod
346 545 417 571 inter
432 545 520 580 ipsum
536 544 690 570 Goswiuum
707 548 733 569 et
747 544 896 578 praefatam
917 544 1057 570 ecclesiam
1077 545 1257 580 compositum
1271 549 1328 577 est,
1350 549 1378 571 et
1399 553 1432 570 ne
1445 544 1646 580 cyrographum

134 591 222 626 ipsum
236 591 328 627 aliqua
342 591 507 627 negligentia
523 595 718 626 corrumpatur
735 590 776 616 vel
790 591 931 617 amittatur
941 612 947 617 .
964 591 1067 626 placuit
1081 592 1169 627 ipsum
1185 601 1243 618 mea
1257 592 1420 618 auctoritate
1435 597 1461 618 et
1475 601 1535 618 meo
1547 592 1649 618 confir-

135 647 210 664 mare
220 637 319 674 sigillo.
330 638 375 664 Est
383 643 474 664 autem
485 637 537 663 hoc
547 636 761 673 cyrographum.
780 650 791 661 u
800 629 897 663 Notum
910 638 943 664 sit
953 643 1006 664 tam
1017 625 1118 664 sffiuris
1129 648 1210 674 quam
1223 639 1414 674 praesentibus
1425 639 1498 674 quod
1507 639 1648 665 Goswinus

133 684 246 711 habebit
260 691 362 712 terram
375 684 447 711 illam
461 694 542 720 quam
556 685 641 711 abbas
655 690 758 711 emerat
772 685 806 711 ab
821 685 938 711 Henrico
950 685 1054 711 domito
1064 685 1204 721 Neptuno,
1220 686 1377 712 nominatim
1387 691 1489 712 terram
1499 686 1587 717 illam,
1598 694 1648 721 pro

133 741 187 767 qua
203 731 236 758 tis
248 737 308 758 orta
321 736 376 762 est,
392 737 420 758 et.
433 731 467 758 de
481 737 537 758 tota
549 732 594 758 illa
608 732 726 758 howaad
741 741 821 767 quam
836 733 976 768 praedicta
991 738 1065 759 terra
1077 733 1122 758 illa
1138 733 1256 768 pertinet
1271 734 1394 769 quinque
1408 733 1509 760 solidos
1525 739 1552 760 et
1571 733 1650 759 dimi-

131 778 207 805 dium
222 778 408 805 bruxellenses
422 779 448 804 in
463 778 573 805 feodum
583 799 589 811 ‚
601 788 663 805 cum
677 788 762 805 avena
775 788 846 814 quac
857 779 919 805 iude
937 780 1073 814 provenit.
1088 779 1115 806 Si
1129 779 1239 805 domum
1258 780 1299 806 vel
1316 780 1447 806 borreum
1461 789 1545 815 super
1557 780 1646 815 ipsum

131 824 262 852 allodium
271 826 415 852 aedificare
424 826 559 857 voluerit,
575 826 688 853 consilio
701 826 808 852 abbatis
822 826 862 852 vel
878 827 999 862 magistri
1011 827 1115 859 curiae,
1127 828 1153 852 in
1162 827 1238 862 sylva
1251 827 1278 853 S.
1291 827 1426 863 Aychadri
1439 827 1550 854 habebit
1562 827 1646 863 ligna,

131 877 160 899 et
172 873 194 899 si
206 873 302 908 ipsein
313 873 394 899 domo
408 874 520 908 propria
533 883 616 908 super
630 874 718 908 ipsum
728 873 858 899 allodium
869 874 1009 903 manserit,
1021 874 1136 910 siugulis
1149 874 1307 909 septimanis
1317 884 1400 900 unam
1414 874 1498 900 solam
1514 880 1648 900 carratam

130 919 158 945 in
173 919 248 956 sylva
262 920 291 947 S.
307 920 444 956 Aychadri
458 921 483 947 in
499 930 531 947 eo
548 920 608 947 loco
621 926 648 946 et
663 921 697 947 de
711 921 844 947 similibus
863 921 943 957 lignis
961 922 1008 947 ubi
1024 931 1072 948 nos
1088 921 1161 957 ligna
1181 922 1215 948 ad
1233 923 1322 957 ignem
1339 922 1471 948 sumimus
1491 922 1517 948 iu
1537 921 1646 948 feodum

130 966 257 995 habebit.
274 968 300 994 iu
317 968 416 1000 Natali,
433 969 459 994 in
477 968 592 995 Pascha.
612 969 638 994 in
654 968 832 995 Pentecosten
847 968 925 994 duas.
943 969 970 995 Si
983 969 1117 995 cultorem
1133 974 1223 995 terrae
1238 978 1303 995 suae
1317 969 1416 995 ibidem
1431 969 1569 1004 posuerit,
1585 978 1647 994 cum

131 1023 187 1050 quo
200 1019 264 1041 ante
276 1015 434 1050 conjugium
449 1015 490 1041 vel
502 1020 562 1050 post
575 1015 733 1051 conjugium
747 1015 924 1041 certissimam
939 1020 965 1041 et
978 1015 1161 1051 parochialem
1176 1016 1342 1042 mansionem
1353 1015 1495 1047 habuerit,
1511 1015 1562 1041 hoc
1576 1015 1646 1041 idem

125 1061 173 1095 jus
188 1067 215 1088 et
229 1062 350 1088 eamdem
364 1062 546 1088 conditionem
559 1061 695 1099 lignorum
709 1062 742 1088 ad
756 1063 846 1099 iguem
859 1062 981 1088 habebit.
997 1063 1024 1089 Si
1038 1068 1129 1089 autem
1143 1072 1171 1089 se
1186 1063 1224 1089 sic
1237 1063 1272 1089 ab
1285 1062 1387 1089 allodio
1397 1062 1534 1098 praedicto
1546 1062 1646 1088 absen-

128 1110 228 1136 taverit
240 1114 271 1136 ut
286 1109 351 1136 alibi
363 1110 508 1136 certiorem
524 1110 688 1136 mansionem
703 1109 844 1143 habuerit,
860 1119 910 1136 nec
923 1110 980 1145 ipse
993 1119 1042 1136 nec
1054 1110 1145 1136 cultor
1157 1111 1216 1144 ejus
1229 1110 1263 1136 de
1278 1110 1419 1145 praedicto
1429 1110 1494 1143 jure
1509 1109 1646 1145 lignorum

130 1156 234 1193 aliquid
252 1157 374 1184 habebit.
391 1157 447 1184 Hoc
461 1157 531 1184 idem
541 1157 588 1191 jus
601 1157 697 1183 haeres
711 1158 797 1192 ipsius
811 1157 927 1183 Goswini
938 1178 944 1184 .
962 1158 984 1183 si
999 1167 1083 1193 super
1100 1158 1189 1193 ipsum
1208 1157 1338 1183 allodium
1358 1157 1504 1186 manserit,
1522 1156 1644 1182 habebit.

129 1203 188 1231 Hoc
200 1210 242 1231 est
252 1205 299 1239 jus
313 1205 412 1240 ipsius.
426 1210 451 1231 ct
463 1210 574 1240 praeter
585 1205 637 1231 hoc
650 1204 717 1231 nihil
731 1205 840 1240 penitus
855 1205 881 1231 in
896 1205 972 1240 sylva
985 1204 1013 1231 S.
1029 1205 1165 1240 Aychadri
1179 1204 1302 1231 habebit.
1319 1204 1358 1230 De
1369 1204 1496 1230 omnibus
1511 1203 1552 1229 his
1564 1203 1646 1239 lignis

129 1251 187 1278 sive
199 1251 233 1277 ad
243 1251 353 1278 domum
366 1252 424 1278 sive
434 1251 468 1277 ad
480 1252 570 1287 ignem
581 1251 785 1286 pertinentibus
796 1251 830 1277 de
844 1251 944 1277 allodio
958 1251 1075 1278 evehere
1087 1251 1131 1278 vel
1141 1251 1261 1278 vendere
1275 1251 1300 1278 ei
1313 1260 1367 1277 nou
1382 1250 1485 1277 licebit.
1503 1250 1571 1276 Huic
1581 1259 1647 1276 con-

129 1297 226 1324 ditioni
239 1303 326 1324 mater
338 1298 455 1324 Goswini
468 1303 494 1324 et
503 1298 706 1334 sororesipsius
719 1303 746 1324 et
758 1303 906 1324 matertera
920 1298 980 1332 ejus
994 1307 1156 1325 consensum
1170 1298 1361 1334 praebuerunt
1372 1319 1379 1330 ‚
1392 1303 1419 1324 et
1432 1297 1646 1333 quidquidjuris

129 1345 156 1371 in
167 1344 243 1381 sylva
256 1344 285 1372 S.
301 1345 436 1380 Aychadri
451 1345 554 1371 habere
567 1345 733 1371 videbantur
746 1345 941 1372 exfestucando
955 1345 1162 1372 abdicaverunt.
1179 1346 1268 1380 Hujus
1282 1346 1354 1382 pacti
1368 1345 1547 1372 conservandi
1561 1345 1648 1371 domi-

130 1402 182 1419 nus
195 1392 335 1419 Gerardus
347 1393 382 1419 de
395 1392 564 1429 Grimbergis
574 1393 721 1427 fidejussor
733 1398 784 1419 est.
795 1393 822 1420 Si
833 1393 948 1420 ecclesia
960 1399 1070 1428 pactum
1082 1393 1206 1430 infringit
1217 1414 1223 1424 ,
1240 1393 1298 1429 ipse
1310 1393 1436 1419 dominus
1447 1392 1585 1419 Gerardus
1597 1402 1646 1428 per

129 1449 159 1467 se
173 1445 200 1467 et
213 1449 262 1476 per
274 1449 338 1467 suos
353 1440 478 1467 Goswino
497 1440 598 1467 auxilio
611 1441 664 1467 erit
676 1462 682 1471 ,
699 1441 720 1467 si
733 1441 874 1467 Goswinus
888 1440 1013 1477 infringit
1024 1462 1031 1471 ,
1049 1441 1120 1467 idem
1133 1441 1260 1467 dominus
1274 1440 1406 1467 ecelesiae
1420 1441 1520 1467 auxilio
1536 1441 1587 1466 erit
1598 1461 1605 1473 ,
1619 1445 1646 1466 et

129 1496 320 1523 quaecumque
330 1487 402 1514 bona
412 1488 497 1523 ipsius
508 1487 624 1514 Goswini
634 1493 697 1514 sunt
708 1487 777 1514 infra
789 1492 949 1523 potestatem
962 1488 1048 1523 ipsius
1062 1488 1163 1514 domini
1174 1487 1288 1514 Gerardi
1299 1509 1306 1519 ‚
1321 1488 1407 1523 ipsius
1419 1488 1521 1514 domini
1532 1487 1646 1514 Gerardi

130 1539 224 1562 erunt.
239 1534 328 1569 Hujus
343 1535 508 1561 conditionis
520 1540 604 1562 testes
615 1535 807 1562 suntdominus
817 1535 955 1562 Gerardus
966 1536 1000 1561 de
1012 1535 1182 1571 Grimbergis
1192 1540 1219 1562 et
1232 1535 1305 1562 filius
1317 1536 1377 1570 ejus
1391 1535 1528 1562 Arnoldus
1539 1556 1546 1567 ‚
1560 1534 1647 1561 Gisel-

129 1582 224 1609 bertus
242 1582 276 1608 de
294 1581 387 1615 Alost,
406 1581 533 1608 Galterus
548 1582 583 1608 de
603 1582 734 1613 Malbroc,
757 1582 883 1608 Galterus
902 1582 1013 1618 Runga,
1034 1582 1175 1609 Goswinus
1192 1582 1282 1616 Bolla,
1305 1581 1448 1613 Galteru's,
1468 1582 1595 1608 sacerdos
1612 1582 1646 1608 de

130 1628 253 1663 Eidem,
267 1629 385 1655 Thomas
403 1628 437 1655 de
451 1629 548 1663 Goike,
564 1629 637 1656 Razo
651 1629 685 1656 de
700 1629 806 1665 Capella
819 1651 825 1660 ,
840 1630 978 1656 Arnoldus
990 1630 1138 1664 Hancraja.
1154 1629 1309 1656 Baldwinus
1322 1629 1356 1656 de
1369 1629 1496 1656 strithem
1506 1650 1514 1663 ,
1530 1629 1645 1655 Bremia

129 1675 163 1703 de
174 1675 274 1702 Suc-en.
290 1687 300 1699 n
320 1675 469 1711 Hucusque
477 1675 689 1712 cyrographum.
705 1676 780 1703 Hanc
793 1677 1007 1713 recognitionem
1021 1682 1047 1703 et
1061 1677 1200 1712 plenariae
1213 1677 1287 1712 pacis
1299 1676 1333 1703 de
1341 1677 1414 1702 omni
1428 1686 1508 1702 causa
1521 1676 1564 1702 vel
1577 1685 1646 1712 qua-

126 1723 195 1749 libet
205 1732 235 1749 re
250 1723 392 1758 praeteriti
405 1723 535 1758 temporis
550 1723 622 1749 inter
632 1723 772 1750 ecclesiam
786 1724 959 1750 Ninivensem
973 1729 1001 1750 et
1014 1723 1165 1750 Gozuinum
1175 1723 1358 1750 conditionem
1373 1723 1504 1750 tuendam
1517 1728 1548 1749 ut
1562 1723 1646 1749 advo-

128 1775 206 1797 catus
221 1769 367 1804 fidejussor
380 1774 406 1795 et
420 1770 496 1796 testis
514 1770 622 1805 suscepi
636 1775 663 1796 et
676 1770 766 1806 sigillo
780 1780 839 1797 meo
857 1776 885 1797 et
903 1780 1026 1807 congruo
1040 1771 1195 1797 testimonio
1209 1770 1379 1797 confirmavi.
1394 1770 1489 1797 Testes
1505 1770 1645 1796 Escelinus

130 1816 275 1847 (lm-dhre,-
288 1816 416 1843 Galterus
427 1816 516 1843 Fm'tir
525 1837 533 1850 ‚
548 1816 688 1844 Johannes
700 1817 734 1844 de
747 1817 919 1849 Hardbecca,
937 1818 1043 1844 Franco
1055 1818 1090 1844 de
1103 1817 1179 1844 Oltra
1189 1839 1195 1849 ,
1212 1818 1347 1844 Henrieus
1363 1817 1397 1843 de
1409 1817 1557 1843 Stenhnsen
1569 1838 1577 1851 ,
1592 1817 1645 1844 Go-

131 1864 229 1890 zuinus
241 1863 275 1890 de
293 1863 432 1889 ῙΓαΙςὸι-ιιι·
442 1884 449 1895 ,
463 1863 614 1897 Ενεπιόοἶι,
629 1863 768 1890 Gozuinus
782 1870 808 1891 et
824 1864 913 1890 Fm‘tir
924 1865 958 1891 de
973 1865 1048 1899 Bia,
1064 1864 1245 1891 Godescalcus
1259 1865 1293 1891 de
1305 1864 1455 1898 Scalcluem,
1470 1864 1597 1891 Galterus
1610 1865 1644 1891 de

129 1910 225 1937 Trubo
234 1931 241 1939 .
257 1911 390 1937 Henricus
404 1911 466 1945 cot,
478 1910 626 1938 Folcartlus
635 1932 641 1943 ,
657 1911 805 1938 Lambinus
816 1912 850 1938 de
864 1912 960 1939 Domo.
977 1913 1075 1939 Actum
1088 1912 1198 1944 Ninive,
1208 1921 1280 1938 anno
1291 1912 1399 1938 Domini
1411 1912 1604 1939 MCLXXXIV.

849 1979 970 2011 Original.
985 1987 1054 2004 sceau
1068 1987 1097 2003 en
1110 1979 1158 2004 cire
1174 1979 1263 2009 brune.v
1277 1987 1323 2004 aux
1341 1979 1446 2004 archives
1462 1980 1491 2003 de
1508 1980 1530 2003 la
1544 1980 1644 2004 Flandre

876 2022 999 2047 orientale.

160 2123 235 2148 Dans
247 2124 268 2147 le
276 2123 319 2154 pli
325 2123 360 2146 du
368 2129 441 2147 sceau
452 2130 485 2147 on
495 2123 525 2146 lit
533 2130 559 2148 ce
568 2125 614 2154 qui
622 2125 675 2148 suit
683 2133 693 2148 .·
703 2124 790 2148 Eadem
799 2132 841 2155 per
848 2124 929 2148 omnia
941 2129 1131 2156 recognoverant
1139 2125 1204 2156 prius
1215 2124 1278 2156 apud
1288 2122 1400 2148 strithem
1410 2122 1434 2146 in
1446 2122 1533 2153 placito
1542 2141 1549 2153 ‚
1561 2130 1642 2147 mense

128 2166 192 2191 Julio
201 2184 208 2195 ,
222 2169 292 2189 testes
303 2164 423 2188 Walterus
434 2164 463 2187 de
474 2164 569 2188 Eichem
578 2184 584 2189 .
597 2166 690 2190 Walter
706 2160 824 2197 Wall‘im
836 2166 970 2190 Willelmus
985 2171 1009 2190 et
1020 2166 1133 2190 Reinerus
1149 2167 1178 2190 de
1193 2167 1288 2191 Pamela
1299 2185 1305 2189 .
1319 2165 1454 2196 Philippus.
1472 2165 1601 2189 Amclricus
1614 2166 1643 2189 de

127 2208 272 2239 Halllingem
283 2225 290 2233 ,
306 2205 438 2237 presbyteri
450 2224 456 2234 ,
470 2207 565 2231 Hawel.
578 2207 698 2231 Walterus
709 2207 797 2239 Ronq,
815 2209 906 2232 Franco
924 2209 1020 2239 Lupus,
1031 2208 1141 2232 Amekin
1156 2208 1254 2232 Rolinus
1269 2212 1293 2232 et
1308 2207 1368 2231 filius
1384 2206 1448 2238 ejus,
1461 2211 1484 2230 et
1498 2207 1596 2231 Boiam
1614 2208 1643 2231 de

130 2250 243 2275 Strithem
253 2269 260 2275 ,
270 2248 365 2273 Goswin
377 2248 405 2272 de
416 2248 519 2279 Capella.
538 2249 629 2273 Walter
640 2249 669 2273 «le
680 2250 785 2281 Iscrgem
796 2255 818 2274 et
830 2250 903 2274 frater
913 2250 963 2282 ejus
975 2251 1073 2275 Boidin
1081 2270 1087 2274 .
1097 2250 1197 2274 Onulsus
1207 2251 1236 2274 de
1247 2251 1359 2275 strithem
1367 2268 1373 2279 ,
1385 2249 1518 2274 Willelmus
1531 2250 1560 2274 (le
1568 2250 1626 2274 Vico
1635 2270 1641 2276 .

129 2292 239 2317 Gerbodo
248 2291 277 2314 dc
293 2290 402 2314 annbec
410 2309 418 2321 ,
434 2290 531 2322 Sigerus
539 2309 545 2315 .
560 2291 659 2315 clericus
670 2291 698 2315 de
710 2291 800 2316 Worda
809 2311 815 2321 τ
826 2292 913 2316 milites
921 2311 928 2317 .
940 2292 1049 2316 Thidcric
1062 2292 1090 2315 de
1101 2292 1221 2316 merbecca
1233 2296 1257 2316 et
1268 2292 1340 2316 frater
1348 2291 1398 2323 ejus
1409 2292 1526 2316 Get-ardus
1539 2292 1644 2318 Gozelt'n

128 2339 152 2359 et
165 2334 269 2359 Goswin
285 2333 314 2356 de
326 2332 457 2356 Lidekerka
467 2351 472 2355 .
484 2333 618 2357 Willelmus
631 2334 715 2358 Ferus.
729 2334 842 2358 Salomon
860 2338 883 2358 et
899 2334 1016 2359 Gerardus
1032 2334 1116 2359 fratres
1125 2353 1132 2365 e
1146 2335 1268 2359 Johannes
1277 2335 1372 2366 Prust,
1383 2334 1526 2359 Giselbertus
1537 2335 1643 2363 Noitt'n,

127 2377 255 2402 Bor-chart
262 2394 271 2407 ,
281 2375 372 2406 symon
383 2394 388 2399 .
402 2374 518 2399 Oliverus.

253 2554 339 2588 Tou.
369 2554 413 2588 ΙΙ.
775 2561 777 2564 ’
1475 2558 1520 2593 99
