2137 3131
356 362 426 396 972
967 348 1255 386 APPENDICES.

356 470 477 496 nuntiavi
498 467 602 503 publice
617 471 642 491 et
663 463 835 493 solvnnniter3
852 459 981 486 adhibitis
995 458 1105 493 quaein
1122 456 1222 482 talibus
1242 455 1331 482 solent
1350 460 1377 481 et
1397 455 1499 481 debent
1517 454 1642 480 adhiberi
1654 474 1660 485 ‚
1686 454 1878 488 praesentibus

357 517 508 542 hominibus
525 513 636 539 feodatis
657 511 770 537 inl'erins
791 507 978 534 nominandis.
999 505 1032 531 ad
1050 505 1100 530 hoc
1119 503 1276 539 specialiter
1290 503 1420 529 adhibitis
1436 508 1463 528 ct
1479 503 1592 528 vocatis.
1613 502 1645 528 Et
1662 501 1755 537 rogavi
1771 501 1874 526 dictum

358 563 505 589 Johnnncm
517 581 523 586 .
539 558 702 584 auunculum
718 565 805 582 meum
816 576 822 581 .
841 559 866 580 nt
884 553 992 579 l'eodum
1009 551 1178 586 praedictum
1191 571 1198 582 ‚
1214 555 1304 576 amoto
1318 550 1352 575 ab
1363 559 1396 575 eo
1411 549 1510 575 feodali
1525 549 1639 575 servitio
1651 569 1657 577 ,
1674 548 1838 574 transferret
1850 548 1876 573 in

359 608 548 636 haereditatem
561 627 567 633 .
583 611 609 631 et
623 606 708 631 dictos
721 603 862 638 religiosos
873 601 993 636 legitime
1007 598 1207 625 adhaeredaret
1221 599 1247 624 in
1261 598 1366 624 eadem.
1388 598 1474 632 Quam
1489 597 1601 632 quidem
1616 596 1770 622 avunculus
1785 604 1860 621 meus
1871 617 1877 625 ,

359 655 486 691 prm-dieti
500 653 568 678 leodi
582 652 717 681 dominns,
731 655 820 676 amoto
835 649 868 674 ab
883 658 915 674 eo
929 646 1027 673 feodali
1038 646 1161 677 servitio,
1174 645 1284 671 feodum
1297 645 1386 680 ipsum
1399 645 1425 670 in
1439 644 1634 670 haereditatem
1647 642 1827 673 transferens,
1845 642 1881 668 ad

357 703 406 728 hoc
415 700 606 726 sibiconcessis
620 698 679 723 loco
692 703 717 723 et
729 697 861 726 scabinis,
875 695 1015 721 dominum
1028 693 1181 719 ,Iohannem
1193 714 1198 722 Ἰ
1215 692 1262 718 Dei
1274 692 1361 727 gratia
1376 691 1504 717 abbatem
1521 691 1693 716 Ninivensem
1709 690 1818 716 nomine
1829 711 1836 721 7
1852 694 1882 715 et

358 749 388 773 ad
403 757 470 782 opus
484 746 613 782 praedicti
629 749 779 771 convontus
793 753 839 770 sen
853 741 1010 768 monasterii
1029 740 1180 767 Ninivensis
1199 739 1393 775 perjudicium
1409 738 1583 764 scabinorum
1598 738 1819 772 subscriptorum
1830 759 1836 764 .
1852 738 1879 763 in

356 796 426 821 dicto
446 793 524 819 feodo
542 793 567 818 in
586 791 798 820 haereditatem,
818 795 848 815 ut
868 789 971 815 dictum
990 792 1048 817 est,
1068 786 1215 818 translato,
1232 787 1284 812 rite
1300 785 1498 812 adhaeredavit
1513 791 1540 812 et
1559 785 1698 811 investivit
1712 785 1764 810 sub
1785 794 1879 810 annuo

356 851 438 868 cenis-n
451 846 570 876 quatuor
585 839 759 865 denariorum
774 837 987 863 bruxellensium
1002 840 1126 861 veterum
1139 834 1212 860 dicto
1224 833 1342 860 Johanni
1354 854 1360 865 ‚
1384 833 1473 859 villico
1486 833 1521 859 de
1535 832 1707 869 Papenqltern
1717 853 1726 866 ‚
1741 832 1880 858 avunculo

357 898 414 914 meo
425 909 431 919 ,
447 893 471 913 et
485 887 648 913 haeredibus
661 886 718 911 suis
728 906 734 914 ,
751 885 777 910 in
790 884 858 910 l'csto
873 883 944 909 beati
960 882 1074 917 Remigii
1086 902 1092 913 ‚
1107 881 1141 907 de
1155 880 1280 916 quolibet
1296 880 1411 906 bouario
1427 879 1560 915 praedicti
1575 879 1694 905 nemoris
1707 888 1721 905 a
1735 879 1808 905 dicto
1823 888 1882 905 mo-

358 935 473 961 nasterio
486 933 626 959 solvendo.
642 933 689 958 Cui
704 932 814 967 quidem
831 930 985 957 contractui
1000 935 1027 955 et.
1040 928 1211 954 translationi
1227 928 1298 953 feodi
1314 928 1340 953 in
1353 927 1551 953 haereditatem
1563 947 1570 959 7
1590 935 1697 952 necnon
1711 926 1881 952 adhaereda-

357 983 420 1008 tioni
436 991 482 1007 sen
499 980 665 1006 investitioni
675 979 829 1015 praedictae
839 999 845 1009 ,
859 978 948 1004 omnia
960 986 990 1003 ac
1001 976 1108 1012 singula
1121 975 1245 1002 adhibita
1257 974 1371 1001 suerunt
1380 996 1386 1005 ‚
1399 975 1508 1010 quaein
1523 974 1624 1000 talibus
1636 974 1725 1000 solent
1737 979 1764 1000 et
1778 973 1882 1000 debent

357 1029 504 1055 secundum
524 1027 610 1063 legem
626 1032 651 1052 et
668 1036 745 1052 usum
761 1026 864 1061 patriae
879 1034 909 1051 ae
924 1024 974 1050 loci
988 1023 1125 1049 adhiberi.
1141 1023 1231 1058 Super
1245 1032 1301 1058 quo
1316 1022 1426 1057 quidem
1444 1031 1556 1047 nemore
1569 1021 1649 1047 dictis
1664 1021 1800 1057 religiosis
1814 1029 1883 1047 ven-

357 1077 422 1102 dito.
434 1075 618 1101 xxm-amusium
630 1075 726 1099 honam
738 1082 820 1108 super
829 1081 870 1098 me
881 1077 907 1098 et
920 1081 1004 1107 super
1015 1071 1105 1097 onmia
1116 1080 1174 1096 mea
1186 1070 1251 1105 ipsis
1261 1070 1396 1105 religiosis
1409 1069 1573 1104 repromitto
1583 1068 1740 1103 praemissis
1752 1067 1880 1094 omnibus

358 1130 383 1149 et
397 1123 519 1157 singulis.
537 1122 725 1148 lutert'nerunt
741 1121 827 1146 vocati
841 1125 871 1145 nt
884 1120 1007 1145 homines
1023 1118 1140 1149 feodati,
1155 1118 1283 1144 videlicet
1298 1117 1452 1143 Willelmus
1465 1117 1555 1143 dictus
1573 1116 1678 1152 Coqus,
1694 1115 1828 1142 Johannis
1847 1115 1881 1141 de

361 1170 457 1205 Opleem
470 1190 475 1196 ,
496 1170 592 1195 Petrus
607 1168 640 1193 de
653 1168 744 1193 Saue„
758 1189 764 1199 ,
784 1166 954 1196 [lex-nardusq
972 1166 1064 1191 senior
1085 1165 1119 1191 de
1138 1164 1261 1196 Pameh,
1279 1164 1420 1190 walterus
1436 1164 1470 1190 de
1486 1163 1610 1189 pomerio
1623 1184 1630 1195 ‚
1648 1162 1789 1188 Johanues
1805 1162 1881 1188 filius

360 1218 442 1242 Yvnni
453 1238 458 1242 .
477 1216 609 1242 llenricus
624 1215 694 1240 Ense
706 1219 731 1240 ct
746 1214 865 1240 Jacobus
889 1214 1023 1246 Piscator3
1040 1214 1118 1243 item,
1134 1211 1324 1237 interfuerunt
1338 1216 1368 1237 ut
1381 1211 1485 1238 scabini
1497 1231 1503 1242 ‚
1517 1209 1673 1236 Willelmus
1691 1209 1780 1245 Coqus
1793 1231 1800 1241 ‚
1820 1210 1884 1236 Rer-

361 1264 460 1289 nardns
471 1263 504 1289 ‹le
519 1263 623 1289 l‘aniela
634 1283 640 1294 ,
655 1263 759 1296 sonim-3
777 1262 810 1287 ll.
824 1262 894 1287 Base
905 1266 931 1287 et
943 1261 1076 1292 Jacobus,
1094 1260 1226 1290 Piscator,
1247 1264 1275 1285 et
1289 1259 1334 1285 alii
1346 1259 1526 1294 quamplures
1539 1258 1593 1284 fide
1606 1258 1692 1293 digni.
1710 1258 1741 1284 In
1762 1267 1881 1293 quorum

361 1311 478 1336 omnium
496 1315 521 1335 et
542 1309 711 1345 singulorum
728 1310 937 1344 praemissorum
955 1308 1065 1333 testium
1083 1317 1114 1333 ac
1129 1308 1343 1337 munimentum,
1364 1316 1415 1342 ego
1426 1306 1582 1337 Johannes,
1600 1306 1728 1331 dominus
1743 1305 1777 1331 de
1797 1304 1884 1331 Lede·

361 1358 462 1393 berghe
475 1363 499 1383 et
513 1358 545 1383 dc
558 1357 672 1383 l‘amella
683 1378 690 1388 ‚
701 1366 750 1392 ego
761 1358 841 1382 etiam
852 1356 1006 1385 Johannes,
1020 1355 1126 1381 villicus
1138 1355 1171 1381 de
1183 1355 1366 1391 Pupiufflwm,
1383 1354 1528 1390 praedicti,
1541 1358 1701 1388 praesentes
1714 1353 1821 1379 litteras
1834 1353 1884 1379 de-

361 1405 447 1430 dimus
460 1405 537 1430 dictis
550 1404 681 1439 religiosis
694 1404 787 1439 sigillis
798 1404 896 1429 uostris
907 1402 1050 1439 sigillatas.
1061 1402 1159 1428 Actum
1173 1402 1245 1437 apud
1256 1401 1391 1428 Pamelam
1404 1422 1411 1434 ,
1426 1410 1498 1427 anuo
1508 1400 1616 1426 Domini
1630 1399 1779 1433 MCCXCV,
1791 1409 1882 1426 mense

364 1452 384 1477 M
392 1452 442 1477 nio.

1442 1485 1574 1509 Cartulaire
1583 1485 1612 1508 de
1623 1484 1733 1508 Malines.

1007 1776 1252 1811 CCLXXXVI.

366 1876 412 1909 Le
429 1879 495 1909 sire
517 1875 677 1909 ‹I'Oultre
694 1882 725 1909 et
742 1888 779 1909 sa
804 1878 931 1921 semme
954 1875 1132 1909 cle'clarent
1147 1875 1251 1922 qzc'z'ls
1273 1880 1333 1907 ont
1358 1873 1525 1916 renonce',
1543 1886 1642 1921 pour
1665 1887 1736 1908 ww
1755 1886 1883 1908 somme

415 1935 574 1981 (l'myent
598 1947 717 1981 resne,
749 1933 769 1967 ἁ
803 1940 877 1968 tout
901 1934 995 1968 droit
1024 1934 1064 1968 (le.
1088 1934 1192 1981 {serbe
1223 1933 1315 1967 dans
1343 1932 1423 1966 leur
1447 1933 1611 1966 domnine
1635 1932 1809 1966 d’Oultre.
1837 1953 1885 1958 -—

415 1992 553 2026 OtLTnE.

1087 2151 1160 2174 1295.

406 2230 482 2255 Allen
501 2230 553 2256 den
569 2230 675 2266 ghenen
693 2231 737 2257 die
750 2241 798 2267 syn
817 2232 886 2258 ende
905 2232 948 2258 die
963 2238 989 2258 te
1003 2241 1116 2259 comene
1129 2241 1179 2267 syn
1190 2252 1197 2264 ‚
1213 2231 1257 2258 die
1273 2231 1338 2258 dese
1354 2230 1473 2257 letteren
1487 2230 1563 2257 seleu
1579 2231 1638 2257 sien
1653 2231 1723 2258 ende
1740 2231 1838 2258 horen.
1858 2231 1887 2258 Ic

373 2277 500 2303 Woutere
515 2287 564 2303 van
580 2278 669 2304 Pollar
680 2299 686 2311 7
706 2279 832 2314 riddere,
849 2279 915 2306 here
933 2289 984 2306 van
1004 2279 1090 2306 Outre
1104 2280 1174 2306 ende
1190 2290 1242 2306 van
1258 2278 1447 2315 Zambergheu
1460 2299 1466 2311 ,
1487 2278 1556 2304 ende
1571 2278 1719 2311 Machtelt,
1741 2288 1804 2314 myn
1818 2278 1886 2314 wys,

370 2333 477 2351 vrouwe
491 2334 542 2351 van
556 2325 679 2351 Weldine
689 2347 696 2357 ‚
712 2326 783 2352 salut
797 2327 866 2353 ende
881 2327 1008 2353 kinnesse
1027 2337 1078 2354 van
1093 2328 1241 2354 wareiden.
1256 2327 1302 2353 Wi
1314 2326 1410 2353 maken
1426 2331 1506 2358 cont,
1521 2326 1570 2352 dat
1584 2326 1616 2352 wi
1633 2326 1742 2353 hebben
1758 2326 1889 2352 vercoeht:

370 2370 392 2395 nl
407 2380 471 2397 onse
483 2372 561 2398 recht
575 2382 625 2398 van
635 2382 751 2400 scovene
761 2395 767 2407 ‚
783 2374 829 2400 dat
842 2374 874 2401 wi
885 2374 995 2401 hadden
1011 2375 1113 2401 binnen
1128 2385 1213 2402 onsen
1227 2375 1376 2410 heerscape
1392 2384 1445 2401 vau
1460 2374 1547 2400 Outre
1560 2374 1641 2400 ombe
1652 2383 1702 2400 ene
1716 2383 1821 2400 summe
1835 2383 1888 2400 van

372 2419 522 2454 peninghen
534 2419 576 2445 die
587 2420 670 2446 welhe
684 2430 732 2447 ons
747 2431 775 2448 es
790 2422 839 2448 wel
855 2422 924 2449 ende
939 2423 1081 2450 wetteleke
1095 2423 1254 2459 vergouden
1266 2444 1273 2455 ,
1290 2423 1317 2449 in
1328 2423 1405 2448 diere
1418 2423 1558 2448 manieren
1570 2422 1616 2448 dat
1630 2422 1662 2448 wi
1675 2421 1747 2448 noch
1759 2430 1826 2448 onse
1839 2430 1887 2447 oer

372 2474 404 2490 ne
419 2465 531 2501 moghen
547 2466 653 2493 hebben
668 2468 737 2494 noch
752 2468 867 2495 eeschen
882 2469 951 2496 noch
966 2469 1036 2496 doen
1054 2470 1171 2497 eeschen
1184 2479 1381 2497 nemmermeer
1395 2469 1482 2496 enech
1495 2468 1575 2496 recht
1587 2478 1639 2496 van
1654 2478 1771 2495 scovene
1783 2469 1885 2495 binnen
