2137 3131
451 367 522 403 490
792 364 966 400 CORPUS
993 362 1322 398 CHRONICORUM
1351 363 1461 397 FLAN
1470 363 1615 397 DRIAE.

455 477 645 522 Cilperico,
679 486 760 521 rege
784 474 1015 514 Francorum,
1045 471 1243 517 opulenter.
1276 470 1459 505 Crasmaro
1482 478 1624 505 sanctus
1647 471 1839 513 Acharius,
1869 473 1970 517 cujus

456 543 613 581 tempore
632 533 760 580 legitur
777 532 883 565 fuisse
903 537 1045 565 sanctus
1065 529 1262 573 Amandus,
1290 530 1316 563 T
1321 530 1567 576 rajectensium
1587 530 1790 576 episcopus,
1811 530 1872 576 qui
1890 542 1972 564 coe-

456 594 603 627 nobium
625 590 881 624 monachorum
903 589 1080 622 Helnonae
1098 588 1306 622 construxit.
1329 589 1369 622 ln
1388 589 1488 634 cujus
1507 589 1576 622 vita
1595 588 1814 631 continetur,
1836 587 1935 634 quod
1953 600 1972 621 3

456 649 667 696 supradicto
682 648 850 691 Achario,
867 648 1033 693 episeopo
1048 646 1272 681 Noviomensi
1282 673 1290 689 ,
1311 646 1486 680 licentiam
1501 647 1681 693 petierunt
1695 647 1731 680 in
1745 658 1807 680 sua
1821 645 1971 680 dioecesi

455 706 701 755 praedicandi,
722 706 806 752 quia
825 718 953 753 magna
972 717 1053 751 pars
1070 704 1229 750 ejusdem
1244 704 1412 738 dioecesis
1431 704 1549 738 adhuc
1565 705 1750 738 tenebatur
1768 704 1908 738 astricta
1926 703 1971 737 16-

454 767 557 815 gibus
576 776 809 812 paganorum.
833 763 984 797 Veniens
1004 775 1088 811 ergo
1112 762 1319 797 Gandavum
1342 769 1484 796 sanctus
1506 761 1705 805 Amandus,
1730 763 1774 796 ab
1792 761 1970 796 idolorum

454 825 591 858 cultura
623 822 795 868 populum
826 821 985 867 ejusdem
1017 821 1083 855 loci
1110 820 1347 867 praedicando
1375 821 1549 854 convertit
1566 847 1575 864 ,
1607 820 1736 854 deinde
1770 826 1972 854 constructa

454 882 595 916 basilica
619 882 656 915 in
679 880 815 914 honore
841 880 951 914 sancti
975 880 1089 923 Petri,
1113 880 1305 914 monachos
1328 880 1377 914 ibi
1399 880 1535 926 posuit,
1562 879 1849 926 discipulumque
1866 891 1971 913 suum

455 947 618 975 sanctum
637 940 659 973 F
663 940 860 973 lorbertum
878 939 1043 973 abbatem
1062 939 1111 972 eis
1129 938 1309 984 praefecit.
1334 939 1417 972 Post
1433 938 1538 972 etiam
1557 938 1728 972 illustrem
1747 938 1881 980 virum,
1907 949 1974 971 no-

456 1000 549 1033 mine
566 999 761 1041 Bau-onem,
783 997 827 1032 ad
848 997 976 1031 Christi
996 997 1103 1031 fidem
1124 997 1314 1040 convertit,
1339 997 1401 1043 qui
1421 997 1540 1030 multis
1559 997 1659 1031 annis
1678 997 1714 1030 in
1728 1008 1769 1029 eo
1794 996 1889 1039 loco,
1911 996 1973 1030 ubi

454 1070 549 1092 nunc
571 1057 784 1091 coenobium
816 1056 1075 1090 monachorum
1099 1056 1135 1089 in
1165 1055 1301 1089 honore
1327 1055 1436 1101 ipsius
1464 1061 1708 1090 constructum
1736 1062 1805 1098 est,
1833 1054 1973 1088 Christo

455 1117 607 1151 servivit.
634 1115 763 1149 Sancto
785 1114 946 1149 Amando
972 1115 1165 1158 moriente,
1182 1115 1256 1160 jam
1277 1115 1400 1148 beatus
1421 1114 1592 1148 Acharius
1611 1113 1807 1148 decesserat
1824 1120 1859 1148 et
1876 1126 1974 1148 sanc-

457 1183 512 1209 tus
535 1174 667 1222 Eligius
691 1174 722 1207 ei
745 1180 975 1217 successerat,
1004 1185 1097 1207 311110
1122 1173 1263 1207 Domini
1292 1172 1479 1216 DCXLIX,
1506 1173 1569 1220 qui
1595 1173 1788 1219 supervixit
1812 1179 1973 1207 sanctum

457 1232 659 1268 Amandum
670 1259 678 1275 ,
699 1232 746 1265 ita
760 1238 799 1265 ut
814 1238 893 1278 post
906 1231 985 1265 XVI
1001 1244 1111 1265 annos
1126 1243 1254 1277 corpus
1268 1232 1343 1277 ejus
1356 1230 1401 1265 de
1418 1231 1561 1265 ecclesia
1575 1230 1611 1265 S.
1630 1231 1725 1265 Petri
1739 1231 1970 1273 transtulerit,

457 1300 489 1327 et
511 1293 547 1326 in
566 1291 736 1337 majorem
760 1291 957 1333 basilicam,
974 1303 1083 1336 quam
1103 1291 1176 1336 ipse
1196 1296 1337 1324 sanctus
1356 1289 1537 1324 Amandus
1556 1290 1592 1323 in
1607 1290 1744 1324 honore
1765 1291 1875 1324 sancti
1894 1289 1974 1323 Ste-

456 1351 565 1397 phani
585 1350 856 1396 protomartyris
874 1349 1117 1383 aedificaverat
1129 1376 1138 1393 7
1160 1361 1340 1396 quamque
1358 1349 1482 1383 beatus
1500 1349 1631 1397 Eligius
1651 1348 1873 1384 dedicaverat
1885 1376 1894 1390 ,
1923 1350 1975 1382 111-

456 1416 598 1457 tegrum
613 1415 648 1442 et
665 1409 931 1454 incorruptum,
953 1420 992 1442 ac
1007 1408 1034 1442 si
1052 1407 1176 1442 eadem
1195 1407 1252 1442 die
1269 1407 1460 1442 defunctus
1478 1407 1619 1451 fuisset,
1640 1420 1782 1442 rursum
1801 1407 1971 1454 sepelivit.

460 1469 538 1514 Ipse
556 1479 700 1514 quoque
720 1467 851 1515 Eligius
867 1467 959 1500 inter
974 1473 1109 1501 caetera
1128 1467 1306 1513 praeclara
1321 1466 1507 1510 coenobia,
1529 1479 1620 1514 quae
1636 1479 1697 1513 per
1723 1466 1868 1501 Galliam
1888 1478 1975 1501 con-

460 1526 608 1569 struxit,
634 1525 740 1559 etiam
763 1525 943 1559 ecclesiam
969 1525 1079 1559 5311611
1101 1526 1260 1569 Martini,
1286 1526 1322 1559 in
1346 1526 1463 1559 locum
1488 1525 1550 1559 ubi
1574 1537 1669 1560 nunc
1691 1532 1743 1560 est
1761 1532 1974 1568 restaurata,

459 1597 550 1631 quae
559 1584 603 1618 ab
614 1584 750 1630 impetu
762 1584 1014 1627 Normaunico,
1033 1596 1125 1618 anno
1137 1585 1277 1618 Domini
1288 1584 1541 1618 DCCCLXXXI
1556 1584 1667 1628 facto,
1684 1584 1863 1619 destructa
1871 1585 1977 1619 fuisse

459 1642 608 1685 dicitur,
633 1641 830 1676 aedificavit
843 1642 933 1676 sieut
950 1642 986 1675 111
1000 1643 1229 1689 56(1116111111115
1244 1642 1381 1688 plenius
1400 1643 1587 1688 reperitur.
1607 1643 1713 1677 Beato
1731 1643 1842 1691 Eligio
1858 1643 1978 1678 Mum-

460 1701 620 1735 molenus
638 1701 804 1734 successit
821 1728 829 1744 ,
851 1700 1092 1735 Mummoleno
1109 1701 1322 1735 Gunduinus
1336 1728 1345 1745 ,
1367 1701 1560 1736 Gundujno
1575 1701 1785 1746 Guarulfus,
1808 1702 1978 1737 Guarulfo

460 1760 681 1803 Crasmarus,
699 1759 882 1793 Crasmaro
900 1761 1153 1808 Framengerus
1165 1787 1174 1803 ,
1192 1761 1425 1808 Framengero
1440 1760 1635 1794 Humianus
1647 1787 1656 1803 ,
1672 1761 1847 1795 Humiano
1862 1760 1978 1796 Guido

461 1831 542 1852 cum
563 1817 734 1859 Ennutio,
759 1817 904 1851 demun]
925 1818 1080 1852 Heliseus
1093 1845 1101 1861 ,
1123 1818 1257 1852 Heliseo
1275 1817 1495 1861 Adelfridus,
1517 1817 1699 1853 Adelfrido
1719 1819 1826 1863 Dido,
1849 1819 1978 1854 Didoni

463 1876 694 1919 Gillebertus,
714 1876 776 1922 qui
798 1876 913 1910 fuerat
931 1877 1039 1910 3111135
1056 1877 1167 1911 5311611
1186 1876 1336 1910 Amandi
1358 1876 1588 1910 Helnonensis
1603 1877 1640 1910 in
1663 1877 1813 1922 Pabula,
1834 1879 1896 1925 qui
1914 1891 1980 1925 pro

464 1935 631 1982 parochia
650 1934 686 1968 S.
709 1935 867 1979 Martini,
886 1948 976 1982 quae
991 1936 1055 1969 sita
1071 1942 1124 1970 est
1141 1935 1237 1982 apud
1256 1936 1468 1979 Helnonem,
1485 1936 1521 1969 111
1539 1936 1718 1982 episcopio
1729 1938 1977 1980 Attrebatensi,

462 1993 593 2028 djcitur
617 1993 781 2039 episcopo
804 1993 1044 2027 Cameracensi
1070 1993 1207 2028 dedisse
1233 2006 1298 2040 pro
1319 1994 1598 2028 commutatione
1620 1994 1897 2030 Marceniensem
1915 1996 1981 2030 ab-

463 2052 613 2095 hatiam,
643 2064 733 2098 quae
760 2053 795 2085 in
822 2052 1026 2098 episcopatu
1051 2052 1263 2087 Tornacensi
1290 2053 1395 2099 jacet.
1427 2052 1617 2087 Gilleberto
1649 2054 1815 2088 suecessit
1843 2055 1953 2089 Pleon
1969 2082 1977 2098 ,

463 2110 584 2144 Pleonj
600 2110 897 2153 Guandelmarus,
916 2110 1177 2145 Guandelmaro
1192 2111 1410 2158 Ronegarius
1424 2117 1459 2144 et
1472 2110 1654 2154 Ficardus,
1670 2113 1692 2146 F
1694 2113 1815 2148 icardo
1833 2114 1978 2156 Emnio,

466 2169 529 2215 qui
543 2181 562 2202 a
581 2169 793 2203 Normannis
812 2169 941 2204 dicitur
960 2170 1066 2204 fuisse
1081 2170 1232 2213 occisus,
1254 2183 1347 2205 anno
1363 2170 1554 2214 DCCCLX,
1575 2178 1656 2205 ante
1674 2172 1788 2206 valvas
1815 2173 1979 2207 ecclesiae

465 2228 707 2262 Tornacensis.
736 2229 798 2264 Cui
820 2230 986 2264 5116665511
1003 2231 1204 2264 Ramelinus
1224 2237 1259 2264 et
1277 2230 1434 2274 Heidilo,
1456 2231 1523 2264 sub
1540 2243 1613 2277 quo
1631 2231 1723 2265 cives
1742 2231 1980 2266 Tornacenses

464 2286 559 2332 apud
574 2287 786 2321 Noviomun]
801 2300 836 2322 se
854 2289 1095 2333 contulerunt,
1113 2296 1258 2336 propter
1275 2289 1550 2323 devastationem
1566 2296 1601 2323 et
1614 2290 1878 2336 oppressionem
1894 2289 1980 2325 Nor-

466 2358 677 2380 mannorum
693 2373 701 2389 ,
726 2346 871 2393 quando
893 2348 999 2381 etiam
1019 2348 1185 2382 monachi
1202 2348 1364 2382 coenobii
1385 2348 1421 2382 S.
1443 2348 1606 2392 Martini,
1627 2347 1786 2394 ejusdem
1807 2349 1976 2391 civitatis,

466 2404 562 2450 apud
585 2404 696 2451 Supas
718 2406 835 2440 villam
859 2418 980 2450 suam,
1005 2407 1041 2440 in
1065 2408 1242 2454 episcopio
1263 2408 1449 2442 Parisiensi
1474 2408 1598 2452 sitam,
1621 2407 1852 2442 diverterunt.
1878 2408 1980 2441 Anno

467 2463 607 2497 Domini
627 2463 899 2508 DCCCLXXXI,
924 2465 1113 2513 vigesimus
1138 2467 1308 2512 septimus
1331 2467 1547 2510 Raubertus,
1575 2467 1632 2501 cui
1657 2466 1822 2501 successit
1848 2466 1979 2512 Aynar—
