2137 3131
436 403 506 437 776
1046 392 1336 428 APPENDICES.

1119 529 1248 564 XXXV
1254 557 1261 563 .

439 625 539 660 Bulla
559 624 606 657 du
619 634 710 669 pape.
727 619 929 654 Alexandra
953 617 1038 661 III,
1058 620 1123 664 qui
1137 617 1304 663 confirmo
1325 615 1349 651 ἀ
1371 618 1530 665 l'ahbaye
1548 617 1583 652 la
1598 620 1793 665 possession
1813 618 1855 652 de
1879 624 1955 653 tons

992 688 1043 710 ses
1060 676 1170 710 biens.
1187 696 1235 701 —
1249 675 1388 710 Nmovc.

1003 856 1019 877 Α
1032 854 1129 877 S=-Jean
1142 853 1171 877 de
1183 854 1271 877 Latran
1281 872 1287 876 .
1309 854 1380 877 1178.

474 928 614 964 imprimee
625 927 691 954 dans
705 927 744 953 les
756 935 874 962 preuves
888 925 925 951 du
937 930 1002 951 tom.
1019 925 1043 951 11
1055 924 1103 951 des
1120 925 1243 951 Annales
1255 924 1312 951 ord.
1328 924 1450 958 Putem„
1464 925 1517 951 col.
1532 924 1670 952 CCXXXI.

1154 990 1262 1021 Origiual
1273 997 1321 1014 aux
1333 989 1440 1014 archives
1449 990 1478 1014 de
1489 989 1512 1014 la
1523 991 1539 1014 F
1541 990 1623 1015 landre
1632 991 1760 1022 orientale,
1777 999 1846 1016 sceau
1857 991 1956 1017 denuit.

1109 1251 1253 1286 XXXVI
1261 1279 1267 1285 .

444 1343 620 1388 Godefroe',
651 1342 720 1375 duc
747 1342 788 1375 {le
813 1340 972 1382 Lotliz'er,
997 1340 1112 1374 clomze
1133 1338 1156 1373 ἀ
1180 1339 1338 1385 l’abhaye
1362 1350 1433 1372 une
1458 1341 1621 1372 arouerz'e
1642 1346 1674 1372 et
1702 1352 1751 1373 un
1773 1339 1917 1386 be'ne'fiee
1934 1339 1958 1374 ἀ

992 1399 1172 1433 Stritlzem.
1191 1419 1238 1424 -—
1257 1397 1399 1432 CATumI.

1164 1575 1234 1598 1178.

478 1650 506 1675 ln
518 1650 624 1675 nomine
636 1649 722 1674 ratris
737 1653 763 1673 et
774 1647 833 1673 Filii
847 1653 874 1673 et
885 1647 1004 1683 Spiritus
1017 1647 1120 1673 Sancti.
1133 1646 1299 1673 Godesridus
1310 1667 1316 1678 ,
1332 1645 1424 1671 divina
1434 1645 1579 1671 ordinante
1593 1645 1778 1680 providentia,
1791 1645 1846 1673 dux
1857 1646 1961 1673 Lotba-

439 1698 542 1734 ringiae
551 1718 557 1726 Ἴ
570 1702 625 1722 tam
638 1696 738 1721 futuris
749 1705 830 1731 quam
841 1695 1032 1730 praesentibus
1043 1695 1069 1721 in
1078 1700 1255 1730 perpetuum.
1268 1694 1367 1720 Ratum
1379 1693 1438 1719 sore
1449 1698 1475 1719 et
1484 1702 1560 1719 more
1571 1692 1812 1728 praedecessorum
1823 1703 1958 1728 meorum,

440 1745 538 1770 ducum
557 1743 773 1769 orthodoxorum
784 1764 791 1775 7
804 1743 903 1769 stabile
915 1752 1078 1778 permanere
1093 1748 1185 1768 statuo
1197 1741 1332 1777 quidquid
1344 1741 1452 1767 Christo
1465 1744 1493 1767 et
1511 1741 1572 1775 ejus
1587 1746 1697 1767 sanctae
1710 1741 1840 1768 ecclesiae
1853 1742 1960 1768 ratione

440 1797 468 1817 et
483 1800 530 1826 spe
541 1790 635 1817 salmis
645 1795 786 1815 aeternae.
800 1789 920 1825 praebeo
935 1795 963 1816 et
975 1790 1117 1816 confirmo.
1133 1788 1251 1815 Proinde
1265 1788 1433 1814 advocatiam
1447 1787 1481 1814 de
1491 1787 1592 1813 allodio
1601 1787 1630 1814 S.
1643 1787 1778 1823 Aychadri
1792 1788 1820 1814 in
1831 1789 1961 1824 parochia

441 1838 474 1863 de
485 1838 650 1863 Lumbecea.
661 1841 687 1862 et
699 1837 862 1862 beneficium
874 1836 1010 1872 quoddam
1025 1836 1099 1872 apud
1107 1835 1235 1861 Stritltem
1245 1856 1251 1867 ⁷
1263 1834 1389 1861 videlicet
1400 1834 1512 1870 garbam
1524 1855 1531 1866 ,
1544 1843 1655 1860 censum
1670 1840 1811 1861 etcaetera
1825 1836 1915 1862 omnia
1926 1837 1960 1863 ad

441 1886 492 1911 huc
508 1884 669 1911 beneficium
685 1884 850 1918 pertinentia
860 1904 867 1915 ‚
883 1893 964 1919 quam
979 1884 1149 1910 advocatiam
1163 1889 1190 1910 et
1209 1882 1284 1918 quod
1298 1882 1462 1908 heneficium
1478 1882 1614 1908 Henricus
1629 1881 1663 1908 de
1675 1881 1748 1908 Lewe
1762 1882 1796 1908 de
1810 1882 1959 1910 castellano

442 1931 617 1958 Bruxellense
630 1930 773 1957 feodaliter
790 1936 932 1963 tenuerat,
948 1931 1113 1957 castellanus
1127 1940 1192 1957 vero
1205 1930 1240 1956 de
1255 1939 1295 1956 me
1309 1929 1459 1956 habuerat.
1474 1929 1613 1955 Ninivensi
1628 1928 1757 1954 ecclesiae
1770 1928 1887 1966 largitus
1897 1939 1958 1956 sum

441 1985 468 2005 et
481 1988 511 2004 ea
526 1988 584 2004 eam
597 1978 631 2003 ab
644 1978 716 2003 omni
732 1979 872 2004 exactione
886 1988 1010 2005 meorum
1028 1984 1055 2005 et
1070 1988 1128 2004 mea
1140 1984 1276 2014 perpetuo
1290 1977 1377 2003 libera
1392 1976 1532 2012 possidere
1543 1976 1673 2002 decerno.
1686 1976 1762 2002 Hanc
1771 1982 1862 2003 autem
1877 1978 1962 2005 advo-

441 2028 536 2052 catiam
555 2032 581 2051 et
600 2025 666 2051 illud
689 2026 851 2051 beneficium
873 2026 1039 2052 castellanus
1054 2026 1237 2052 Bruxeliensis
1253 2025 1288 2051 ob
1306 2029 1445 2050 aeternam
1465 2024 1516 2050 mei
1537 2029 1565 2049 et
1579 2033 1716 2055 meorum,
1731 2024 1775 2049 sui
1789 2033 1960 2061 suorumque

440 2076 562 2100 vivorum
575 2072 617 2099 vel
628 2072 822 2099 defunctorum
834 2073 949 2100 salutem
963 2074 1103 2109 praefatae
1113 2073 1244 2100 ecclesiae
1252 2073 1390 2098 Ninivensi
1401 2073 1428 2097 in
1436 2071 1636 2107 eleemosynam
1646 2071 1762 2107 largitus
1771 2077 1813 2098 est
1825 2093 1833 2104 ‚
1848 2081 1919 2108 quae
1930 2079 1961 2099 ut

441 2121 561 2155 ejusdem
575 2121 764 2155 eleemosynae
782 2130 888 2147 merear
905 2122 1079 2157 participium
1097 2127 1123 2147 et
1138 2122 1165 2147 in
1182 2120 1321 2147 Ninivensi
1337 2120 1470 2146 coenobio
1490 2119 1671 2145 fraternitatis
1689 2119 1856 2145 consortium
1870 2121 1961 2147 animo

442 2169 634 2204 benignissimo
654 2175 679 2195 et
696 2169 747 2204 ipsi
767 2169 904 2196 concessi.
921 2169 973 2195 huc
989 2174 1097 2195 retento
1117 2174 1147 2194 ut
1161 2169 1187 2194 in
1203 2168 1246 2194 his
1261 2174 1288 2194 et
1305 2168 1331 2193 in
1344 2167 1404 2193 aliis
1422 2177 1464 2193 me
1482 2167 1638 2202 praedictae
1654 2166 1785 2193 ecclesiae
1798 2167 1960 2200 consilium,

443 2216 570 2242 auxilium
581 2222 607 2242 et
618 2217 731 2243 tutelam
744 2216 846 2242 debere
858 2217 1000 2251 profitear.
1015 2217 1051 2243 Ut
1064 2221 1154 2243 autem
1170 2216 1221 2242 hoc
1234 2216 1337 2242 donum
1352 2215 1487 2246 salutare=
1501 2213 1599 2240 stabile
1610 2219 1636 2240 et
1651 2214 1841 2240 inconvulsum
1854 2225 1962 2250 perma-

442 2270 518 2290 neat.
534 2266 635 2299 scripto
653 2270 679 2290 et
692 2264 813 2300 legitimo
828 2265 985 2290 testimonio
999 2274 1106 2290 necnon
1119 2269 1147 2290 et
1160 2263 1241 2300 sigilli
1255 2264 1306 2289 mei
1321 2262 1488 2289 adminiculo
1502 2262 1571 2288 illud
1586 2262 1775 2288 corroboravi.
1789 2261 1886 2289 Testes
1899 2262 1963 2289 Phi-

441 2312 531 2346 lippus
544 2333 550 2336 .
572 2312 655 2338 abbas
673 2312 706 2338 de
726 2312 825 2344 Parem
847 2318 873 2338 et
892 2312 1023 2339 Thomas.
1044 2312 1145 2338 ibidem
1166 2313 1259 2347 prior3
1279 2310 1417 2337 Aruoldus
1435 2310 1469 2336 de
1488 2310 1605 2343 Rotslar,
1621 2308 1745 2344 dapifer3
1765 2314 1792 2335 et
1807 2309 1881 2336 filius
1900 2310 1960 2344 ejus

444 2358 588 2384 Arnoldus.
606 2360 701 2384 Actum
716 2368 786 2384 anno
801 2358 909 2385 Domini
922 2358 1118 2385 MCLDH'III.

1201 2415 1310 2447 Original
1320 2434 1327 2439 ,
1339 2422 1408 2439 sceau
1419 2422 1448 2438 en
1460 2414 1508 2437 cire
1519 2413 1595 2438 brune
1605 2413 1766 2445 endommage
1776 2431 1783 2437 .
1796 2421 1843 2437 aux
1856 2413 1963 2437 archives

1220 2458 1249 2481 de
1261 2458 1283 2482 {a
1294 2457 1395 2482 Flandre
1405 2457 1530 2481 orientale.
