2118 3184
430 463 698 499 GHRONICON
730 465 942 500 BALDUlNl
971 465 1274 501 NlNOVIENSlS.
1540 465 1608 501 683

95 571 298 616 episcopus2
318 571 404 605 haec
423 584 509 605 vana
526 572 704 606 refellebat
717 599 724 605 .
742 572 862 606 dicens
876 572 974 619 quod
987 574 1061 607 sine
1073 574 1178 607 armis
1192 581 1226 607 et
1241 574 1411 608 militibus
1426 573 1536 620 patria
1551 572 1609 606 de-

95 628 192 663 fendi
212 641 282 663 non
304 636 433 675 posset,
455 629 594 663 divinae
614 630 698 677 legis
719 637 904 676 praecepto
927 632 1084 677 rapinam
1105 631 1340 674 reddendam„
1364 639 1403 665 ut.
1421 632 1608 666 satisfactio

96 687 213 721 locum
228 687 358 721 habere
373 693 501 733 posset,
518 687 739 734 stultumque
753 701 875 722 omnes
891 689 974 722 velte
992 690 1103 723 faeere
1119 690 1247 724 similes
1263 691 1296 724 in
1313 702 1424 735 poena
1435 717 1443 732 ,
1460 691 1522 737 qui
1538 702 1606 724 non

94 752 210 779 essent
226 746 354 779 similes
369 746 404 779 in
425 746 541 791 culpa.

143 805 244 838 Anno
268 804 446 837 mxx-xv!
462 831 469 837 .
493 804 666 839 flodulfus
686 818 761 847 rex³
783 818 928 839 suorum
951 807 1133 840 insolentia
1155 808 1329 853 pulsatus.¹
1353 820 1500 856 regnum
1518 808 1609 841 Bur-

92 861 246 910 gundiae
264 861 426 896 Conrado
447 863 651 909 imperatori
668 864 786 898 tradit.
811 865 932 911 Itaque
952 865 1156 913 Burgundia
1178 866 1210 899 in
1232 867 1447 912 provinciam
1468 866 1607 900 redacta

91 927 166 964 est,
191 932 299 967 quam
323 933 342 954 a
364 927 524 968 tempore
547 923 681 956 Arnulfi
705 924 925 969 imperatoris
946 937 1007 970 per
1029 937 1138 958 annos
1157 925 1235 970 plus
1257 926 1372 959 minus
1392 938 1476 959 cxxx
1495 926 1609 973 gentis

90 990 173 1012 suae
195 990 294 1026 reges
314 986 513 1014 tenuerant.
540 981 731 1025 Henricusr
754 994 870 1016 eomes
894 983 1137 1017 Lovaniensis.
1164 984 1197 1017 in
1217 983 1324 1017 domo
1343 997 1404 1018 sua
1424 985 1609 1030 perimitur

90 1049 110 1070 a
128 1037 267 1083 captivo
281 1050 345 1071 suo
366 1038 578 1073 Hermanno.
604 1040 686 1073 Post
701 1040 798 1083 Ott07
821 1041 912 1074 filius
929 1041 1003 1086 ejus
1016 1069 1023 1074 .
1046 1042 1202 1075 succedit
1221 1043 1257 1075 in
1276 1042 1428 1086 ducatu,
1448 1055 1520 1089 quo
1540 1043 1607 1076 im-

91 1101 229 1130 matura
244 1103 356 1130 morte
371 1105 559 1142 praevento
572 1125 580 1138 ,
597 1099 761 1133 successit
782 1105 927 1145 patruus
945 1100 1019 1145 ejus
1038 1100 1233 1134 llaldricus.
1256 1102 1316 1147 qui
1335 1108 1369 1135 et
1384 1102 1603 1135 Lambertus.

141 1155 241 1189 Anno
262 1155 477 1190 MXXXYlll
493 1184 500 1190 .
518 1157 689 1191 Henricus
711 1171 768 1191 rex
782 1185 789 1191 .
808 1158 898 1191 fitius
914 1158 1064 1192 Com-adi
1078 1186 1085 1194 .
1108 1172 1253 1193 uxorem
1271 1160 1371 1193 ducit
1389 1161 1495 1194 filiam
1516 1161 1606 1208 regis

91 1213 298 1261 Anglorum.
316 1214 509 1248 Normanni
525 1216 560 1248 in
579 1216 701 1262 Apulia
715 1217 902 1250 confortati
923 1217 1043 1250 vicinis
1062 1224 1232 1251 terrorem
1251 1219 1440 1251 incutiunt.

140 1274 242 1306 Anno
259 1272 407 1307 MXLIII
422 1301 430 1316 e
452 1274 487 1306 in
507 1273 691 1318 Gandavo7
715 1282 895 1320 praesente
915 1276 1035 1321 populi
1055 1275 1303 1317 multitudine,
1325 1289 1406 1310 eum
1427 1284 1503 1322 post
1522 1290 1605 1323 pro-

90 1331 281 1365 cessionem
299 1332 409 1365 sancti
430 1331 599 1371 Guduali„
624 1333 814 1366 referretur
832 1333 1022 1375 scriniumff
1045 1334 1161 1381 imago
1183 1335 1297 1367 crucis
1317 1335 1484 1368 inclinato
1506 1336 1603 1369 vultu

88 1401 170 1423 eum
185 1396 347 1423 venerata
366 1390 557 1424 immobilis
572 1391 699 1424 mansit
713 1403 828 1437 neque
846 1404 881 1425 se
896 1391 1041 1425 rellexit.
1060 1392 1242 1426 Conradus
1259 1393 1451 1438 imperator
1472 1393 1602 1427 ltaliam

88 1447 197 1494 petit,
227 1454 268 1481 ut
285 1448 512 1482 rebellionem
534 1448 742 1483 meditantes
763 1449 966 1483 debellaret..
989 1450 1182 1496 Episcopus
1204 1449 1493 1494 Mediolanensis.⁴
1521 1452 1603 1497 quia

88 1506 262 1554 quosdam
289 1507 472 1553 episcopos
493 1508 558 1542 sibi
584 1509 778 1542 contrarios
800 1511 834 1541 in
859 1509 1006 1542 vinculis
1030 1509 1193 1551 tenebat,
1219 1510 1415 1554 periculum
1445 1516 1604 1543 metuens

89 1577 171 1600 cum
187 1565 271 1614 fuga
290 1565 406 1612 lapsus
421 1573 527 1609 esset,
545 1567 737 1613 imperator
751 1568 955 1601 suburbana
971 1567 1158 1601 Mediolani
1174 1567 1342 1602 incendit.
1362 1568 1430 1608 Qui
1445 1568 1501 1602 die
1518 1569 1604 1602 Pen-

88 1630 235 1658 tecostes
248 1622 334 1657 dum
346 1635 445 1658 secus
463 1624 623 1658 eamdem
639 1625 762 1659 urbem
776 1625 818 1659 ad
840 1626 979 1659 missam
1000 1632 1188 1659 coronatus
1206 1625 1377 1669 adstaret,
1394 1633 1466 1660 tam
1484 1628 1602 1674 gravia

88 1683 180 1717 facta
196 1688 280 1716 sunt
297 1683 471 1726 tonitrua,
493 1690 534 1717 ut
551 1684 658 1730 aliqui
678 1684 858 1718 nimietate
879 1685 1017 1730 pavoris
1036 1685 1141 1718 vitam
1165 1685 1320 1718 finirent.
1346 1685 1465 1719 Bruno
1484 1692 1601 1719 autem

88 1741 293 1788 episcopus7
323 1740 410 1775 dum
438 1741 581 1776 offerret
607 1743 836 1785 sacrificium,
867 1743 955 1777 vidit
979 1750 1139 1777 sanctum
1164 1744 1389 1777 Ambrosium
1416 1745 1601 1789 imperanti

88 1800 376 1834 comminantem.
400 1800 522 1846 Itaque
540 1801 664 1835 beatus
684 1801 888 1835 Ambrosius
907 1801 1109 1835 Conradum
1129 1808 1241 1835 morte
1260 1803 1497 1847 compescuit7
1520 1815 1600 1836 nam

87 1869 160 1892 non
179 1858 292 1892 multo
311 1864 391 1904 post
410 1859 559 1893 moritur
577 1860 613 1892 in
634 1860 743 1893 Italia.

138 1918 239 1950 Anno
253 1915 381 1950 MXLH
394 1943 403 1959 7
426 1916 595 1951 Henricus
609 1917 770 1952 Conrado
790 1919 879 1963 patri
895 1930 959 1952 suo
973 1917 1130 1952 succedit
1147 1919 1181 1951 in
1201 1918 1350 1964 imperio
1365 1925 1400 1952 et
1417 1919 1601 1965 imperavit

87 1975 187 2009 annis
202 1975 296 2021 xviij.
315 1974 418 2021 Apud
432 1975 771 2022 Constantinopolim
789 1976 1038 2010 Constantinus
1057 1977 1251 2010 monachus
1269 1977 1431 2022 imperat.
1452 1977 1577 2011 Petrus
1590 2004 1598 2020 ‚

86 2045 145 2068 rex
165 2033 387 2081 Ungarorum
401 2061 410 2076 7
431 2046 540 2082 regno
559 2035 680 2080 pulsus
699 2047 761 2081 per
779 2035 960 2068 Ebbonem
983 2047 1119 2082 regem,
1141 2035 1270 2068 auxilio
1289 2035 1427 2069 Henriei
1447 2036 1600 2081 impera-

86 2092 172 2126 toris
181 2092 394 2134 restituitur;
411 2104 475 2138 pro
485 2105 555 2139 qua
569 2106 606 2127 re
616 2093 804 2141 Ungariam
816 2094 899 2127 facit
909 2093 1110 2139 imperatori
1126 2093 1361 2127 tributariam.
1375 2093 1596 2137 Benedictus}

87 2150 287 2197 symoniace
305 2156 437 2196 papatu
460 2151 599 2194 invaso.¹
622 2163 703 2185 cum
726 2158 815 2185 esset
837 2150 934 2184 rudis
953 2151 1167 2194 litterarum,
1193 2151 1341 2185 alterum
1364 2151 1408 2185 ad
1427 2152 1517 2185 vices
1539 2164 1598 2186 ec-

85 2208 265 2242 clesiastici
279 2207 381 2242 officii
397 2209 636 2255 exsequendas
650 2210 846 2243 consecrari
861 2210 963 2251 fecitg
981 2210 1041 2243 sed
1057 2222 1138 2243 cum
1153 2216 1249 2244 tanta
1264 2211 1454 2244 enormitas
1468 2211 1512 2244 ab
1526 2223 1599 2244 om-

84 2266 190 2300 nibus
207 2265 423 2311 culparetur,
440 2267 565 2300 tertius
584 2267 849 2313 superducitur,
870 2268 930 2313 qui
951 2268 1044 2301 solus
1062 2267 1215 2301 duorum
1235 2268 1326 2302 vices
1345 2269 1519 2314 impleret.
1541 2268 1597 2303 Sic

85 2336 199 2358 unum
218 2330 339 2357 contra
355 2323 445 2358 duos
463 2331 498 2358 et
513 2324 604 2359 duos
621 2332 743 2359 contra
762 2338 873 2359 unum
888 2326 1111 2369 altercantes7
1134 2326 1302 2360 Henricus
1324 2327 1515 2372 imperator
1533 2327 1598 2361 de-

85 2382 199 2429 ponit,
215 2381 259 2416 ad
273 2381 508 2416 dirimendam
523 2383 675 2428 partium
688 2383 782 2417 litem
797 2383 986 2418 advocatus
999 2411 1006 2427 ,Ι
1024 2390 1059 2417 et
1067 2383 1282 2432 Swidigerus
1297 2385 1596 2433 Babcnbergensis

84 2441 270 2488 episcopus
282 2467 290 2483 .,
316 2440 377 2486 qui
396 2446 431 2473 et
449 2439 608 2474 Clemens
621 2468 629 2483 a
651 2442 818 2475 canonice
839 2442 1078 2476 substituitur.
1101 2443 1144 2476 At
1162 2442 1332 2476 Henricus
1349 2443 1384 2476 in
1404 2443 1597 2489 imperato-

83 2511 158 2534 rem
172 2497 406 2533 benedicitur.
426 2498 559 2532 Iterum
574 2499 631 2534 hic
649 2512 690 2533 ex
704 2500 759 2533 his
772 2512 862 2546 quae
878 2513 932 2534 me
950 2501 1072 2549 legisse
1090 2501 1233 2534 memini
1251 2513 1436 2536 occurrere
1456 2501 1595 2537 videtur

87 2557 336 2592 controversia.
356 2556 444 2591 Nam
454 2569 545 2604 quae
554 2557 725 2592 hactenus
739 2557 890 2593 diximus
900 2572 918 2593 a
933 2558 1117 2607 Sigeberto
1126 2565 1287 2606 excerpta
1301 2565 1397 2604 sunt⁷
1415 2566 1452 2594 at
1468 2572 1596 2595 secun-
