2118 3184
738 391 1027 426 APPENDICES.
1574 392 1643 427 849

123 506 198 523 more
209 518 215 524 .
231 502 257 523 et
269 497 343 533 quod
355 497 442 524 dictae
451 498 581 524 ecclesiae
592 497 822 525 Ninivensilibere
835 509 941 535 possem
950 500 1077 526 conferre
1089 509 1095 526 ε
1109 500 1194 536 igilur
1204 499 1306 526 dictum
1319 508 1414 525 nemus
1425 499 1495 526 sicut
1506 500 1532 525 in
1548 508 1643 526 manus

122 554 194 570 meas
202 543 291 570 suerat
301 550 483 580 reportatum.
495 550 521 571 et
530 546 599 571 sicut
607 545 674 571 illud
682 546 708 571 in
717 555 797 572 manu
807 556 864 572 mvn
874 547 960 573 libere
971 547 1107 574 tenebam,
1119 547 1144 573 in
1157 556 1252 573 manus
1262 546 1354 572 fratris
1364 545 1481 582 Aegidii.
1491 546 1642 573 Ninivensis

119 592 249 618 ecclesiae
262 593 422 627 praepositi,
436 592 469 618 ad
480 602 550 627 opus
559 592 680 625 ejusdem
690 593 821 619 ecelesiae
831 594 928 623 libere,
943 595 1062 621 libenter
1073 600 1099 620 et
1108 594 1218 626 devote,
1231 595 1258 620 in
1267 598 1428 629 perpetuam
1441 593 1639 628 eleemosynam

120 639 238 667 contuli.
250 644 277 666 et
292 645 387 665 contra
401 649 495 666 omnes
504 640 562 673 juri
576 649 674 675 parere
687 640 811 667 nolentes
823 641 929 667 fidelem
944 647 971 668 et
984 651 1076 668 veram
1091 652 1105 667 a
1117 651 1158 668 me
1172 647 1199 667 et
1213 651 1227 667 a
1241 641 1446 667 successoribus
1460 641 1526 666 meis
1537 649 1642 666 waran-

119 687 214 713 disiam
230 687 351 722 promisi.
369 686 403 712 L't
413 691 503 712 aulem
520 686 587 712 haec
602 687 629 712 iu
642 696 739 713 aevum
753 693 811 713 rata
825 694 1004 723 permaneant
1023 694 1050 715 et
1068 689 1228 715 inconcussa
1239 709 1245 719 ‚
1261 687 1392 723 scriptum
1407 696 1536 722 praesens
1552 686 1641 723 sigillo

120 743 179 760 meo
193 739 219 760 et
232 734 321 770 sigillo
333 733 421 769 sigeri
432 754 438 760 .
453 733 501 759 {ilii
520 734 586 760 mei.
603 734 734 761 roborare
748 735 841 761 studui
853 741 878 761 et
893 736 1066 762 confirmare.
1089 737 1185 762 Actum
1199 735 1272 771 apud
1290 734 1438 771 Aienghem
1450 744 1521 760 anno
1532 734 1638 760 Domini

120 780 276 807 ntccxxlu
288 803 294 811 ,
312 790 403 807 mense
419 780 572 807 Decembri.

1129 829 1237 860 Original
1249 848 1255 854 ,
1267 836 1351 853 sccaux
1363 828 1473 852 den-uiis.

778 1067 967 1102 CXXXVII
976 1095 981 1100 .

119 1167 274 1210 Ge'rard,
289 1171 453 1215 seigneur
463 1168 504 1201 de
517 1167 654 1202 Nmove
663 1168 747 1202 etde
767 1166 997 1214 Grz'mberylze
1005 1193 1015 1209 ‚
1030 1167 1145 1201 donne
1159 1166 1182 1201 ἀ
1196 1167 1352 1215 l’ahhaye
1367 1175 1542 1214 qum-ante
1557 1168 1635 1210 sols,

312 1228 476 1259 monnaie
494 1225 535 1259 de
551 1225 726 1267 Flandre,
741 1237 840 1271 pour
856 1237 918 1258 son
940 1227 1199 1259 anniversaz're.
1217 1245 1265 1251 -—-
1283 1225 1422 1260 Nmovss.

841 1423 914 1446 1225.

152 1493 290 1520 Gen-ardus
301 1514 308 1525 ‚
326 1493 360 1520 de
373 1493 541 1530 Grimbergis
553 1499 580 1520 et
589 1493 623 1519 de
637 1493 732 1519 Ninive
744 1493 871 1520 dominns
881 1515 887 1525 ,
903 1498 930 1519 et
941 1494 1030 1530 Agnes
1043 1515 1050 1526 ,
1068 1502 1137 1520 uxor
1150 1494 1209 1528 ejus
1218 1514 1225 1526 ‚
1240 1493 1367 1520 omnibus
1377 1492 1429 1519 hoc
1439 1493 1572 1528 scriptum
1585 1493 1639 1520 lec-

116 1541 186 1567 turis
199 1541 226 1566 in
240 1545 416 1576 perpetuum.
430 1539 528 1566 Notum
543 1540 622 1566 vobis
631 1539 744 1566 facimus
756 1560 763 1572 ‚
779 1539 854 1575 quod
869 1539 903 1566 ob
918 1545 1056 1566 aeternam
1069 1549 1139 1575 quae
1153 1540 1179 1566 in
1192 1539 1300 1566 Christo
1315 1545 1357 1566 est
1369 1539 1484 1565 salutem
1497 1544 1524 1566 et
1536 1549 1637 1566 memo-

114 1588 183 1614 riam
197 1587 284 1613 nostri
298 1585 467 1613 salutiferam
485 1586 652 1612 contulimus
665 1586 796 1613 ecclesiae
813 1586 951 1612 Ninivensi
965 1586 999 1612 ad
1016 1586 1212 1613 celebrandum
1230 1586 1447 1613 anniversarium
1466 1591 1591 1613 nostrum
1609 1588 1636 1613 in

115 1640 278 1671 perpetuam
293 1634 492 1670 eleemosynam
506 1634 688 1670 quadraginta
701 1633 803 1660 solidos
816 1633 986 1660 flandrenses
1000 1634 1140 1660 annuatim
1152 1655 1159 1667 ,
1174 1639 1205 1660 ut
1215 1633 1278 1660 inde
1291 1634 1428 1669 copiosior
1441 1633 1572 1668 pietantia
1582 1635 1638 1669 pis-

113 1683 185 1709 cium
201 1687 229 1708 et
240 1682 295 1707 vini
309 1686 476 1717 procuretur
493 1682 640 1707 conventui
650 1702 657 1713 ‚
673 1690 742 1716 quos
756 1680 928 1716 recipiendos
939 1681 1136 1717 assignavimus
1146 1680 1180 1707 de
1193 1681 1309 1717 winagio
1322 1686 1417 1707 nostro
1430 1681 1503 1717 apud
1521 1681 1616 1707 Ninive
1628 1703 1634 1714 ,

113 1730 141 1755 in
160 1729 205 1755 die
221 1727 421 1764 purificationis
439 1733 548 1754 sanctae
568 1727 681 1753 Mariae.
700 1727 728 1753 Si
745 1737 811 1754 vero
826 1737 875 1753 nos
890 1727 932 1754 vel
945 1727 1078 1753 haeredes
1093 1727 1179 1753 nostri
1191 1727 1348 1753 dederimus
1366 1737 1417 1763 pro
1430 1727 1553 1763 qualibet
1564 1727 1633 1754 libra

113 1775 306 1815 decem-libras
319 1774 353 1800 ad
365 1773 564 1810 comparandos
579 1773 646 1800 alios
659 1773 765 1800 reditus
775 1794 782 1806 7
797 1774 831 1800 ab
843 1773 893 1801 hac
909 1774 1092 1810 assignatione
1108 1774 1210 1800 erimus
1222 1774 1312 1800 liberi.
1328 1774 1364 1800 Ut
1375 1778 1467 1800 autem
1479 1773 1531 1800 hoc
1544 1779 1635 1800 ratum

114 1827 274 1858 permaneat
290 1822 422 1857 scriptum
433 1842 440 1853 ‚
461 1821 528 1848 haec
545 1821 698 1857 sigillorum
715 1827 872 1847 nostrorum
894 1822 1061 1857 appensione
1077 1826 1104 1847 et
1121 1821 1232 1847 testium
1249 1821 1443 1847 subnotatione
1461 1821 1634 1848 roboramus.

113 1870 226 1906 Signum
240 1869 369 1895 Willelmi
380 1869 414 1895 de
426 1869 610 1905 Grimbergis‚
627 1868 729 1894 domini
743 1868 777 1895 de
795 1868 882 1895 Ascha
894 1879 900 1903 3
917 1868 945 1895 S.
963 1868 1076 1895 Gosuini
1089 1868 1123 1894 de
1139 1868 1212 1904 Erpe
1224 1873 1251 1895 et
1265 1868 1376 1895 Gosuini
1389 1868 1423 1894 de
1441 1868 1552 1903 Bideve,
1567 1869 1638 1895 mili·
1656 1904 1658 1906 v

112 1923 188 1952 tum;
201 1916 229 1944 S.
245 1917 370 1949 Heurici,
383 1916 529 1952 capellani3
542 1916 571 1943 S.
580 1915 719 1942 Michaelis
730 1915 814 1942 Balivi
824 1921 851 1942 et
861 1916 998 1952 IIugonis,
1011 1915 1152 1942 avunculi.
1162 1915 1260 1941 Actum
1267 1925 1339 1941 auno
1348 1915 1455 1942 Domini
1463 1914 1632 1948 MCCXXIII,

115 1973 207 1991 mense
219 1964 374 1990 Novembri.
390 1963 418 1990 S.
433 1963 546 1989 Roberti
560 1962 774 1998 Hassligemensis
788 1967 815 1989 et
826 1962 956 1989 Willelmi
973 1962 1192 1998 Grimbergensis
1202 1962 1343 1988 abbatum.

921 2027 1029 2060 Original
1037 2046 1044 2057 ,
1057 2027 1078 2051 le
1090 2034 1159 2052 sceau
1168 2027 1200 2051 du
1210 2027 1321 2059 seigneur
1332 2027 1361 2051 de
1373 2027 1530 2059 Grimberghe
1541 2031 1575 2051 est
1585 2028 1634 2052 seul

966 2078 1089 2094 conserve.

832 2173 907 2186 ΙΙ

237 2551 324 2584 Tou.
356 2550 399 2583 ll.
643 2531 645 2533 v
1438 2549 1506 2586 107
