2137 3131
464 375 533 410 390

809 373 983 408 CORPUS
1009 371 1158 406 CHRON
1166 371 1337 406 ICORUM
1368 370 1631 405 FLANDRIAE.

877 482 914 514 Et
933 479 1175 513 incredibilem
1194 480 1325 512 liabent
1338 478 1558 524 jactantiam.

871 539 958 572 Nan]
979 539 1005 571 si
1026 538 1105 584 quis
1124 539 1310 584 proprium
1330 550 1453 572 canem
1474 537 1657 579 habueriu

874 599 913 631 Et
932 598 1019 631 alter
1037 598 1187 631 alterum
1205 597 1231 630 si
1250 597 1340 631 forte
1360 597 1513 639 laeseriti

782 657 847 691 1-’45
875 656 970 697 Quid
991 657 1054 703 ipsi
1074 657 1230 691 facerent
1248 657 1282 689 iu
1302 656 1407 690 rebus
1427 656 1584 689 maximis
1598 683 1605 697 ‚

874 716 943 757 Qui
963 717 1018 749 vix
1037 729 1072 750 se
1091 716 1260 750 cohibent
1278 716 1314 748 iu
1335 715 1440 748 rebus
1462 715 1629 748 minimis.

874 773 984 820 Saepe
1002 775 1191 821 probatum
1210 780 1261 807 est
1280 773 1377 820 quod
1396 772 1628 807 homicidium

877 834 944 867 Pro
962 834 1032 867 vita
1051 833 1204 867 hominis
1223 839 1335 866 exstat
1352 832 1604 878 compositum.

876 893 985 939 Saepe
1004 905 1068 939 pro
1086 892 1238 926 hortulis
1255 899 1332 926 orta
1348 898 1430 925 suut
1449 890 1530 924 odia
1543 917 1551 924 .

783 952 849 987 150
876 953 945 986 Pro
964 953 1057 1000 agris
1074 952 1211 997 saepius
1231 951 1322 985 facta
1340 957 1421 984 sunt
1443 950 1582 996 praelia.

877 1011 973 1052 Quid
991 1011 1083 1044 ultra
1101 1010 1227 1044 studeo
1246 1010 1394 1044 crimina
1413 1009 1531 1042 dicere

877 1071 1008 1116 Majora
1026 1082 1134 1116 quam
1153 1069 1225 1103 dixi
1240 1069 1456 1115 praescripto
1476 1067 1625 1101 ordine?

876 1129 1057 1171 Quamdiu
1076 1130 1205 1177 corrigi
1224 1142 1295 1163 non
1315 1134 1463 1175 possunt
1481 1127 1581 1161 talia.

877 1189 1109 1235 Nequaquam
1127 1200 1216 1234 opus
1237 1193 1289 1221 est
1306 1194 1347 1220 ut
1365 1186 1479 1220 dicam
1499 1186 1576 1219 alia.

784 1247 851 1282 155
926 1247 956 1281 Ο
975 1259 1035 1281 vos
1054 1246 1208 1292 episcopi
1222 1273 1230 1289 τ
1254 1258 1384 1292 vosque
1403 1244 1617 1291 presbyteri.

880 1307 1039 1340 Pastores
1058 1306 1201 1352 populi.
1223 1304 1310 1352 quid
1328 1303 1573 1338 meditamini?

879 1365 938 1399 Est
957 1364 1072 1399 omnis
1090 1363 1243 1410 populus
1261 1363 1335 1396 sine
1353 1361 1532 1396 custodia.

878 1421 1053 1454 Monitore
1070 1425 1166 1453 caret
1183 1418 1297 1453 omnis
1315 1417 1470 1452 eeclesia.

880 1479 1059 1525 Propheta
1078 1478 1249 1524 praecipit
1265 1476 1334 1510 hoc
1350 1476 1544 1521 unicuique
1555 1501 1563 1516 ³

787 1538 853 1572 160
881 1539 925 1572 [Jt
945 1539 1072 1572 clamet
1090 1550 1128 1571 os
1146 1543 1302 1570 vestrum
1315 1562 1323 1578 ,
1343 1547 1408 1568 nec
1426 1540 1534 1567 cesset
1553 1532 1668 1566 dicere
1680 1560 1687 1574 τ

879 1597 924 1630 Ut
940 1597 1031 1630 bene
1050 1596 1180 1629 faciant
1195 1594 1293 1628 vobis
1308 1593 1480 1638 suppositi
1493 1619 1501 1634 τ

880 1656 921 1688 Et
939 1667 1078 1700 semper
1096 1653 1251 1687 habeant
1270 1653 1433 1685 timorem
1453 1650 1606 1684 Domini.

881 1712 987 1754 Quod
1005 1713 1089 1759 quia
1107 1712 1222 1745 facere
1234 1738 1242 1754 ,Ι
1263 1716 1379 1757 patres
1391 1737 1399 1753 7
1421 1709 1617 1756 negligitis.

880 1771 1071 1806 Vobiscum
1090 1771 1179 1804 filios
1197 1769 1243 1804 ad
1261 1775 1411 1803 mortem
1430 1767 1570 1801 ducitis.

788 1831 855 1866 165
881 1832 954 1865 Hoc
971 1831 1065 1865 enim
1083 1831 1254 1876 scriptum
1277 1834 1328 1862 est
1346 1826 1444 1874 quod
1463 1839 1563 1860 casus
1582 1827 1703 1872 populi

882 1892 921 1924 In
938 1892 1003 1924 ista
1022 1890 1090 1923 vita
1109 1895 1192 1923 sunt
1210 1888 1291 1922 mali
1309 1887 1518 1934 presbyteri.

881 1950 968 1984 Cum
988 1951 1024 1983 in
1043 1949 1233 1983 novissimo
1251 1947 1407 1993 requiret
1426 1946 1596 1979 Dominus

883 2009 1093 2043 Commissas
1112 2008 1245 2041 animas
1263 2006 1307 2040 de
1323 2005 1445 2039 vestris
1463 2005 1646 2038 manibus.

882 2068 923 2101 Et
940 2080 1002 2101 vos
1019 2074 1100 2100 ante
1120 2067 1231 2100 Deum
1252 2070 1451 2111 praesentes
1468 2064 1563 2097 eritis
1574 2090 1582 2105 .,

789 2126 857 2160 170
884 2126 981 2168 Quid
999 2125 1124 2160 dicetis
1142 2124 1198 2159 ei?
1215 2123 1304 2171 quid
1321 2122 1601 2168 respondebitis?

881 2185 951 2219 Vos
969 2185 1035 2218 nisi
1053 2184 1176 2230 iniquo
1195 2182 1450 2216 annuntiabitis

883 2243 1012 2277 Omnia
1031 2243 1179 2277 crimina
1197 2254 1288 2288 quae
1306 2240 1500 2288 intelligitis
1512 2267 1521 2281 ,

884 2303 925 2336 Et
942 2303 1008 2336 nisi
1026 2302 1181 2336 viventes
1199 2301 1287 2334 haec
1304 2299 1556 2341 emendabitis7

883 2361 971 2395 Cum
992 2362 1090 2395 malis
1109 2361 1146 2394 in
1163 2361 1283 2408 ignem
1301 2365 1484 2392 aeternum
1502 2358 1609 2391 ibitis.

791 2418 858 2453 175
933 2419 1013 2453 Non
1032 2426 1084 2453 est
1101 2419 1277 2453 sufficiens
1293 2415 1471 2464 quidquid
1486 2416 1560 2462 jam
1579 2415 1727 2462 protuli7

884 2478 956 2512 Nisi
975 2478 1168 2524 adjunxero
1186 2478 1279 2511 facto
1297 2475 1478 2510 dictamini
