2118 3184
757 412 1046 449 APPENDICES.
1592 413 1661 447 907

142 523 168 548 in
182 521 400 548 emendationem
414 520 588 557 praebendae
608 519 673 546 dicti
691 525 843 546 conventus
858 519 992 546 deberent
1007 520 1148 551 converti,
1167 520 1237 546 sicut
1255 519 1333 546 vobis
1347 528 1396 555 per
1412 519 1616 555 inquisitionem
1628 520 1662 545 ad

143 568 301 595 mandatum
312 568 456 595 reverendi
467 568 553 605 patris
563 567 666 593 domini
675 566 790 593 Gerardi
798 587 805 597 ,
814 567 1033 602 praedecessoris
1045 568 1142 598 nostri,
1154 576 1168 593 a
1178 567 1244 593 viris
1255 567 1390 603 religiosis
1399 572 1426 593 et
1436 566 1561 593 discretis
1568 567 1661 602 priore

142 621 169 642 et
184 616 331 651 subpriore
341 615 596 651 Baffligemensibus
605 623 690 649 super
701 615 856 649 praemissis
867 614 963 640 l'actam
973 635 979 640 .
989 614 1067 640 vobis
1077 614 1199 640 constitit
1210 614 1362 642 evidenter.
1375 620 1402 641 et
1413 614 1598 641 dilectinostri
1613 614 1661 640 ab·

143 663 192 689 bas
209 667 237 689 et
251 668 403 689 conventus
418 662 569 688 Ninivensis
585 662 662 687 vobis
679 661 896 696 supplicaverint
915 666 943 686 ut
961 660 1127 696 praedictam
1147 660 1320 687 collationem
1336 661 1376 688 eis
1393 661 1490 688 saetam
1506 661 1661 697 approbare

141 708 320 745 dignaremur
333 714 361 735 et
374 709 456 735 etiam
473 710 654 743 confirmare3
671 708 781 734 tandem
795 717 857 739 nos,
876 708 970 734 habito
982 717 1067 743 super
1082 709 1235 743 praemissis
1249 709 1400 744 proborum
1415 709 1537 734 virorum
1551 713 1579 735 et
1588 708 1660 743 juris

143 757 295 792 peritorum
312 756 436 787 consilio,
459 756 559 782 dictam
573 755 746 782 collationem
767 754 868 781 eisdem
887 755 979 781 abbati
994 761 1020 781 ct
1034 755 1181 781 conventui
1201 755 1299 781 saetam
1314 755 1512 791 approbamus,
1535 761 1562 782 et
1579 756 1659 782 etiam

142 804 308 830 auctoritate
324 809 417 830 nostra
434 803 639 830 confirmamus.
659 803 689 830 ln
704 804 784 838 cujus
803 804 842 830 rei
862 803 1047 829 testimoninm
1070 807 1228 838 praesentes
1246 802 1353 829 litteras
1367 803 1459 829 abbati
1474 808 1501 829 et
1514 803 1660 830 conventui

141 851 289 887 praedictis
300 851 389 887 sigilio
402 856 496 878 nostro
512 851 644 878 tradimus
659 851 813 878 roboratas.
834 850 932 877 Datum
950 860 1021 876 anno
1035 850 1141 876 Domini
1157 849 1309 876 Mccxmx
1319 871 1326 881 ,
1347 859 1438 876 mense
1452 850 1532 876 Maio.

1071 916 1193 949 Original.
1210 924 1278 941 sceau
1293 924 1321 940 en
1335 917 1382 940 cire
1395 916 1479 941 bruno.

871 986 937 998 ΙΙ

837 1213 969 1249 CCXVI
977 1240 983 1246 .

143 1313 208 1348 Les
227 1314 359 1360 doyens
375 1315 417 1349 de
433 1314 526 1357 Hal,
545 1315 588 1348 de
604 1313 784 1348 Houtlzem
800 1319 833 1347 et
844 1313 885 1346 de
900 1312 1130 1354 Grammont,
1145 1316 1179 1345 et
1189 1316 1265 1344 tout
1277 1310 1305 1344 le
1319 1309 1477 1357 chapitre
1491 1311 1531 1344 cle
1550 1310 1661 1344 Hael-

191 1371 278 1407 tert¹
287 1399 298 1414 ,
313 1370 493 1406 de'clarent
503 1385 569 1418 que
583 1371 720 1414 Sohz‘er,
735 1370 879 1405 e'colcitre
892 1370 933 1404 de
947 1369 1128 1404 ‚merbeke
1136 1396 1146 1411 ,
1163 1380 1185 1402 a
1195 1367 1410 1414 fonde'deuoe
1422 1368 1659 1415 clzapellem'es,

190 1429 286 1465 [ἀπε
299 1428 324 1464 ἀ
339 1429 477 1465 ,Νίηουο
489 1436 523 1465 et
535 1430 663 1464 l’aulre
681 1427 704 1464 ἁ
718 1428 899 1464 ΠῙὲενὶὶρΙιέ
908 1443 921 1470 ,·
940 1428 982 1462 ils
993 1427 1180 1474 incliquent
1198 1426 1244 1460 les
1258 1426 1354 1460 hiens
1366 1427 1455 1472 qu’z'l
1468 1439 1491 1460 a
1508 1426 1662 1474 assignes

191 1487 216 1523 ἀ
232 1488 312 1523 leur
326 1491 510 1523 enti-etim.
529 1509 576 1515 -—
590 1489 750 1523 Wouaur.

868 1662 940 1686 1249.

1227 1720 1233 1730 ι

179 1746 320 1773 Uuiversis
328 1750 499 1781 praesentem
511 1745 636 1782 paginam
645 1745 824 1780 inspecturis,
836 1743 982 1770 Nicholaus
989 1743 1023 1769 de
1031 1742 1089 1768 Hal
1097 1764 1104 1774 ‚
1115 1741 1270 1768 Willelmus
1282 1742 1316 1768 de
1326 1741 1470 1773 manaem,
1480 1741 1616 1767 Henricus
1626 1741 1662 1767 de

141 1792 356 1824 Geraldimonte,
365 1792 471 1824 decani,
479 1798 506 1819 et
515 1798 603 1819 totum
610 1792 762 1828 capitulum
771 1792 922 1818 Haltrensis
929 1791 1070 1822 ecclesiae,
1081 1794 1220 1816 aeternam
1228 1790 1255 1815 in
1265 1789 1381 1815 Domino
1389 1788 1516 1815 salutem.
1526 1788 1661 1824 Quoniam

142 1841 233 1867 omina
247 1845 310 1867 sunt
324 1839 466 1866 hominum
475 1840 550 1866 tenui
563 1839 710 1875 pendentia
719 1839 777 1871 filo,
793 1844 821 1865 et
833 1839 926 1865 subito
934 1847 998 1865 casu
1010 1846 1082 1873 quae
1095 1836 1208 1864 valuere
1221 1835 1337 1869 ruunt2‚
1353 1841 1382 1862 et
1393 1836 1441 1871 qui
1456 1845 1511 1862 non
1523 1840 1566 1862 est
1577 1835 1661 1862 hodie

141 1897 203 1915 cras
213 1887 304 1914 minus
310 1891 392 1923 aptus
402 1887 464 1918 erit,
477 1886 540 1913 hinc
549 1892 590 1913 est
598 1895 648 1913 cur
656 1886 783 1912 dominus
791 1885 912 1922 Sygerus
919 1906 925 1917 ‚
934 1885 1092 1912 scolasticus
1103 1884 1234 1910 ecclesiae
1244 1883 1456 1916 Merbeceensis,
1465 1882 1500 1909 de
1508 1883 1660 1919 proborum

142 1936 266 1962 virorum
283 1935 398 1961 consilio
408 1955 416 1968 ‚
435 1934 559 1961 subitum
573 1943 667 1961 casum
682 1934 778 1960 volens
790 1938 898 1960 matura
915 1938 943 1959 et
957 1932 1072 1968 provida
1084 1941 1176 1958 rerum
1188 1940 1300 1957 suarum
1311 1930 1485 1957 ordinatione
1499 1931 1662 1966 praevenire

142 1983 304 2018 animaeque
317 1991 384 2009 suae
395 1981 479 2009 saluti
491 1981 641 2008 salubriter
655 1990 822 2017 praecavere
833 2002 840 2013 ,
854 1980 889 2006 de
903 1980 982 2006 bonis
997 1979 1054 2006 suis
1067 1979 1101 2005 ad
1117 1978 1228 2005 laudem
1239 1982 1267 2004 et
1278 1977 1411 2004 honorem
1425 1976 1475 2003 Dei
1487 1976 1556 2003 duas
1571 1976 1663 2012 capel-

141 2029 228 2056 lanias
240 2028 383 2061 fundavit,
398 2038 482 2055 unam
492 2029 519 2055 in
531 2029 644 2055 ecclesia
657 2027 832 2055 conventuali
843 2026 992 2059 Ninivensi7
1007 2027 1034 2052 in
1047 2025 1154 2052 honore
1165 2025 1256 2051 Sancti
1265 2024 1385 2059 Spiritus
1393 2044 1400 2057 a
1411 2028 1438 2050 et
1448 2023 1528 2049 aliam
1536 2024 1564 2050 in
1574 2023 1663 2050 eccle-

141 2078 182 2104 sia
190 2076 386 2109 Mei-beccensi,
397 2076 425 2102 in
434 2075 540 2102 honore
549 2081 659 2102 sanctae
669 2080 697 2102 et
707 2076 884 2101 intemeratae
892 2074 1013 2110 Virginis
1021 2073 1134 2104 Mariae,
1146 2072 1248 2108 quibus
1259 2070 1418 2107 capellaniis
1429 2070 1502 2097 bona
1513 2071 1661 2097 subnotata

142 2124 301 2160 assignavit.
313 2122 352 2149 Ad
363 2131 433 2158 opus
439 2122 607 2158 capellaniae
615 2122 835 2158 SanctiSpix-itus
846 2121 994 2157 assignavit
1002 2120 1113 2146 domino
1124 2119 1217 2145 abbati
1229 2117 1359 2145 ecclesiae
1368 2117 1520 2144 Ninivensis
1533 2117 1660 2153 praedic-

143 2177 187 2198 tae
202 2175 231 2197 et
247 2170 370 2205 ejusdem
386 2169 439 2196 loci
453 2170 601 2196 conventui
615 2179 738 2197 annuum
752 2179 864 2196 censum
874 2190 880 2200 ,
899 2169 926 2194 in
940 2177 996 2204 quo
1009 2172 1140 2194 tenentur
1152 2166 1240 2193 eidem
1253 2165 1364 2192 domino
1377 2165 1421 2198 S.‚
1433 2165 1523 2192 dictus
1533 2165 1662 2192 dominus

143 2218 228 2244 abbas
242 2222 270 2244 et
282 2217 343 2251 ejus
353 2221 506 2243 conventus
518 2216 554 2244 de
567 2226 622 2244 uno
635 2217 750 2243 bouario
766 2221 874 2249 terrae3
895 2215 1024 2242 videlicet
1039 2223 1125 2241 unum
1139 2213 1258 2240 modium
1275 2221 1377 2239 avenae
1394 2217 1422 2238 et
1439 2217 1560 2247 quatuor
1579 2221 1660 2238 aucas

176 2333 183 2347 ι
201 2326 317 2347 'rr-ussewi
325 2325 336 2346 ἂ
347 2325 410 2346 Alos!
420 2332 447 2346 en
461 2326 522 2346 149⁵,

174 2372 184 2385 2
200 2366 239 2386 Ces
250 2364 332 2393 doyens
344 2366 441 2385 eitaentiti
452 2366 505 2385 trois
516 2371 563 2385 vers
575 2373 580 2384 .-

621 2422 700 2443 Otm'na
710 2426 764 2442 sunt
773 2421 886 2442 hominum
897 2423 961 2440 remei
968 2419 1141 2447 pendentiafilo
1151 2435 1156 2442 .

658 2460 689 2480 Et
699 2460 774 2480 subito
784 2467 837 2480 casu
848 2466 906 2487 quae
916 2458 1010 2478 valuere
1024 2463 1104 2480 ruunt.

658 2538 703 2564 Qui
720 2544 762 2557 non
773 2541 808 2557 est
821 2535 887 2556 hodie
897 2542 948 2556 cras
955 2537 1031 2555 minus
1039 2539 1107 2563 aptus
1117 2537 1170 2555 erre.
