2137 3131
436 398 506 433 850
1046 393 1337 429 APPENDICES.

1086 531 1307 566 CXXXVIII.

441 636 622 669 Plnszvurs
639 634 825 668 &hunnine-5·
842 634 890 667 (le.
904 633 947 667 M
947 633 1084 668 eerhelae
1097 635 1359 668 reconnaissent
1370 647 1418 680 qu
1424 635 1473 668 ’ils
1490 640 1551 668 ont
1562 636 1685 680 aequis
1699 646 1770 668 une
1784 639 1875 668 terre
1892 646 1957 679 que

487 694 500 725 l
504 693 597 726 'abba
600 706 642 738 με
652 691 825 739 posse'daz't
839 690 861 725 ἀ
876 692 1071 735 Illeerhelw,
1087 705 1131 726 en
1144 691 1293 739 e'clzanye
1307 693 1412 727 d’mw
1429 699 1533 728 awctre
1549 695 1614 739 qni
1633 693 1710 727 leur
1727 695 1958 739 appafrtenaz't

484 749 506 783 (i
532 750 712 797 quqltem.
731 771 777 776 —
796 751 971 784 Wotpnm.

1058 941 1075 962 Α
1092 939 1235 969 Meerheke,
1257 940 1329 964 1225.

476 1009 611 1034 universis
632 1018 760 1043 praesens
773 1009 904 1044 scriptum
925 1009 1037 1041 visuris,
1060 1009 1218 1042 Johannes,
1240 1009 1379 1046 Sygerus,
1400 1010 1535 1037 Ileuricus
1557 1015 1585 1036 et
1602 1010 1755 1042 Henricus,
1774 1011 1899 1037 canonici
1920 1010 1954 1037 de

437 1056 575 1081 ,ilerhecca
584 1076 590 1087 ,
606 1061 744 1082 aeternam
756 1057 782 1081 in
794 1056 909 1082 Domino
921 1056 1047 1083 salutem.
1063 1057 1162 1083 Notum
1173 1057 1208 1083 sit
1219 1058 1346 1084 omnibus
1359 1058 1433 1093 quod
1445 1067 1507 1084 cum
1521 1057 1634 1084 ecelesia
1647 1057 1799 1083 Ninivensis
1813 1057 1951 1093 quoddam

436 1103 577 1128 bonarium
596 1109 685 1130 terrae
692 1104 809 1137 jacentis
827 1104 853 1129 in
864 1104 1011 1139 parrochia
1024 1104 1209 1131 Merbcccensi
1219 1105 1299 1139 juxta
1311 1105 1400 1132 locum
1414 1105 1472 1132 sive
1484 1105 1617 1141 sylvulam
1626 1126 1633 1136 ,
1651 1114 1722 1140 quae
1734 1104 1835 1131 dicitur
1851 1105 1936 1131 Ascla
1947 1125 1955 1139 ‚

435 1150 541 1175 emisset
558 1151 592 1176 ab
607 1160 662 1177 uno
680 1156 818 1181 nostrumq
833 1151 936 1177 scilicet
951 1161 965 1177 a
985 1150 1111 1178 Johaune
1124 1151 1158 1178 de
1172 1152 1306 1185 Elsbeka,
1322 1162 1371 1179 uos
1385 1158 1440 1179 tam
1454 1153 1585 1180 ecclesiae
1602 1153 1740 1179 Ninivensi
1761 1161 1843 1187 quam
1858 1157 1954 1179 nostro

437 1197 508 1222 bono
523 1199 548 1224 in
566 1198 700 1224 communi
715 1198 819 1233 pariter
837 1198 1035 1233 prospicientes
1048 1203 1075 1225 et
1089 1199 1231 1225 commodo
1241 1220 1248 1231 ‚
1264 1199 1389 1226 dedimus
1405 1199 1493 1226 eidem
1512 1199 1643 1226 ecclesiae
1656 1199 1683 1225 in
1700 1199 1888 1225 concambium
1902 1209 1955 1235 pro

435 1248 507 1273 ‹licto
522 1246 633 1272 bouario
643 1245 716 1271 aliud
729 1245 871 1271 bonarium
881 1250 981 1277 terrae,
992 1246 1074 1281 paulo
1086 1246 1147 1281 plus
1161 1246 1203 1272 vel
1215 1247 1314 1279 minus,
1325 1247 1443 1281 jacentis
1453 1247 1527 1283 apud
1540 1245 1760 1282 Everseughem,
1773 1246 1800 1271 in
1810 1245 1956 1281 parrochia

436 1295 469 1320 de
483 1293 657 1329 Ohmghem,
678 1298 705 1318 et
720 1292 820 1318 dicitur
837 1292 982 1318 bonarium
1001 1292 1029 1319 S.
1046 1293 1197 1319 Berlendis.
1219 1294 1255 1319 Ut
1275 1294 1342 1320 haee
1359 1299 1450 1320 autem
1469 1294 1646 1320 commutatio
1663 1294 1690 1319 in
1713 1298 1878 1328 perpetuum
1896 1298 1955 1319 rata

438 1345 593 1377 permaneat
607 1345 633 1365 et
648 1340 807 1366 inconcussa
817 1361 823 1372 ⁷
842 1340 945 1375 scripto
959 1341 1097 1376 praesenti
1111 1341 1238 1367 duximus
1255 1342 1419 1368 confirmare
1437 1347 1465 1368 et
1481 1351 1576 1368 eorum
1595 1342 1642 1376 qui
1661 1346 1714 1367 tam
1729 1341 1860 1376 emptioni
1875 1350 1956 1376 quam

437 1387 593 1414 concambio
606 1387 791 1412 interfuerunt
806 1387 962 1413 testimonio
978 1387 1120 1414 roborare.
1136 1387 1250 1424 Signum
1265 1388 1376 1415 Heurici
1386 1410 1393 1422 a
1408 1388 1542 1425 capellani
1554 1388 1587 1415 de
1603 1388 1745 1415 Mei-becca
1757 1409 1764 1421 ,
1780 1388 1808 1415 S.
1823 1387 1957 1414 Johannis

438 1436 471 1461 de
485 1435 554 1469 Lyra
568 1439 595 1459 et
612 1433 746 1466 Thomae,
762 1434 933 1460 sacerdotum
947 1439 975 1460 et
991 1435 1185 1461 canonicorum
1200 1435 1403 1470 Ninivensium3
1420 1436 1448 1463 S.
1465 1435 1579 1462 Walteri
1594 1435 1733 1469 Flumine,
1749 1435 1864 1462 Gerardi
1882 1434 1956 1461 Waie

440 1488 465 1508 et
478 1482 590 1508 Walteri
600 1502 607 1513 ‚
622 1481 670 1507 filii
685 1481 780 1517 Sygeri
795 1481 828 1508 de
842 1481 965 1508 Scalkem
976 1503 982 1512 ,
1003 1483 1177 1508 scabinorum
1197 1483 1231 1509 de
1245 1483 1398 1510 lllcrhecca.
1415 1484 1448 1510 Hi
1462 1492 1556 1509 omues
1568 1488 1623 1509 tam
1643 1483 1775 1518 emptioni
1787 1492 1869 1518 quam
1883 1491 1960 1509 com-

440 1529 580 1555 mutationi
594 1527 788 1554 interfuerunt.
805 1529 902 1555 Actum
917 1529 991 1564 apud
1006 1529 1184 1562 Men-beccam,
1201 1539 1273 1556 anno
1287 1530 1394 1557 Domini
1409 1530 1567 1557 MCCXXHI
1578 1550 1584 1562 ‚
1600 1539 1692 1556 mense
1706 1529 1787 1556 Maio.

1410 1597 1530 1629 original.
1544 1604 1613 1621 sceau
1625 1604 1655 1620 en
1665 1596 1712 1620 cire
1725 1596 1808 1620 brune.

1176 1688 1239 1698 ΙΙ

1102 1876 1289 1911 CXXXIX.

446 1976 587 2010 Ge'rarcl
601 1977 642 2011 de
659 1977 888 2025 Grimhmyhe
902 1984 933 2012 et
950 1977 991 2011 de
1007 1976 1143 2012 Nz'nove
1157 1978 1272 2011 donne
1293 1975 1316 2010 ά
1330 1977 1488 2024 Z'ahbaye
1502 1978 1537 2011 la
1553 1977 1647 2012 dimo
1663 1978 1704 2012 de
1721 1990 1773 2012 ses
1789 1978 1960 2025 vz'ynobles

601 2042 633 2069 et
645 2036 773 2084 l'usagse
787 2037 837 2071 du
855 2037 993 2070 chemin
1015 2037 1057 2070 de
1076 2036 1212 2070 Labroc
1231 2048 1308 2070 vers
1326 2035 1571 2071 Herlinolwve.
1589 2057 1637 2062 -—
1653 2037 1792 2072 Nmovz.

1168 2206 1231 2229 1005

481 2275 617 2301 Gerardus
630 2276 663 2302 de
682 2276 848 2312 Grimbergis
866 2282 894 2303 et
911 2278 944 2303 dc
959 2278 1053 2304 Ninive
1071 2278 1212 2309 dominus,
1237 2277 1364 2303 omnibus
1381 2277 1433 2303 hoc
1449 2278 1580 2312 scriptum
1599 2277 1712 2303 lecturis
1730 2277 1757 2302 in
1782 2281 1958 2311 perpetuum.

446 2322 541 2347 Notum
554 2323 587 2348 sit
602 2323 790 2357 praesentibus
804 2329 831 2350 et
844 2323 944 2350 suturis
953 2345 960 2356 2
975 2325 1048 2360 quod
1060 2325 1095 2350 ob
1109 2330 1248 2350 aeternam
1260 2333 1331 2359 quae
1343 2324 1369 2350 in
1381 2323 1489 2350 Christo
1500 2328 1541 2350 est
1556 2323 1672 2349 salutem
1681 2344 1687 2354 .,
1704 2323 1737 2349 de
1748 2332 1884 2349 consensu
1895 2331 1964 2348 uxo—

446 2369 482 2393 ris
493 2378 566 2395 meae
580 2369 703 2405 Agnetise
718 2370 750 2395 ad
761 2370 905 2397 solvendas
918 2371 1036 2397 decimas
1050 2371 1143 2397 abbati
1156 2375 1183 2397 et
1196 2371 1343 2397 conventui
1355 2370 1560 2403 Ninivensibus,
1573 2370 1606 2396 de
1617 2370 1704 2397 vineis
1715 2370 1781 2396 meis
1795 2370 1853 2396 sine
1869 2369 1965 2405 aliqua

447 2424 558 2449 prorsus
570 2416 784 2443 contradictione
797 2426 838 2443 me
849 2423 876 2443 et
888 2423 1013 2453 posteros
1026 2427 1099 2444 meos
1113 2419 1140 2444 in
1156 2423 1322 2453 perpetuum
1337 2417 1466 2453 obligavi,
1483 2422 1536 2443 tam
1551 2422 1583 2443 ut
1598 2417 1632 2443 ad
1646 2417 1698 2443 mei
1714 2425 1894 2452 meorumque
1907 2425 1963 2442 mc-

449 2462 558 2487 moriam
569 2462 694 2488 devotius
708 2464 837 2499 agendam
850 2464 915 2490 haee
927 2465 1031 2491 decima
1039 2465 1195 2500 specialiter
1204 2464 1361 2491 attituletur
1375 2469 1402 2490 et
1415 2465 1553 2490 tribuatur
1563 2464 1678 2490 infirmis
1689 2464 1717 2490 in
1728 2464 1916 2495 infirmitorio,
1932 2469 1960 2489 et

448 2508 468 2533 si
481 2509 545 2543 quid
554 2515 678 2544 superest
690 2509 820 2536 fratribus
833 2511 860 2537 in
870 2511 1016 2538 refectorio
1029 2523 1034 2546 3
1050 2517 1193 2547 praeterea
1204 2518 1235 2538 ut
1246 2511 1387 2538 commodo
1399 2511 1571 2546 saepedictae
1581 2511 1713 2538 ecclesiae
1724 2512 1750 2537 in
1761 2511 1886 2537 omnihus
1899 2519 1961 2546 pro-
