2118 3184
447 418 709 454 CHRONICON
739 417 952 452 BALDUINI
981 414 1282 450 MNOVIENSIS.
1547 413 1616 448 593

102 527 281 574 baptizati.
307 526 491 561 Marcellus
512 538 656 573 quoqne
683 532 717 559 et
739 525 892 570 Apuleus
919 524 1111 570 Symonem
1138 535 1281 571 magum
1305 534 1370 568 pro
1393 520 1462 555 fide
1486 520 1613 555 Christi

104 586 359 632 relinquentes,
387 592 421 618 et
440 585 623 618 Ravennae
641 590 782 617 sanctus
801 582 938 617 Yitalis.
961 589 1060 628 pater
1078 588 1282 615 sanctorum
1302 580 1453 615 Gervasii
1473 585 1508 613 et
1527 579 1615 613 Pro-

103 643 225 686 thasii,
247 655 338 690 quos
356 643 386 676 ei
407 655 478 676 uuo
498 648 601 688 partu
621 640 733 674 edidit
753 640 906 682 Valeria,
929 640 1143 685 martyrizati
1162 646 1243 673 sunt
1269 652 1275 671 ε
1302 637 1397 672 unde
1415 644 1447 671 et
1472 637 1613 672 eosdem

102 702 306 736 Gervasium
326 708 358 735 ct
379 701 604 734 prothasium
625 700 693 733 hoc
712 706 872 745 tempore
892 698 1078 732 Mediolani
1097 710 1214 743 passos
1232 709 1304 731 esse
1323 697 1450 743 opinor
1471 697 1528 743 xiij
1545 696 1611 730 kal.

102 761 184 795 Julii
197 788 206 804 ‚
227 760 325 807 quod
341 767 457 793 tamen
478 772 548 793 non
568 759 659 793 clare
679 765 774 804 patet
794 770 834 791 ex
855 758 943 791 libro
964 757 1132 803 passionis
1152 769 1287 790 eorum.

151 819 306 861 Marcus..
321 819 549 866 evangelista,
566 817 610 851 de
629 818 722 851 tribu
740 817 838 859 Levi„
858 830 900 850 ne
917 817 951 849 in
971 815 1188 850 sacerdotem
1204 822 1488 861 promoveretur³
1512 814 1615 861 polli-

101 890 178 912 cem
197 890 322 911 manus
337 877 402 911 sibi
417 876 626 911 abscindens
639 903 646 909 .
666 875 894 910 Alexandriae
909 875 984 921 ipso
1004 874 1060 908 die
1073 874 1226 908 Paschae
1241 873 1285 907 ad
1302 874 1375 907 loca
1391 874 1512 907 Bubali
1528 880 1615 907 trac-

102 943 158 970 tus
175 943 210 970 et
229 935 427 982 discerptus
445 942 509 969 est.
532 936 678 969 Perseus
697 935 775 968 xxix
789 946 965 968 annorum
985 946 1003 967 a
1023 933 1161 967 Nerone
1178 933 1430 978 impotionatus
1450 934 1612 966 moritur.

100 994 277 1028 ,luvenalis
291 995 452 1028 satiricus
471 994 607 1028 claruit.
627 994 789 1027 Lucanus
805 999 927 1039 ροϋῐειἸ
945 993 980 1025 in
1000 992 1243 1037 conjuratione
1264 991 1521 1038 deprehensusff
1540 992 1615 1025 bra-

101 1052 223 1087 chium
238 1052 282 1087 ad
298 1052 464 1086 secandas
478 1065 582 1086 venas
599 1051 736 1086 medico
750 1051 925 1097 praebuit.
944 1050 1074 1084 Seneca
1089 1050 1244 1097 tragicus
1256 1077 1263 1083 .
1282 1057 1489 1096 praeceptor
1504 1050 1615 1084 Nero-

103 1111 177 1154 nis7
203 1111 330 1145 hausto
353 1123 507 1152 venenm
534 1111 648 1156 periit.
678 1110 750 1143 Hoc
772 1116 932 1155 tempore
956 1109 1044 1154 passi
1066 1114 1147 1141 sunt
1161 1135 1169 1150 7
1190 1108 1243 1153 xvj
1263 1107 1328 1141 kal.
1356 1108 1456 1141 Julii.
1480 1109 1613 1154 'sorpes

103 1177 250 1217 martyr,
267 1177 301 1204 et
315 1171 346 1204 ix
363 1170 428 1203 kal.
447 1170 629 1212 Octobris,
647 1170 682 1202 in
697 1168 867 1211 Seleucia,
886 1168 988 1201 Tecla
1002 1167 1101 1214 virgo
1120 1166 1216 1212 apud
1230 1166 1401 1200 Yconiam
1416 1167 1610 1209 civitatem7

104 1229 275 1263 instructa
294 1241 313 1262 a
332 1229 434 1263 beato
451 1228 572 1261 Paulo.

152 1289 254 1322 Anno
279 1300 298 1321 a
322 1287 482 1333 passione
503 1286 643 1320 Domini
663 1285 860 1327 XXXVIII,
889 1284 1037 1318 Neronis
1056 1295 1138 1316 vero
1162 1283 1304 1325 ultimo7
1336 1283 1460 1316 Petrus
1485 1283 1616 1317 Romae

103 1346 335 1393 crucifigitur7
356 1346 418 1391 qui
436 1357 500 1377 xxv
518 1345 618 1378 annis
634 1344 812 1377 Romanae
830 1343 994 1376 ecclesiae
1013 1340 1214 1387 praesidens
1227 1368 1235 1383 e
1254 1341 1391 1374 nullum
1406 1348 1524 1387 postca
1540 1354 1616 1376 suc-

103 1415 277 1439 cessorem
302 1403 448 1445 habuit3
469 1403 531 1449 qui
558 1408 699 1435 tantum
718 1401 888 1447 temporis
914 1400 950 1433 in
976 1399 1148 1447 regimine
1171 1399 1343 1444 explerem
1374 1411 1455 1433 cum
1484 1412 1556 1445 quo
1582 1406 1617 1433 et

103 1462 233 1496 Paulus
251 1462 439 1504 occubuit²
462 1461 617 1507 Symone
635 1460 679 1494 de
700 1460 790 1493 aeris
811 1471 922 1493 vacuo
942 1458 1184 1504 praecipitato.
1210 1457 1302 1491 Nero
1325 1458 1497 1491 sententia
1515 1470 1617 1491 sena—

102 1528 158 1556 tus
176 1520 413 1567 adjudicatus,
434 1520 560 1554 timore
579 1525 739 1561 coactus,
762 1518 846 1565 fuga
861 1517 978 1563 lapsus
996 1523 1048 1549 est
1065 1522 1099 1549 et
1116 1516 1151 1549 in
1167 1515 1296 1561 palude
1312 1516 1480 1549 oberrans
1492 1543 1500 1559 7
1524 1516 1616 1550 fame

102 1587 138 1614 et
154 1579 292 1614 miseria
307 1578 518 1613 constrictus
531 1604 539 1620 ἦ
555 1590 573 1610 a
593 1577 685 1623 lupis
704 1576 892 1610 devoratus
911 1581 979 1618 est7
1002 1574 1054 1607 vel
1068 1573 1266 1607 secundum
1285 1574 1370 1607 alios
1388 1575 1617 1620 semetipsum

103 1638 290 1673 interfecit.
308 1638 433 1680 Linus7
454 1636 640 1682 coadjutor
655 1635 749 1669 Petri
761 1662 769 1678 a
786 1635 853 1668 sub
867 1634 1006 1669 Nerone
1021 1633 1266 1679 martyrizatus
1281 1640 1343 1667 est.
1363 1632 1446 1667 Ideo
1458 1633 1565 1666 Linus
1584 1639 1618 1667 et

103 1697 290 1732 Anacletus
313 1703 394 1731 ante
412 1696 627 1730 Clementem
647 1701 843 1741 ponuntur.
871 1693 940 1734 Qui
959 1700 1078 1726 tamen
1101 1692 1219 1725 statim
1239 1699 1318 1738 post
1336 1692 1482 1725 Petrum
1502 1692 1538 1725 in
1557 1704 1617 1726 ca—

103 1755 230 1790 thedra
250 1754 352 1798 sedit,
375 1755 459 1801 quia
475 1754 523 1788 illi
542 1753 688 1800 quidem
708 1753 774 1786 sub
790 1753 894 1786 Petro
913 1752 1032 1786 adhuc
1050 1752 1199 1792 vivente³
1217 1750 1278 1784 sed
1295 1757 1375 1784 ante
1386 1750 1614 1794 Clementem7

102 1814 257 1861 episcopi
276 1815 312 1847 in
333 1814 421 1847 urbe
437 1813 548 1847 Roma
566 1813 671 1859 (sicut
685 1819 719 1846 et
734 1811 851 1846 Cletus
865 1812 927 1858 qui
946 1811 1012 1844 sub
1029 1810 1228 1843 Domitiano
1244 1822 1365 1855 passus
1379 1810 1444 1855 est)
1463 1816 1497 1843 et
1516 1809 1617 1844 coad-

99 1873 237 1919 jutores
256 1872 351 1906 Petri
371 1872 529 1905 fuerunt.
555 1872 670 1917 Atque
686 1870 813 1904 adhoc
833 1870 869 1903 in
890 1870 978 1903 linea
997 1868 1273 1914 apostolicorum
1289 1867 1407 1902 Cletus
1430 1881 1501 1901 non
1519 1869 1618 1914 poni-

103 1938 174 1975 tur,
190 1938 267 1966 tum
281 1931 365 1978 quia
379 1930 423 1964 de
438 1942 479 1965 eo
495 1930 707 1976 Jeronymus
721 1930 756 1963 in
769 1929 945 1963 chronicis
959 1928 1104 1962 omnino
1119 1933 1224 1970 tacet,
1236 1934 1313 1960 tum
1328 1927 1410 1973 quia
1426 1940 1443 1960 a
1459 1933 1618 1972 tempore

103 1990 198 2024 Petri
213 2002 326 2036 usque
340 1989 384 2023 ad
398 1989 681 2035 persecutionem
695 1988 899 2029 Domitiani7
917 1986 1104 2020 Clementis
1119 1985 1250 2018 exstitit
1263 1985 1449 2030 coadjutor
1463 1985 1499 2018 in
1513 1985 1613 2018 urbe.

104 2049 144 2083 In
163 2047 378 2095 quibusdam
396 2054 515 2081 tamen
533 2047 710 2081 chronicis
724 2046 841 2080 Cletus
856 2045 899 2091 xij
915 2045 1015 2079 annis
1029 2042 1225 2078 sacerdotio
1239 2043 1382 2077 functus
1397 2049 1476 2089 post
1490 2043 1616 2077 Linum

104 2107 262 2154 ponitur.

152 2165 260 2199 Galba
285 2165 321 2198 in
346 2164 510 2210 Hispania
536 2170 674 2198 creatus
695 2163 905 2209 imperator,
936 2162 979 2208 vij
1008 2174 1128 2196 mense
1150 2162 1307 2207 imperii,
1332 2161 1369 2194 in
1396 2159 1512 2194 medio
1539 2160 1617 2194 foro

104 2223 218 2270 capite
236 2228 436 2256 truncatur.
455 2222 539 2255 Otto
552 2249 560 2265 7
582 2227 719 2255 creatus
733 2221 926 2266 imperator
937 2247 945 2263 a
963 2232 1043 2254 cum
1059 2219 1196 2253 Vitellio
1210 2231 1317 2265 quem
1332 2218 1495 2252 Germani
1510 2218 1620 2266 elege-

104 2288 183 2316 rant
213 2281 305 2315 bello
335 2279 552 2327 confligens,
580 2292 661 2313 cum
693 2291 838 2312 suorum
865 2277 1019 2312 audisset
1045 2278 1197 2310 militum
1224 2276 1468 2310 confusionem
1484 2303 1491 2317 ,Δ
1522 2276 1618 2322 apud

103 2341 294 2374 Brixenum
310 2339 540 2384 semetipsum
560 2337 702 2371 occidit.

151 2398 402 2444 Vespasianus,
421 2396 483 2442 qui
501 2409 521 2429 a
536 2396 674 2429 Nerone
693 2395 860 2442 magister
878 2394 1021 2427 militiae
1040 2393 1135 2439 apud
1154 2393 1325 2427 Judaeam
1343 2393 1469 2426 missus
1483 2393 1615 2436 fuerat,

103 2457 294 2503 imperator
312 2455 357 2489 ab
375 2454 530 2488 exercitu
552 2454 762 2500 appellatur,
784 2459 819 2486 et
836 2453 968 2486 bellum
983 2452 1061 2486 Tito
1084 2452 1155 2486 filio
1178 2450 1448 2494 commendans,
1470 2451 1617 2485 Romam

101 2526 164 2561 per
200 2512 445 2548 Alexandriam
480 2512 727 2559 proficiscitur.
758 2511 829 2554 Qui
862 2510 989 2545 milites
1020 2509 1065 2544 ad
1099 2509 1296 2544 sedandum
1325 2509 1617 2543 disturbationem

210 2572 296 2606 Toni.
328 2571 372 2605 II.
1476 2566 1522 2602 75
