2118 3184
589 411 737 447 CHRON
748 412 815 447 {CA
844 412 1165 447 TORNACENsts.
1561 413 1628 448 :547

118 518 246 552 Verum
263 525 339 564 post
354 520 488 565 aliquot
502 531 625 557 annos,
646 518 828 552 fastradus
844 519 993 565 pedibus
1009 520 1292 566 propinquorum
1305 519 1486 553 Thetberti
1501 546 1509 562 7
1528 519 1631 553 nudis

118 576 285 623 pedibus,
310 590 392 612 cum
417 578 537 612 amicis
556 578 626 611 suis
648 578 872 623 provolutus.
896 585 927 611 et
953 579 1142 612 amicitiam
1170 591 1293 612 eorum
1319 585 1354 611 et
1378 577 1629 611 haereditatem

118 647 217 669 suam
245 637 289 670 ab
317 637 482 682 episcopo
510 637 653 682 recepit.
682 636 809 683 Viginti
836 650 916 670 vero
938 637 1042 670 libras
1062 649 1292 671 nummorum
1306 664 1313 670 .
1336 649 1424 683 quas
1442 637 1486 670 ab
1505 648 1546 670 eo
1566 649 1629 682 pro

117 693 306 727 concordia
321 701 533 740 acceperunt
555 695 678 727 fratres
690 695 793 728 occisi
807 722 814 728 .
838 696 998 741 protinus
1019 696 1053 728 S.
1076 695 1226 729 Martino
1247 694 1458 728 dederunt¹.
1483 695 1630 741 lnsuper

116 753 220 786 etiam
240 765 297 786 sex
318 753 462 786 bonaria
481 759 593 787 terrae
612 753 824 787 addiderunt
847 754 942 800 apud
962 753 1203 801 Salemgotum
1223 754 1403 796 mairiam,
1425 766 1569 800 quoque,
1587 754 1630 787 de

113 822 183 856 qua
202 811 365 844 cervisiae
385 811 642 845 fermentantur
662 812 762 845 nobis
782 824 845 857 pro
865 813 980 845 31111113
999 812 1157 846 defuncti
1177 811 1366 854 dederuut7
1388 813 1434 846 ita
1457 819 1496 846 ut
1514 824 1630 858 quan·

116 875 350 915 tumeumque
376 881 466 914 opus
488 869 737 903 habuerimus.
767 871 900 916 absque
925 870 1021 903 omni
1049 871 1237 916 emptionis
1263 871 1376 916 pretio
1401 871 1627 916 accipiamus,

119 926 363 961 Theodericus
383 940 484 961 vero.
511 928 597 961 alter
620 928 795 974 Radulphi
816 930 940 962 frater.
971 942 1035 974 pro
1056 929 1199 963 caeteris
1221 929 1320 962 urbis
1339 929 1474 963 civibus
1511 930 1630 963 multis

115 984 229 1018 modis
248 986 349 1019 nobis
368 987 532 1032 praefuit.
554 986 641 1020 Cum
656 988 750 1020 enim
771 987 999 1033 Radulplius²
1016 987 1130 1021 eidem
1145 1000 1312 1035 germano
1328 1000 1392 1021 suo
1408 987 1629 1022 Theodorico

117 1043 272 1095 inopiam
290 1044 453 1078 ecclesiae
472 1044 655 1087 iiidica1·et„,
676 1052 711 1078 et
729 1052 867 1093 rogaret
886 1052 925 1079 ut
944 1046 1009 1079 sibi
1024 1046 1208 1091 pecuniam
1229 1046 1273 1079 ad
1293 1045 1442 1079 emenda
1462 1046 1629 1080 fratribus

116 1103 309 1136 necessaria
336 1102 597 1146 commodaret,
625 1104 741 1137 statim
765 1104 820 1137 illc
848 1104 878 1136 xl
909 1116 1041 1137 mareas
1071 1104 1205 1151 argenti
1232 1104 1262 1137 ei
1290 1103 1512 1148 commodat⁷
1542 1117 1629 1150 quas

117 1166 234 1193 tamen
250 1172 433 1206 nunquam
451 1168 568 1206 postea
584 1162 738 1207 recipere
751 1162 878 1203 voluit3
895 1161 955 1195 scd
969 1168 1045 1207 post
1059 1174 1122 1207 pro
1138 1162 1254 1195 anima
1268 1174 1330 1195 sua
1341 1162 1504 1196 eeclesiae
1514 1162 1623 1197 dedit.

118 1217 234 1252 Unum
254 1219 358 1253 etiam
379 1219 523 1253 hortum
543 1232 649 1265 super
663 1219 827 1253 Scaldum
848 1232 958 1265 prope
972 1220 1006 1253 S.
1028 1219 1236 1253 Medardum
1254 1220 1352 1254 valde
1372 1221 1493 1254 utilem
1516 1222 1628 1255 ecele-

116 1277 185 1310 siae
208 1284 346 1311 nostrae
373 1277 529 1311 donavit.
560 1279 675 1311 Alium
704 1279 883 1325 Baugerus
904 1278 1010 1312 modo
1037 1278 1152 1311 dedit.
1183 1279 1244 1324 qui
1269 1286 1452 1312 conservat
1477 1292 1515 1313 ea
1539 1293 1629 1326 quae

116 1347 178 1381 per
203 1336 380 1383 navigium
407 1336 630 1370 adducimus.
664 1336 893 1370 Postmodum
922 1336 966 1370 ad
996 1336 1257 1370 aedificandum
1283 1338 1454 1383 templum
1485 1345 1628 1372 centum

115 1392 244 1427 solidos
258 1393 374 1436 dedit,
401 1401 435 1427 et
450 1394 495 1428 ad
513 1407 602 1440 opus
625 1395 800 1428 refectorii
823 1401 965 1428 centum
988 1394 1138 1437 solidosff
1163 1401 1197 1428 et
1215 1395 1260 1429 ad
1280 1396 1460 1429 cellarium
1480 1397 1628 1430 totidem

116 1451 226 1486 dedit.
259 1451 405 1492 Quoties
425 1465 508 1487 vero
535 1453 724 1487 conventui
746 1453 974 1486 refectionem
1000 1453 1192 1499 plenariam
1219 1454 1368 1499 piscium
1390 1455 1539 1498 miserit7
1564 1456 1628 1501 ipsi

112 1510 375 1545 numerandum
397 1519 429 1546 et
453 1511 753 1546 renumerandum
772 1512 991 1558 relinquatur
1016 1524 1080 1558 pro
1101 1524 1173 1558 quo
1192 1512 1287 1546 fecit.
1313 1513 1380 1546 Per
1394 1513 1408 1534 5
1426 1513 1522 1547 1111110
1545 1526 1627 1547 vero

115 1569 345 1616 Radulphum
371 1570 474 1604 multi
499 1570 544 1604 de
567 1570 779 1604 Tornacensi
800 1570 888 1603 urbe
911 1569 956 1604 ad
978 1570 1243 1604 conversionem
1269 1578 1464 1617 coeperunt
1487 1572 1604 1605 venire
1618 1599 1626 1614 7

117 1628 264 1675 ejusque
291 1630 438 1663 fervoris
460 1629 655 1663 imitatores
677 1629 834 1662 existere.
859 1629 883 1661 E
901 1629 1031 1674 quibus
1049 1628 1117 1662 fuit
1135 1641 1228 1662 unus
1247 1629 1423 1664 VValterus
1444 1630 1629 1676 supradic-

115 1693 189 1730 tusff
211 1688 272 1734 qui
291 1689 484 1722 vocabatur
503 1688 594 1722 filius
612 1688 777 1730 1111110111ἾΥ
795 1694 940 1733 eratque
956 1699 1048 1721 unus
1066 1687 1110 1720 de
1125 1688 1383 1733 potentioribus
1399 1689 1628 1723 Tornacensis

116 1746 316 1791 provinciae
342 1747 585 1792 optimatibus.
609 1746 670 1780 Hic
693 1758 774 1779 cum
799 1757 908 1779 uxore
933 1757 995 1779 sua
1019 1744 1096 1779 Oda
1118 1745 1163 1779 ad
1182 1747 1447 1780 conversionem
1465 1748 1624 1782 veniens.

116 1817 209 1838 anno
237 1805 309 1839 fere
325 1806 430 1839 tertio
454 1805 625 1839 adventus
649 1804 785 1839 domini
808 1804 942 1838 odonis
969 1805 1126 1847 abbatis,
1155 1804 1239 1838 dare
1257 1805 1359 1839 nobis
1377 1806 1488 1839 voluit
1505 1818 1627 1852 quam—

116 1862 198 1897 dam
213 1869 342 1897 terram
354 1891 362 1907 ,
380 1876 487 1910 quam
503 1864 657 1898 habebat
671 1864 706 1896 in
726 1875 869 1896 nemore
883 1862 927 1895 de
943 1862 1174 1907 Pevelajuxta
1193 1863 1451 1909 Templovium2
1474 1864 1536 1898 sed
1556 1877 1627 1898 non

115 1928 269 1968 poterat„
286 1922 369 1968 quia
386 1934 463 1956 eam
480 1922 515 1955 in
533 1921 705 1955 beneficio
719 1921 861 1954 tenebat
875 1920 918 1954 de
937 1920 1110 1963 Roberto⁷
1127 1920 1328 1955 Flandrensi
1342 1921 1483 1955 comite.
1504 1921 1627 1956 Comes

116 1981 211 2014 enim
229 1987 363 2015 tantam
386 1987 516 2015 terram
532 2008 540 2024 7
562 1993 653 2027 quae
668 1980 712 2014 de
730 1980 901 2013 beneficio
919 1979 972 2013 vel
992 1978 1097 2013 feodo
1115 1991 1179 2013 suo
1197 1987 1284 2023 erat7
1305 1980 1413 2027 gratis
1433 1980 1627 2014 concedere

115 2040 278 2074 ecclesiae
303 2040 457 2074 nolebat.
483 2040 570 2074 Cum
595 2052 698 2087 ergo7
727 2045 768 2072 111
785 2039 853 2072 hoc
879 2050 997 2072 comes
1015 2037 1245 2081 concederet7
1271 2039 1510 2082 laborat-etum
1536 2040 1626 2073 forte

117 2097 343 2144 Radulphus7
365 2098 420 2132 ille
446 2098 734 2144 praenominatus
758 2097 874 2139 miles„
900 2109 1013 2129 unum
1034 2108 1167 2142 equum
1192 2097 1309 2144 magni
1329 2098 1430 2143 pretii
1451 2097 1625 2141 habebat7

117 2168 182 2202 pro
197 2168 268 2202 quo
283 2157 330 2189 illi
345 2168 462 2190 eomes
476 2156 508 2189 xl
524 2168 658 2190 marcas
672 2155 757 2190 darc
770 2155 920 2188 volebat.
940 2154 1088 2202 Rogavit
1102 2166 1186 2202 ergo
1203 2155 1369 2188 comitem
1384 2154 1478 2189 idem
1495 2155 1627 2189 Radul-

118 2213 224 2260 phus„
242 2220 281 2247 ut
296 2225 428 2260 equum
444 2214 542 2247 illum
554 2214 729 2259 acciperet
741 2220 775 2247 et
789 2220 917 2246 terram
931 2212 1025 2245 illam
1041 2224 1104 2258 pro
1113 2212 1228 2245 anima
1243 2224 1305 2246 sua
1318 2212 1355 2245 in
1368 2213 1626 2259 eleemosynam

115 2272 151 2306 S.
165 2272 315 2307 Martino
333 2271 444 2305 daret.
463 2271 645 2305 Consensit
660 2283 778 2305 comes
791 2277 825 2304 et
838 2270 1008 2317 privilegii
1023 2270 1075 2303 sui
1089 2270 1296 2303 auctoritate
1312 2270 1473 2304 eamdem
1494 2277 1623 2305 terram

118 2331 290 2366 coenobio
316 2336 437 2364 nostro
459 2330 699 2372 confirmavit-¹
723 2330 843 2375 sicque
865 2330 1020 2374 praefata
1046 2334 1158 2371 terra,
1187 2340 1269 2362 cum
1296 2328 1498 2363 molendino
1519 2342 1626 2376 super

116 2391 261 2425 Mairam
278 2389 461 2423 fluviolum
479 2389 545 2422 sito
557 2415 565 2423 .
588 2388 648 2422 ubi
666 2394 741 2421 1013
758 2400 897 2421 annona
916 2387 1072 2429 molitur„
1094 2386 1138 2420 de
1155 2398 1226 2432 qua
1244 2386 1284 2420 fit
1296 2387 1396 2432 panis
1413 2388 1475 2434 qui
1494 2388 1530 2421 in
1549 2400 1625 2422 000-

154 2519 161 2536 ¹
185 2518 257 2545 Finis
270 2519 282 2554 3
296 2519 340 2546 59.
402 2518 414 2536 2
435 2518 474 2544 Ad
487 2518 582 2550 finem,
598 2516 668 2553 569.
729 2518 740 2535 3
762 2517 876 2550 nerim„
891 2517 903 2552 §
917 2516 961 2544 58.
