2118 3184
582 411 806 445 CHROMCA
837 410 1157 445 TORNACENsts,
1556 412 1624 446 513

121 519 164 551 tia
180 519 304 552 Gallias
315 520 560 565 perlustrante.
579 525 831 564 mortuumque
846 519 892 552 ibi
907 519 1088 552 suscitasse
1102 525 1135 551 et
1151 519 1344 552 innumeris
1355 518 1501 552 infirmis
1516 518 1623 550 multa

117 577 305 610 sanitatum
332 578 497 610 beneficia
528 577 756 622 praestitisse,
782 589 843 622 per
869 590 958 623 quae
981 590 1050 610 non
1078 576 1250 610 modicam
1273 578 1412 611 turbam
1438 577 1622 625 gentilium

116 634 159 668 ad
186 636 319 669 cultum
345 635 504 668 divinum
532 635 700 668 convertit
732 634 753 667 ¹.
785 635 831 668 Ne
858 636 913 669 eui
936 642 1052 669 autein
1079 635 1282 669 incredibile
1302 636 1460 670 videatur
1479 637 1620 669 beatum

120 692 308 726 Martinuni
327 694 361 726 in
383 693 422 725 iis
446 692 604 737 partibus
623 692 822 735 advenisse,
848 693 946 739 signa
974 693 1104 726 itini-ris
1124 693 1198 737 ejus
1218 706 1329 739 usquc
1349 694 1382 727 in
1405 700 1621 739 praesentem

118 750 210 784 dien]
231 750 530 784 demonstrantur.

168 809 205 842 ln
232 809 457 856 Lotharingia
485 808 636 842 liabetur
663 807 843 855 quoddam
871 809 1102 854 municipium
1127 809 1226 855 quod
1257 817 1401 843 vocatur
1429 810 1620 852 Boi-enias,

116 879 178 913 per
199 866 297 913 quod
322 866 408 900 duni
434 867 593 900 transiret
614 866 706 900 idem
729 867 867 909 beatus,
891 866 933 900 ad
952 868 1085 900 fontem
1111 880 1209 901 secus
1232 867 1468 911 defluentem,
1494 868 1620 902 animal

117 926 172 959 cui
203 924 375 959 insidebat
400 925 597 971 adaequare
621 925 742 959 voluit.
767 925 804 958 In
826 926 926 971 cujus
945 925 1112 959 descensu
1132 938 1253 959 saxum
1277 938 1420 960 enorme
1450 927 1619 973 repperit,

118 985 152 1017 in
166 996 239 1030 quo
253 984 381 1017 animal
398 984 522 1029 pedem
538 997 641 1017 suuni
657 985 755 1030 quasi
771 984 806 1017 in
823 984 1022 1018 mollissima
1039 996 1117 1018 cera
1131 985 1318 1030 impressit.
1343 985 1448 1026 Quod
1467 986 1598 1020 factum
1611 1013 1619 1028 ,

115 1043 206 1077 sicut
222 1055 241 1076 a
261 1043 421 1088 pluribus
439 1043 588 1091 contigit
607 1043 779 1090 ignorari,
801 1043 937 1076 silentio
952 1043 1003 1078 vel
1023 1043 1196 1077 oblivione
1211 1044 1435 1078 obliteratum
1449 1071 1457 1087 ,
1478 1045 1524 1078 ita
1543 1051 1622 1078 ante

117 1101 220 1135 nullis
239 1108 340 1147 paeto
359 1102 483 1148 quotis
501 1102 659 1149 agnitum
671 1129 679 1143 ,
697 1102 925 1135 nihilominus
941 1102 1108 1135 memoria
1125 1109 1363 1136 conservatur.
1385 1103 1502 1137 Rebus
1522 1116 1620 1137 nam-

115 1171 184 1205 que
199 1161 498 1206 praetereuntium
515 1166 714 1205 temporum
734 1160 805 1193 sola
822 1166 996 1205 superstes
1017 1161 1184 1194 memoria
1199 1160 1259 1194 diu
1275 1162 1359 1194 vivit
1373 1162 1408 1195 in
1425 1169 1617 1207 posterum.

166 1218 296 1252 Locum
319 1218 332 1239 ‘²
353 1231 437 1266 ergo
463 1231 568 1264 supra
593 1219 813 1252 nominatum
842 1219 876 1251 in
896 1219 1041 1251 introitu
1066 1219 1214 1252 civitatis
1240 1219 1468 1253 Tornacensis
1481 1221 1554 1265 jam
1578 1220 1621 1254 ab

116 1277 191 1322 ipso
210 1276 360 1310 Martino
384 1277 637 1322 praeelectum,
662 1283 696 1309 et
715 1289 778 1322 per
795 1289 893 1309 suam
910 1277 1141 1322 praesentiam
1166 1284 1359 1320 sacratum,
1389 1279 1448 1311 Dei
1469 1279 1622 1312 famulus

116 1334 246 1382 Eligius
270 1335 413 1380 expetiit
437 1333 651 1381 eligendum.
685 1335 722 1368 ln
748 1346 820 1380 quo
847 1333 989 1367 dentem
1020 1335 1129 1367 sancti
1158 1347 1350 1381 reponens,
1380 1336 1526 1370 domum
1553 1338 1621 1371 illic

115 1392 332 1438 baptismatis
357 1393 392 1425 in
416 1391 551 1425 honore
574 1392 682 1438 ipsius
705 1392 920 1435 aedificavit,
943 1392 1061 1438 quoad
1081 1392 1200 1426 laudes
1224 1393 1358 1427 divinas
1385 1402 1622 1428 sacramento-

115 1463 194 1485 rum
217 1451 383 1485 ministris
402 1451 661 1485 celebrantibus
688 1451 839 1497 populus
865 1452 936 1484 Deo
954 1450 1083 1499 dignus
1101 1458 1216 1497 posset
1238 1452 1416 1486 confluere
1434 1460 1468 1486 et
1488 1454 1623 1487 charis-

115 1517 207 1544 mata
231 1509 349 1544 divina
368 1510 561 1556 percipere.
588 1509 657 1551 Qui
676 1522 900 1556 nequaquam
920 1510 1050 1543 oblitus
1068 1511 1121 1543 sui
1139 1510 1302 1544 desiderii
1327 1511 1595 1545 destinationem
1609 1539 1617 1555 ,

114 1568 347 1603 habitationes
370 1568 626 1602 monachorum
650 1567 781 1602 ibidem
801 1568 1016 1611 construxit,
1042 1580 1164 1601 verum
1190 1569 1437 1616 progrediente
1463 1576 1621 1615 tempore

113 1633 147 1660 et
161 1633 337 1661 crescente
351 1626 534 1672 paululum
550 1625 735 1660 devotione
750 1626 906 1660 fidelium
923 1638 1005 1674 erga
1020 1626 1134 1672 ipsum
1150 1627 1280 1670 locum,
1297 1627 1419 1661 videns
1435 1629 1622 1662 nonnullos

113 1685 284 1719 animatos
310 1684 356 1718 ad
379 1685 446 1718 hoc
471 1684 569 1731 quod
595 1683 656 1718 diu
684 1691 800 1718 mente
821 1690 1049 1727 tractaverat,
1075 1685 1205 1718 scilicet
1228 1685 1273 1718 ad
1297 1685 1520 1719 serviendum
1550 1688 1620 1720 Deo

113 1744 180 1778 sub
195 1744 346 1791 regulari
361 1756 497 1786 norma,
516 1750 622 1790 atque
636 1744 817 1777 communi
833 1743 902 1777 vita
915 1743 1029 1776 vivere
1044 1750 1197 1789 paratos,
1214 1756 1257 1777 ne
1272 1751 1474 1790 praeparata
1491 1745 1623 1778 habita-

113 1802 161 1835 tio
179 1802 254 1835 sine
273 1801 530 1835 habitatoribus
551 1808 656 1844 esset,
677 1801 817 1849 collegit
836 1801 967 1834 ibidem
987 1801 1214 1847 quamplures
1234 1814 1274 1835 ex
1293 1801 1437 1835 diversis
1456 1803 1619 1850 gentibus

112 1867 184 1894 tam
209 1872 325 1894 servos
346 1872 454 1906 quam
478 1860 667 1907 ingenuos,
695 1860 950 1905 abbatemque,
979 1859 1024 1892 ad
1048 1860 1148 1905 eujus
1173 1866 1300 1893 nutum
1328 1860 1541 1906 penderent,
1572 1862 1620 1894 eis

112 1919 291 1965 praefecit.
312 1919 410 1952 Vitae
429 1931 510 1952 vero
529 1918 785 1952 institutionem
801 1925 873 1952 tam
895 1917 1088 1952 districtam
1106 1917 1254 1961 indidit,
1277 1925 1316 1952 ut
1333 1931 1422 1965 pene
1436 1919 1620 1967 singularis

111 1977 218 2011 fuerit
234 1977 304 2010 vita
323 1976 452 2010 eisdem
473 1976 654 2010 monachis
672 1988 736 2022 pro
761 1976 905 2010 caeteris
930 1975 1058 2010 Galliae
1084 1977 1313 2010 monasteriis.
1339 1977 1440 2011 Tunc
1462 1977 1620 2023 undique

113 2035 246 2069 nobiles
276 2035 362 2069 inibi
389 2035 575 2070 convenire
600 2042 817 2080 coeperunt,
847 2047 886 2068 ae
913 2047 949 2068 se
978 2035 1229 2080 omnipotentis
1254 2036 1314 2069 Dei
1341 2036 1525 2069 famulatui
1554 2043 1620 2070 tra-

112 2093 253 2137 dentes,
279 2095 511 2140 possessiones
534 2094 638 2128 etiam
663 2106 742 2127 suas
759 2093 1009 2127 haereditarias
1028 2092 1140 2126 eidem
1162 2094 1238 2127 loco
1259 2093 1520 2142 delegaverunt.
1543 2094 1620 2140 Ipse

114 2164 257 2198 quoque
268 2153 398 2200 Etigius
407 2153 637 2198 amplioribus
646 2152 797 2198 praediis
813 2152 928 2185 locum
943 2152 1041 2185 illum
1057 2151 1193 2196 ditavit,
1204 2159 1314 2186 terras
1323 2159 1358 2186 et
1371 2152 1530 2186 redditus
1543 2153 1619 2186 suf-

114 2210 271 2244 ficienter
289 2209 484 2257 delegavit,
506 2217 540 2243 et
559 2210 677 2243 omnia
702 2222 792 2256 quae
815 2216 928 2243 essent
954 2209 1167 2243 monasterio
1184 2210 1376 2244 necessaria
1394 2210 1511 2243 solerti
1537 2211 1619 2244 satis

109 2280 192 2302 cura
216 2267 382 2314 providit.
410 2268 457 2301 Ex
484 2267 614 2313 quibus
633 2268 802 2301 nonnulla
827 2267 870 2301 de
894 2268 1150 2313 episcopalibus
1176 2267 1372 2302 redditibus
1394 2268 1615 2314 possederat,

112 2326 286 2373 quaedam
310 2327 423 2372 pretio
447 2332 729 2372 comparaverat,
755 2326 930 2372 quaedam
953 2338 992 2359 ex
1020 2338 1165 2359 munere
1184 2326 1281 2374 regio
1300 2333 1524 2373 perceperat,
1553 2327 1618 2361 ali-

112 2398 181 2432 qua
208 2397 289 2419 vero
317 2385 361 2418 ab
385 2385 458 2418 aliis
485 2384 688 2430 potentibus
711 2385 863 2432 gratuita
890 2384 1047 2432 largitate
1073 2383 1154 2417 data
1180 2391 1392 2430 susceperat.
1410 2385 1494 2433 Regi
1522 2398 1617 2419 nam-

151 2519 156 2536 ¹
178 2519 368 2551 Herimannus,
386 2519 397 2554 <j
413 2519 457 2550 43,
475 2527 536 2554 pag.
552 2518 616 2545 902.
921 2517 933 2535 ²
953 2518 1131 2544 llerimannus
1142 2539 1148 2551 ‚
1163 2518 1174 2553 §
1188 2518 1233 2550 45,
1248 2518 1274 2544 in
1286 2518 1384 2544 medio.

213 2567 298 2601 Tou.
330 2567 374 2600 ΙΙ.
1477 2567 1522 2602 65
