2118 3184
586 388 813 423 cunoxtcx
849 390 1016 423 AEGlnlt
1049 390 1088 424 Ll
1116 390 1280 425 Mtssts‘ls.
1635 396 1691 428 1-21

174 504 246 543 tyr.
267 498 328 544 qni
344 498 463 531 statuit
483 497 599 531 (licere
616 499 736 531 missas
751 505 782 531 ct
799 499 974 531 orationes
988 505 1020 532 et
1036 499 1274 544 eleemosynas
1291 500 1404 534 facere
1422 513 1486 547 pro
1501 500 1690 535 defunctis.

223 557 323 589 Anno
342 556 542 590 CCXXXY.
568 556 758 590 tutin-ms.
782 569 870 602 papa
890 563 920 589 et
947 564 1092 602 martyr.
1115 558 1234 590 statuit
1259 558 1357 604 quod
1375 559 1491 592 nullus
1509 559 1694 605 episcopm

173 613 363 648 dimitteret
384 627 488 648 suum
509 615 750 660 episcopatum
770 621 830 647 aut
850 615 968 661 aliquo
991 615 1097 649 modo
1119 623 1348 661 permutaret.

224 674 324 707 Anno
351 672 514 706 CCXLlll
527 700 534 706 .
569 673 633 706 fnit
668 673 851 719 l‘hilippns
875 674 1065 718 imperator
1092 680 1123 706 et
1153 674 1382 707 christianus.
1413 676 1474 721 qui
1507 679 1690 723 assumpsit

173 744 292 765 secum
308 732 511 765 consocium
533 732 566 765 in
584 732 731 778 imperio
749 732 950 778 Philippum
970 744 1074 765 suum
1093 733 1202 765 tilium
1225 733 1568 768 christianissimum.

223 791 323 823 Anno
342 789 517 823 CCXLH.
536 789 717 823 Cornelius
729 817 736 822 .
755 802 843 836 papa
858 797 889 822 et
909 797 1054 836 martyr.
1075 790 1197 823 levavit
1213 803 1360 837 corpora
1376 799 1578 827 sauctorum
1594 807 1693 840 apos-

173 847 327 881 tolorum
348 848 440 881 Petri
464 855 494 881 ct
520 849 614 882 l'auli
630 876 637 882 .
662 848 706 882 de
727 855 834 894 puteo
854 849 912 882 uhi
933 855 1031 882 erant
1054 856 1084 882 ct
1100 849 1282 894 jacuerant
1305 863 1418 896 nsque
1438 850 1482 884 ad
1501 852 1586 885 illud
1609 860 1693 886 tvm-

174 918 259 952 pus7
281 913 315 940 et
334 906 529 941 honorilice
547 907 699 953 reposuit
723 907 757 940 in
776 907 858 940 locis
882 907 941 940 ubi
963 919 1057 941 nunc
1076 914 1157 940 sunt
1177 914 1211 941 et
1235 909 1481 954 requiruntur.

223 966 323 999 Anno
344 965 490 999 CCLIY.
517 965 663 999 Lucius.
687 977 776 1011 papa
799 972 832 998 ct
856 972 1006 1009 martyr.
1033 966 1153 998 statuit
1174 972 1208 999 ut
1237 979 1359 999 ‹nnncs
1382 967 1537 1014 episcopi
1556 971 1691 1003 rationi·

171 1029 282 1057 status
304 1030 337 1057 et
363 1023 545 1072 dignitatis
567 1024 718 1058 habeant
744 1036 882 1070 semper
900 1037 1018 1058 secum
1041 1025 1226 1058 associatos
1248 1024 1337 1058 duos
1363 1026 1585 1072 presbyteros
1600 1029 1691 1062 tiros-

171 1081 339 1128 providos
360 1089 391 1115 et
415 1082 593 1117 honestos.

221 1141 323 1174 Anno
339 1140 465 1174 CCLYI
480 1169 487 1174 .
506 1142 706 1188 Stephanus
719 1170 726 1176 .
749 1155 838 1189 papa
853 1150 888 1176 et
905 1150 1055 1188 martyr.
1073 1143 1190 1175 statuit
1212 1143 1419 1177 vestimenta
1434 1151 1465 1177 et
1483 1153 1688 1179 ornamenta

169 1198 394 1233 sacerdotum
411 1200 537 1233 sacrari
557 1201 601 1233 ab
623 1201 794 1246 episcopis
812 1207 846 1233 et
866 1201 985 1233 omnia
1005 1199 1138 1233 munda
1157 1200 1348 1233 observari.

220 1258 322 1291 Anno
341 1257 498 1292 CCLx'V.
520 1258 707 1304 Dionysius
721 1270 811 1304 papa
829 1259 949 1292 statuit
965 1258 1182 1304 parochiales
1199 1258 1360 1292 ecclesias
1378 1271 1451 1292 esse
1468 1272 1529 1305 per
1549 1263 1692 1296 nniver-

172 1328 251 1350 sum
271 1316 463 1349 mundum.

221 1376 323 1407 Anno
343 1373 559 1418 CCLXXII}7
581 1374 840 1421 Eutychianus.
863 1387 954 1421 papa
973 1381 1007 1408 et
1026 1381 1173 1421 martyr.
1200 1375 1322 1409 statuit
1341 1374 1442 1409 blada
1463 1382 1497 1409 et
1515 1377 1580 1410 alia
1600 1378 1689 1411 bona

171 1433 348 1467 terrestria
368 1445 431 1478 per
450 1432 647 1467 sacerdotes
671 1432 846 1467 benedici.

221 1492 323 1525 Anno
338 1490 573 1534 CCLXXXII.
596 1490 716 1537 Cajus.
735 1504 823 1538 papa
839 1498 873 1525 et
888 1498 1035 1538 martyr,
1053 1491 1175 1525 statuit
1187 1490 1286 1537 quod
1300 1504 1423 1525 omnes
1440 1493 1593 1539 episcopi
1610 1502 1690 1527 sunt

171 1557 206 1584 et
225 1549 357 1584 debent
373 1562 446 1583 esse
467 1562 573 1596 super
591 1562 733 1584 omnem
753 1551 887 1584 clerum
906 1563 1010 1584 suum
1035 1557 1069 1584 et
1087 1562 1195 1596 super
1213 1551 1307 1596 ipsos
1329 1550 1460 1584 habere
1476 1551 1687 1586 dominium.

223 1609 323 1642 Anno
352 1607 616 1651 CCLXXXVIL
643 1609 711 1642 fuit
732 1608 965 1642 Maximianus
987 1609 1193 1654 imperator.
1221 1609 1395 1643 maximus
1418 1609 1690 1644 christianornm

173 1673 394 1714 persecutor.
417 1667 484 1700 sub
501 1679 574 1713 quo
589 1673 799 1713 receperunt
819 1668 1029 1713 martyrium
1049 1667 1256 1701 sanctissimi
1278 1667 1465 1710 Fabianus.
1484 1668 1688 1709 Quintinus.

174 1725 400 1767 Vincentius.
429 1725 639 1769 Fascianus,
664 1725 878 1769 victoricus.
905 1732 941 1759 et
961 1732 1079 1760 sancta
1099 1724 1215 1769 Fides7
1240 1731 1275 1759 et
1292 1725 1349 1759 alii
1373 1732 1544 1772 martyres
1565 1739 1694 1773 qnam-

174 1784 331 1831 plurimi.

223 1843 325 1876 Anno
343 1841 472 1876 CCXCI
486 1869 494 1884 .
523 1842 759 1876 Diocletianus
779 1849 854 1876 erat
872 1843 1065 1888 imperator
1084 1848 1115 1875 et
1141 1841 1326 1875 Marcellus
1349 1854 1456 1888 papa.
1478 1843 1539 1888 qui
1566 1844 1632 1876 sub
1651 1856 1691 1874 en

173 1900 303 1947 recepit
322 1900 544 1946 martyrium.

224 1961 325 1993 Anno
340 1957 517 1992 CCXCVII
531 1986 539 2002 7
563 1959 800 1993 Diocletianus
822 1960 1014 2005 imperator
1035 1959 1118 1992 fecit
1140 1970 1310 2005 quaerere
1329 1971 1451 1993 omnes
1470 1960 1576 1993 libros
1596 1960 1694 1992 theo-

173 2017 304 2066 logicos
322 2023 357 2050 et
374 2028 465 2063 quos
483 2018 600 2063 potuit
622 2018 768 2064 reperiri
791 2018 873 2051 fecit
898 2030 1020 2051 omnes
1039 2017 1215 2051 comburi.

224 2077 325 2109 Anno
352 2074 449 2118 CCC.
482 2076 577 2110 venit
600 2076 723 2110 beatus
747 2077 877 2122 Pyatus
898 2089 918 2110 a
940 2076 1067 2114 Roma.
1093 2075 1330 2121 praedicando
1357 2075 1481 2117 fidem.
1515 2086 1627 2120 usque
1647 2075 1692 2108 ad

175 2134 350 2168 civitatem
363 2133 620 2168 Tornacensem
631 2161 640 2178 ,Ι
656 2146 748 2181 quae
761 2141 849 2168 tunc
860 2135 1028 2180 temporis
1042 2133 1182 2181 gentilis
1196 2140 1288 2177 erat7
1305 2140 1341 2167 et
1354 2134 1419 2167 fuit
1433 2132 1565 2166 ibidem
1581 2133 1694 2179 capite

175 2191 406 2226 detruncatus
419 2218 426 2235 e
445 2198 479 2225 et
498 2192 559 2225 ivit
573 2191 617 2225 ad
632 2191 833 2234 Siclinium;
851 2198 886 2225 et
900 2192 967 2225 fuit
983 2192 1134 2238 populus
1150 2203 1213 2237 per
1227 2203 1310 2225 eum
1325 2202 1514 2225 conversus
1527 2189 1572 2223 ad
1586 2190 1693 2224 fidem

175 2250 413 2284 christianam.
438 2250 515 2284 Vita
535 2250 610 2295 ejus
630 2251 666 2283 in
685 2251 775 2284 libro
794 2262 876 2284 cum
891 2251 965 2284 aliis
985 2250 1198 2296 martyribus
1213 2250 1341 2295 poterit
1360 2249 1518 2295 reperiri.

227 2310 328 2342 Anno
350 2307 482 2351 CCCH.
506 2308 690 2342 Marcellus
707 2320 798 2354 papa
816 2308 982 2342 stabilivit
1006 2307 1104 2354 quod
1130 2307 1284 2353 episcopi
1309 2319 1329 2340 a
1349 2307 1443 2340 laicis
1467 2318 1537 2340 non
1559 2308 1696 2341 valeant

175 2367 348 2410 accusari.
371 2367 392 2401 ii
412 2367 517 2401 etiam
539 2373 661 2401 contra
684 2379 743 2400 eos
766 2378 838 2401 non
860 2373 943 2400 sunt
961 2366 997 2400 in
1016 2366 1258 2400 testimonium
1277 2364 1457 2399 audiendi.

225 2426 325 2459 Anno
343 2424 476 2469 CCCX.
502 2425 671 2459 Eusebius
692 2436 783 2470 papa
800 2424 967 2458 stabilivit
989 2423 1087 2471 quod
1109 2423 1260 2458 infantes
1279 2424 1314 2457 in
1332 2422 1544 2469 baptizando
1563 2423 1693 2457 debent

175 2483 299 2532 inungi
317 2495 416 2518 sacro
435 2483 597 2517 crismate
610 2510 619 2526 .,
644 2489 679 2516 et
697 2483 802 2516 etiam
822 2481 920 2528 quod
939 2489 1200 2516 sacramentum
1224 2481 1359 2524 altaris.
1381 2480 1541 2515 videlicet
1566 2493 1694 2528 corpus
