2118 3184
754 383 1040 418 APPENDICES.
1586 381 1658 417 835

136 495 162 520 in
176 499 351 530 perpetuum.
367 494 502 520 Nox-critis
513 514 519 521 .
531 499 558 520 ct
573 492 829 519 noverintuniversi
844 500 973 527 praesens
988 492 1120 527 scriptum
1133 491 1284 526 inspecturi
1297 511 1304 519 .
1319 490 1393 527 quod
1407 489 1542 527 quidquid
1559 499 1658 517 conca-

135 542 249 568 nonicus
263 541 494 577 nosterAegidius
507 541 541 567 de
555 540 680 567 Bruxella
690 561 696 568 .
711 539 927 565 obedientiarius
940 539 974 565 dc
989 539 1100 574 Aptae,
1115 544 1141 565 et
1157 538 1256 565 nobilis
1271 539 1312 564 vir
1323 538 1449 564 dominus
1460 537 1526 564 Osto
1537 537 1571 564 de
1588 537 1656 563 Tm-

134 590 221 625 siqm':
234 610 240 616 .
255 589 376 623 ejusdem
393 589 473 614 villae
491 588 640 614 advocatus
650 607 657 616 ,
670 596 754 621 super
771 586 853 612 terris
873 587 983 620 aquosis
998 591 1024 611 et
1039 585 1136 612 lutosis
1151 594 1237 621 prope
1251 586 1365 611 fluvium
1378 585 1480 611 dietum
1492 584 1515 611 le
1531 584 1614 611 Tenre
1628 590 1655 610 et

134 636 205 662 inl'ra
218 636 308 662 wll-”tm
318 636 490 669 jacentibus.
505 644 576 670 quae
592 639 681 660 terrae
694 633 845 669 vulgariter
853 632 875 658 Ii
888 642 972 659 mares
984 632 1025 658 vel
1040 632 1147 658 librucs
1161 632 1351 668 appellantur.
1368 637 1482 668 agerent
1497 632 1529 658 ad
1543 641 1654 658 censum

135 683 279 712 annualem
287 705 294 710 .
305 682 473 709 conferendo
482 682 626 708 bonarium
637 690 687 717 pro
696 686 816 716 quatuor
826 681 951 706 sextariis
962 689 1064 706 avenae
1078 680 1111 705 ad
1125 690 1278 706 mensuram
1288 680 1321 706 dc
1335 680 1432 716 Apin-s
1443 685 1469 706 et
1480 684 1600 715 quatuor
1612 688 1657 706 ca—

135 731 252 766 ponibus
269 729 303 756 ad
321 730 410 756 natale
431 728 619 765 persolvendis
631 749 638 760 ,
660 733 751 754 ratum
770 727 902 753 habemus
920 732 946 753 et
965 732 1121 762 acceptum3
1142 727 1168 753 in
1182 727 1309 753 omnibus
1324 732 1415 753 autem
1433 727 1542 753 omnino
1557 727 1656 758 terris,

135 776 294 803 nemoribus
313 782 340 803 et
360 776 475 807 lutosis,
492 781 519 802 et
537 775 758 812 quibuscumque
771 774 842 806 aliis⁷
863 774 994 800 decimam
1011 775 1037 800 in
1052 775 1191 810 integrum
1210 774 1342 801 debemus
1359 774 1510 811 possidere.
1527 774 1556 800 ln
1576 774 1656 808 cujus

135 825 174 851 rei
193 824 377 851 testimonium
397 829 568 859 praesentem
584 823 708 859 paginam
729 822 809 858 sigilli
827 823 912 848 nostri
930 823 1097 858 appensione
1118 823 1319 849 roboravimus.
1346 823 1443 849 Actum
1463 831 1534 848 anno
1553 822 1656 859 gratiae

136 870 293 897 MCCXVHI
308 893 314 898 .
331 880 421 897 mense
433 871 541 897 Martio.

1237 926 1345 959 Origiual
1355 945 1362 953 ,
1376 934 1444 951 sceau
1454 927 1551 951 ‹lc—truit.

835 1219 975 1253 CXVII.

137 1316 184 1351 Le
197 1315 321 1363 procot
334 1316 376 1350 cle
389 1315 572 1349 S‘-Pierre
591 1321 623 1349 et
639 1315 667 1348 le
681 1318 812 1362 prieur
833 1315 873 1349 de
894 1314 1165 1356 S¹“-Gertrmle,
1187 1312 1212 1347 ἁ
1237 1313 1399 1347 Louvain
1408 1339 1418 1355 ,
1437 1313 1596 1347 deeidam
1616 1326 1659 1346 en

183 1374 530 1422 qualc'te'cl'arbitres,
550 1374 645 1420 qnels
663 1380 741 1407 sont
754 1374 800 1407 les
821 1374 932 1407 droit-9
950 1373 991 1407 de
1009 1373 1166 1419 l'abbagse
1183 1372 1224 1406 de
1238 1370 1376 1406 Nz'nove
1393 1384 1459 1405 sur
1473 1371 1518 1405 les
1532 1370 1657 1413 elimes7

186 1434 232 1468 les
249 1432 440 1478 offiumles,
461 1438 538 1475 etc„
558 1430 583 1466 ἀ
596 1431 959 1466 Holtem-sur-Mont.
977 1432 1233 1466 —RE1N1RSART.

779 1628 796 1649 Α
816 1625 936 1655 Louvain,
948 1625 1020 1649 1218.

176 1699 223 1731 H„
239 1698 412 1734 praepositus
425 1698 454 1725 S.
467 1698 557 1729 Petri,
573 1703 599 1724 et
613 1697 657 1732 L.,
672 1698 749 1733 prior
762 1697 790 1724 S.
806 1697 950 1723 Gertrudis
965 1698 992 1723 in
1005 1696 1140 1728 Lovanio,
1155 1695 1281 1722 omnibus
1295 1704 1425 1731 praesens
1438 1695 1572 1730 scriptum
1587 1695 1662 1721 visu—

137 1746 176 1772 ris
189 1750 328 1772 aeternam
342 1746 369 1771 in
384 1745 499 1771 Domino
513 1745 640 1771 salutem.
655 1745 755 1771 Notum
772 1744 885 1771 facimus
899 1750 953 1770 tam
967 1744 1160 1780 praesentibus
1173 1753 1255 1779 quam
1270 1743 1371 1769 futuris
1382 1764 1389 1775 ,
1406 1742 1481 1779 quod
1492 1752 1554 1769 cum
1569 1751 1601 1769 ex
1615 1742 1663 1768 de-

137 1794 274 1830 legatione
289 1794 385 1819 summi
397 1793 532 1829 pontilicis
546 1793 618 1819 inter
632 1793 759 1819 abbatem
772 1798 800 1819 et
812 1792 954 1819 ecclesiam
969 1792 1142 1818 Ninivensem
1155 1801 1187 1818 ex
1199 1800 1255 1817 una
1265 1795 1343 1827 parte
1352 1811 1359 1823 ‚
1374 1795 1402 1817 et
1414 1790 1562 1817 Hem-icum
1575 1789 1662 1816 filium

139 1841 273 1868 Johannis
288 1841 404 1866 Brodart
419 1850 450 1867 ex
465 1841 552 1867 altera
564 1862 570 1873 ⁷
591 1850 676 1876 super
689 1840 854 1876 quibusdam
869 1840 980 1866 decimis
991 1861 997 1871 ,
1015 1839 1202 1866 oblationibus
1220 1844 1247 1865 et
1261 1838 1380 1874 quadam
1394 1843 1472 1874 parte
1483 1837 1556 1872 juris
1569 1842 1664 1872 patro-

139 1893 222 1915 natus
235 1887 366 1914 ecclesiae
379 1887 413 1913 de
428 1887 531 1914 IIollem
545 1888 571 1913 in
586 1888 680 1914 Monte
690 1909 697 1919 ‚
713 1893 740 1914 et
752 1897 837 1924 super
851 1888 931 1914 terris
945 1887 1025 1913 etiam
1039 1892 1066 1912 et
1078 1886 1160 1922 sylvis
1173 1886 1200 1912 in
1215 1885 1309 1912 eadem
1320 1885 1399 1916 villa,
1414 1884 1604 1916 sicutDaniel‚
1620 1885 1667 1910 mi-

137 1935 178 1962 les
189 1935 224 1961 de
235 1934 344 1961 Saintes
356 1955 364 1967 ‚
378 1939 406 1960 et
419 1939 480 1970 post
494 1944 556 1961 eum
572 1934 647 1961 Geila
657 1956 663 1966 ,
680 1934 737 1960 filia
751 1935 827 1968 ejus,
843 1934 907 1960 olim
919 1938 1063 1963 tenuerat,
1077 1942 1168 1959 coram
1182 1932 1262 1959 nobis
1273 1941 1354 1959 causa
1366 1936 1538 1965 verteretur3
1554 1930 1664 1957 tandem

139 1991 190 2018 per
198 1981 415 2008 exhortationem
427 1982 578 2017 'proborum
588 1982 710 2008 virorum
721 2003 727 2013 ,
737 1981 771 2007 de
782 1990 916 2007 consensu
928 1981 1072 2016 utriusque
1084 1980 1170 2016 partis
1178 2001 1185 2011 ‚
1197 1979 1245 2005 tali
1255 1979 1335 2005 modo
1344 1979 1415 2005 inter
1425 1987 1472 2005 eos
1484 1978 1664 2013 compositum

138 2035 191 2056 est.
206 2028 285 2065 Quod
300 2029 678 2064 praememoratasdecimas,
693 2029 846 2055 oblationes
859 2029 942 2063 etjus
957 2032 1119 2064 patronatus
1135 2027 1266 2054 ecelesiae
1279 2027 1313 2053 de
1328 2025 1432 2052 Iloleem
1447 2026 1474 2052 in
1490 2025 1582 2051 Monte
1595 2025 1667 2051 sicut

139 2077 204 2104 dicti
217 2076 313 2103 Daniel
327 2081 353 2103 et
367 2076 443 2102 Geila
457 2076 558 2103 ibidem
569 2082 734 2106 tenuerant,
749 2077 807 2112 ipsa
819 2076 971 2102 Ninivensis
979 2075 1095 2102 ecclesia
1106 2075 1131 2101 in
1144 2079 1305 2111 perpetuam
1319 2073 1517 2109 possessionem
1529 2081 1589 2098 cum
1599 2081 1669 2107 qua-

139 2129 204 2151 tuor
217 2123 339 2149 bonariis
353 2123 494 2158 praefatae
508 2128 599 2150 terrae
608 2123 718 2150 arabilis
732 2123 904 2159 integraliter
917 2123 1067 2158 acciperet,
1080 2126 1107 2148 et
1120 2121 1229 2157 reliqua
1243 2121 1332 2147 omnia
1345 2129 1416 2156 quae
1429 2124 1582 2152 restarent,
1592 2118 1666 2145 dicto

140 2170 258 2198 Henrico
273 2175 301 2196 et
313 2169 370 2196 suis
385 2170 550 2205 sequacibus
559 2170 624 2205 jure
638 2176 774 2206 perpetuo
789 2170 894 2205 absque
908 2169 1042 2195 calumnia
1059 2173 1262 2204 permanerent.
1277 2167 1330 2194 Sed
1345 2176 1431 2203 quum
1445 2166 1582 2202 praefatas
1595 2165 1670 2192 deci-

142 2228 198 2244 mas
208 2238 215 2249 ,
225 2217 378 2243 oblationes
386 2217 466 2251 etjus
475 2222 651 2252 patronatus,
664 2217 734 2243 idem
747 2218 880 2243 Henricus
889 2217 996 2243 cuidam
1011 2216 1089 2242 fratri
1099 2225 1149 2242 suo
1159 2216 1292 2248 litterato,
1306 2214 1419 2251 Aegidio
1429 2214 1549 2245 nomine,
1559 2218 1669 2240 contra-

140 2265 259 2297 diderat,
270 2265 328 2300 ipse
339 2264 484 2300 Aegidius,
498 2265 615 2299 receptis
627 2274 642 2290 a
653 2266 780 2300 portione
793 2265 886 2291 fratris
898 2265 940 2290 sui
952 2264 986 2290 Η.
995 2269 1115 2300 quatuor
1126 2264 1246 2290 bonai-iis
1255 2268 1345 2289 terrae
1354 2282 1362 2295 ,
1376 2261 1529 2297 praedictas
1538 2261 1666 2292 decimas,

143 2312 297 2339 oblationes
312 2316 340 2338 et
352 2312 399 2346 jus
414 2317 588 2347 patronatus,
609 2312 636 2338 in
655 2322 752 2338 manus
771 2317 878 2339 nostras
897 2312 930 2338 ad
949 2321 1019 2347 opus
1038 2311 1167 2338 ecclesiae
1185 2310 1337 2337 Ninivensis
1355 2308 1519 2346 resignavit,
1545 2312 1574 2334 et
1592 2308 1670 2334 effes-

144 2359 264 2386 tucando
285 2359 507 2391 abrenuntiavit,
529 2364 556 2385 et
575 2369 624 2386 nos
643 2359 677 2385 de
695 2360 837 2386 voluntate
854 2360 939 2395 ipsius
958 2359 989 2385 L.
1011 2359 1038 2385 in
1054 2368 1149 2385 manus
1170 2358 1277 2384 Domini
1297 2357 1424 2389 Radulfi,
1445 2356 1575 2383 ecclesiae
1594 2355 1669 2382 Nini-

143 2406 234 2433 vensis
248 2405 372 2437 abbatis»,
391 2405 424 2431 ad
440 2415 510 2441 opus
523 2406 608 2441 ipsius
628 2406 758 2432 ecclesiae
780 2406 933 2432 §inivensis
951 2406 1154 2438 contradimus,
1173 2414 1234 2431 cum
1254 2409 1375 2441 quatuor
1393 2403 1514 2430 bunariis
1532 2407 1623 2429 terrae
1641 2403 1669 2428 in

144 2452 225 2479 modo
239 2453 444 2488 compositionis
457 2454 633 2488 praetaxatis.
647 2453 710 2489 Ipse
722 2459 749 2480 et
759 2453 886 2480 dominus
897 2454 930 2480 R.
942 2453 1026 2480 abbas
1035 2453 1142 2489 reliqua
1152 2453 1242 2479 omnia
1254 2452 1321 2488 ipsis
1331 2452 1409 2487 quita
1421 2460 1513 2478 coram
1525 2450 1604 2476 nobis
1616 2449 1672 2476 cla-

145 2501 244 2533 mavit,
260 2505 287 2526 et
297 2500 362 2535 jure
376 2505 512 2535 perpetuo
531 2500 695 2535 possidenda
709 2501 795 2527 libere
808 2500 985 2528 contradidit.
1006 2501 1041 2528 Ut
1058 2500 1126 2527 haec
1142 2505 1233 2526 autem
1247 2499 1337 2526 omnia
1350 2503 1410 2525 rata
1429 2503 1457 2525 et
1470 2497 1629 2525 inconvulsa
1644 2497 1671 2523 in
