2118 3184
432 412 691 448 CHROMCON
723 413 933 448 BALDUINI
961 411 1260 447 NINOVIENSIS.
1519 412 1587 447 653

90 533 168 554 rore
186 528 220 555 et
234 522 442 569 Gregorium
462 535 588 568 papam
607 523 671 555 sibi
695 522 910 555 resistentem
926 521 1162 567 persequitur.
1184 520 1271 561 Leo,
1292 518 1437 553 audiens
1451 532 1471 553 a
1486 520 1586 553 beato

89 579 264 614 Germano
276 608 284 622 7
303 581 444 614 Bizantii
462 580 657 627 patriarcha
669 607 676 613 .
695 581 887 627 imaginum
903 578 1158 625 depositionem
1174 578 1330 612 futuram
1345 578 1411 611 sub
1425 577 1565 612 Conone
1576 605 1583 618 ,

89 650 125 671 se
145 650 262 672 revera
281 639 458 672 Cononem
473 639 508 672 in
525 638 698 684 baptismo
713 638 902 671 vocitatum
918 638 1096 671 confessus
1110 643 1173 670 est.
1191 635 1344 670 Judaens
1357 635 1501 682 qnidam
1519 648 1587 670 ma-

89 696 208 731 leficus
223 698 431 743 promittens
448 696 544 731 Gizid
558 723 566 737 7
584 697 656 744 regi
673 696 944 730 Sarracenorum
959 723 966 739 ·,
984 695 1081 741 quod
1100 695 1132 728 xl
1147 695 1247 728 annis
1258 695 1519 740 principaturus
1533 706 1588 728 es-

89 761 161 798 set,
181 756 209 788 si
229 755 262 788 in
285 762 358 788 toto
381 767 490 802 regno
508 767 572 788 suo
595 755 654 788 Dei
674 761 947 800 sanctorumque
963 754 1130 801 imagines
1145 752 1275 798 deponi
1290 753 1436 787 faceret.
1453 753 1588 799 quispe

88 812 150 847 diu
175 813 345 861 regnandi
367 813 532 847 seductus
554 812 710 847 edictum
734 812 878 859 quidem
903 813 1089 859 proponit,
1117 813 1188 858 ipse
1212 818 1330 845 tamen
1354 810 1477 844 codem
1497 824 1589 845 anno

91 872 253 906 moritur.
276 871 424 906 Sanctus
441 872 672 906 lVlframmns
687 872 761 905 obit
775 871 830 917 xiij
847 871 912 905 kal.
937 870 1074 917 Aprilis.
1097 869 1285 918 Gregorius
1303 882 1392 915 papa
1406 870 1488 915 quia
1502 870 1590 904 Leo-

91 942 171 963 nem
189 930 436 976 imperatorem
456 930 731 978 incorrigibilem
750 929 836 963 vidit
849 957 857 971 ,
875 930 1020 963 Romam
1035 956 1043 972 7
1060 929 1195 962 ltaliam
1209 936 1245 962 et
1261 935 1371 962 totam
1391 928 1589 974 Hesperiam

92 987 137 1021 ab
154 987 229 1034 ejus
245 988 324 1034 jure
339 988 463 1022 desciri
483 989 565 1022 facit
579 995 612 1022 et
630 988 808 1035 vectigalia
824 987 1011 1021 interdicit.

95 1103 164 1145 Qui
181 1116 262 1138 cum
282 1105 448 1138 omnibus
467 1104 604 1138 familiis
622 1104 693 1137 suis
712 1104 811 1149 quasi
831 1104 867 1136 in
887 1103 1004 1137 Galliis
1018 1103 1220 1136 haesitaturi
1234 1129 1242 1145 7
1263 1102 1476 1136 Gerundiam
1497 1109 1592 1136 tran-

93 1169 213 1205 seunt,
230 1163 347 1196 omnia
364 1162 545 1196 devastant
562 1162 794 1207 ecclesiasque
811 1167 1053 1202 concremant3
1075 1161 1205 1206 quibus
1222 1159 1368 1194 Karolus
1379 1187 1387 1202 2
1409 1161 1468 1193 Dei
1484 1161 1593 1194 fretus

95 1221 236 1264 auxilio7
252 1220 396 1254 viriliter
409 1220 563 1254 occurrit
576 1226 611 1253 ct
623 1232 664 1253 ex
678 1219 726 1252 eis
740 1230 798 1252 ccc
812 1225 846 1251 et
860 1219 983 1251 lxxxvm
997 1230 1079 1251 cum
1093 1230 1174 1265 rege
1183 1229 1306 1251 eorum
1322 1219 1481 1263 peremit.
1495 1218 1593 1253 Eudo

94 1290 177 1313 vcro
192 1277 264 1312 dux
276 1305 285 1321 e
307 1290 391 1324 pace
409 1290 490 1312 cum
511 1278 635 1311 Karolo
654 1277 842 1310 reformata
856 1305 863 1319 ‚
887 1275 1158 1310 Sarracenorum
1178 1275 1340 1322 reliquias
1362 1276 1434 1309 fere
1452 1276 1590 1310 delevit,

96 1338 197 1371 Anno
216 1337 355 1371 Domini
374 1336 483 1371 DCCC
502 1343 536 1370 et
557 1336 696 1378 XXXV}
719 1335 811 1369 Beda
831 1336 1032 1381 presbytere
1061 1335 1097 1368 in
1121 1335 1283 1368 extremis
1305 1334 1485 1373 laborans,
1513 1347 1594 1369 cum

97 1396 189 1430 hanc
206 1396 401 1430 orationem
419 1408 425 1428 :
450 1394 480 1429 O
497 1407 562 1428 rea·
574 1394 722 1442 {flor-iae,
742 1394 880 1428 domine
905 1396 1074 1427 circutum
1087 1420 1095 1436 a
1117 1399 1201 1436 etc.7
1222 1393 1388 1436 fudisset5
1410 1392 1454 1426 ad
1474 1394 1595 1427 Domi-

95 1466 183 1488 num
201 1454 363 1500 spiritum
379 1453 526 1496 efflavit,
547 1452 742 1487 secundum
760 1451 934 1498 quaedam
951 1451 1118 1485 chronica
1130 1451 1152 1497 ij
1167 1451 1235 1484 kal.
1253 1451 1348 1485 Junii
1360 1478 1368 1494 ,
1389 1458 1423 1485 et
1441 1452 1596 1498 sepultus

97 1519 149 1546 est
166 1513 204 1546 in
223 1512 346 1559 Anglia
364 1513 400 1546 in
423 1512 634 1545 monasterio
647 1538 655 1554 ‚
675 1512 710 1544 in
729 1523 801 1557 quo
820 1509 1005 1544 desudavit
1021 1510 1065 1544 ab
1084 1510 1242 1544 infantia.
1264 1510 1408 1558 Legitur
1426 1517 1543 1544 tamen
1560 1512 1596 1544 in

98 1571 350 1618 martyrologio
367 1570 411 1616 vij
434 1569 501 1603 kal.
529 1569 624 1603 Junii
649 1582 657 1603 :
684 1568 814 1603 Romae
833 1569 996 1615 depositio
1018 1568 1226 1602 venerabiles
1248 1568 1364 1602 Bedae
1381 1569 1596 1615 presbyteri,

98 1631 163 1675 qui
179 1631 443 1676 nonagenarius
463 1629 560 1670 obiit,
581 1628 636 1662 die
656 1640 727 1674 qua
750 1630 820 1674 zpse
840 1629 943 1674 petiit
956 1654 966 1669 ,
995 1627 1055 1660 lzoc
1080 1633 1129 1660 est
1150 1629 1189 1660 in
1211 1626 1418 1661 Ascensz‘one
1436 1627 1594 1661 Domini.

97 1686 266 1734 Gregorio
289 1686 444 1720 succedit
462 1686 651 1734 Gregorius
670 1698 777 1732 papa,
793 1684 993 1731 praesidens
1007 1685 1106 1718 annis
1121 1697 1143 1718 x
1157 1691 1192 1718 et
1205 1684 1374 1726 dimidio;
1395 1685 1455 1731 qui
1473 1692 1506 1719 et
1526 1686 1598 1731 ipse

99 1745 251 1780 Leonem
270 1746 518 1791 imperatorem
537 1746 664 1779 erroris
682 1744 879 1793 redarguit,
901 1745 1099 1778 Romanum
1118 1744 1162 1777 ab
1182 1756 1222 1778 eo
1241 1744 1414 1790 populum
1437 1750 1471 1777 et
1491 1745 1598 1778 vecti-

99 1805 189 1854 galia
206 1805 342 1838 avertit.

147 1864 249 1897 Anno
257 1862 506 1906 DCCXXXIIL
517 1863 779 1905 Constantinus7
790 1863 1025 1905 filiusLeonis³
1037 1862 1198 1908 imperat.
1210 1862 1361 1905 Irenem,
1370 1862 1475 1895 filiam
1483 1861 1599 1907 Cajani

101 1923 252 1956 Avarum
271 1922 381 1969 regis,
402 1921 500 1955 ducit
518 1934 680 1964 uxorem,
697 1928 732 1955 et
749 1921 933 1967 imperavit
948 1920 1046 1954 annis
1062 1932 1160 1953 xxxv.
1180 1919 1272 1953 Haec
1290 1919 1390 1953 Irene
1407 1920 1596 1965 baptizata⁴>

100 1981 176 2014 viro
189 1992 253 2014 suo
266 1987 497 2026 apostatante,
514 1987 644 2014 rectam
654 1979 761 2014 fidem
776 1980 901 2013 tenuit.
919 1979 1064 2013 Karolus
1073 2006 1082 2022 7
1099 1978 1305 2027 Burgundia
1316 1978 1381 2012 sibi
1395 1979 1579 2026 subjugata
1589 2005 1597 2021 ‚

101 2039 139 2073 in
152 2039 339 2073 Wasconia
352 2051 432 2072 cum
448 2038 593 2072 Eudone
607 2045 742 2086 pugnat
755 2050 908 2084 eumque
923 2038 1120 2084 principatu
1135 2044 1170 2071 et
1186 2038 1256 2070 vita
1270 2037 1395 2083 privat.
1414 2037 1600 2085 Gregorius

102 2109 193 2144 papa
210 2097 247 2130 in
263 2096 399 2142 synodo
416 2097 532 2142 cccciij
549 2097 795 2143 episcoporum
813 2097 1074 2130 venerationem
1092 2102 1291 2129 sanctarum
1307 2096 1500 2143 imaginum
1516 2107 1602 2129 con-

101 2156 236 2198 firmat,
257 2167 450 2201 earumque
468 2155 650 2189 violatores
670 2155 823 2203 generali
845 2155 1016 2188 sententia
1036 2153 1260 2188 condemnat.
1284 2153 1430 2188 Karolus
1453 2154 1602 2188 Fresiam

101 2226 261 2262 agressus
273 2240 282 2257 ⁷
303 2213 509 2259 Popponem
530 2213 658 2248 ducem
673 2226 797 2247 eorum
816 2226 897 2247 cum
917 2213 1034 2247 multis
1053 2213 1217 2258 peremit7
1238 2219 1272 2246 et
1287 2212 1436 2246 Fresiam
1455 2212 1598 2260 subigit.

102 2273 248 2307 Karolus
266 2271 474 2306 Sarracenos
492 2278 527 2305 et
543 2284 660 2319 regem
680 2272 858 2306 Athimam
879 2272 970 2305 intra
988 2271 1190 2305 Narbonam
1208 2270 1382 2304 inclusum
1399 2276 1507 2303 tenet.
1526 2268 1603 2303 Sar-

104 2331 220 2365 raceni
241 2342 325 2378 ergo
346 2342 387 2363 ex
410 2330 573 2375 Hispania
595 2341 676 2363 cum
702 2342 783 2377 rege
805 2341 868 2363 suo
892 2329 1037 2362 Emorro
1055 2329 1086 2362 ei
1111 2334 1328 2362 concurrunt
1345 2327 1520 2371 subsidio7
1540 2328 1603 2374 qui

103 2389 279 2437 congressi
303 2387 447 2431 carolo,
477 2387 649 2421 ambobus
675 2388 816 2435 regibus
836 2387 1046 2433 peremptis,
1074 2393 1108 2420 et
1133 2386 1270 2420 civitate
1296 2393 1452 2433 recepta,
1478 2387 1602 2420 ultimo

103 2452 303 2482 atteruntur
316 2445 540 2489 exterminiQ
556 2445 730 2493 fugientes
745 2445 981 2491 perimuntur,
998 2444 1206 2492 effugientes
1220 2444 1510 2493 submerguntur.
1528 2444 1603 2478 Sar-

103 2505 219 2539 raceni
236 2517 340 2553 erg0‚
368 2510 554 2550 postquam
578 2504 788 2550 prophetam
811 2516 915 2538 suum
937 2504 1037 2550 quasi
1056 2504 1168 2538 Deum
1193 2515 1264 2538 non
1287 2503 1354 2538 sub
1380 2504 1451 2538 Deo
1473 2504 1602 2538 habere
