2137 3131
408 385 476 420 118
758 385 933 419 CORPUS
960 382 1289 417 CHROMCORUM
1319 384 1580 417 FLANDRIAF..

408 496 538 529 tiorum
566 492 877 527 sustentandorum
897 498 944 525 est
971 497 1207 533 reservatum„
1231 497 1266 524 et
1290 491 1484 524 monachos
1505 490 1704 524 mendicare
1725 492 1922 536 oportebat.

411 555 446 587 ln
469 561 604 587 tantuin
628 550 725 597 quod
745 550 949 583 necessitate
964 549 1136 594 compulsi
1156 549 1279 583 calices
1299 556 1333 583 et
1350 549 1477 595 jocalia
1496 549 1660 583 ecclesiae
1678 556 1844 596 argentea
1862 562 1926 596 pro

410 612 532 657 majori
555 616 651 655 parte
670 608 903 642 vendiderunt
916 635 924 651 ·,
943 619 1142 653 cappasque
1161 613 1196 640 et
1214 607 1321 641 libros
1339 607 1687 655 impignoraverunt„
1706 606 1802 640 unde
1814 607 1929 641 vivere

408 671 489 704 alias
517 681 586 702 non
615 668 798 700 habentes.
831 668 871 700 Et
897 667 946 701 sic
969 666 1135 713 contigit,
1161 665 1259 711 quod
1281 679 1374 699 anno
1402 667 1541 700 Domini
1566 666 1799 700 MCCCXXIII
1829 678 1928 700 reve-

408 727 516 761 rendo
532 733 629 772 patre
648 725 794 759 domino
811 724 973 759 Guidone
992 724 1036 758 de
1056 723 1218 767 Bolonia7
1241 730 1327 757 tunc
1347 725 1514 770 temporis
1529 725 1694 770 episcopo
1715 724 1927 758 Tornacensi

408 785 645 833 praesidente7
667 784 780 829 major
802 796 881 830 pars
898 789 1092 817 conventus
1116 789 1239 816 contra
1260 781 1397 816 dictum
1415 783 1580 816 abbatem
1601 782 1787 831 Aegidium
1809 783 1927 816 insur-

408 844 494 878 rexit
518 850 663 889 propter
694 842 873 876 defectum
905 854 1053 875 suorum
1086 840 1312 883 victualium,
1345 847 1386 874 ut
1419 840 1596 875 dicebant.
1634 842 1829 887 Factusque
1860 841 1928 875 fuit

408 914 590 949 processus
612 908 734 935 contra
752 900 888 934 dictum
907 900 1072 933 abbatem
1090 906 1123 933 et
1138 900 1320 946 inquisitio
1343 912 1407 945 per
1425 900 1682 934 commissarios
1703 900 1890 946 deputatos
1908 912 1927 934 a

406 961 501 995 dicto
529 960 675 993 domino
703 959 889 1004 episcopo7
919 965 954 991 et
980 958 1016 991 in
1046 958 1116 991 fine
1142 958 1258 1004 ipsum
1286 958 1369 992 fecit
1386 971 1449 1004 per
1473 959 1683 993 sententiam
1706 958 1927 993 diffinitivam

408 1020 524 1053 minus
538 1019 632 1064 juste
650 1017 798 1063 privari7
820 1023 861 1050 ut
881 1016 1079 1059 dicebatur„
1103 1023 1137 1050 et
1154 1023 1196 1050 ut
1218 1023 1339 1062 postea
1358 1017 1512 1063 patebit7
1536 1030 1642 1051 onere
1664 1024 1699 1051 et
1716 1017 1873 1061 honore7
1893 1024 1928 1051 et

407 1079 450 1112 ab
467 1077 770 1111 administratione
786 1076 952 1110 amoveri.

455 1137 604 1182 Fuitque
619 1136 687 1169 lata
701 1135 874 1168 sententia
888 1135 924 1168 in
940 1135 1091 1169 crastino
1106 1135 1216 1169 sancti
1229 1135 1323 1168 Petri
1338 1134 1382 1169 ad
1397 1134 1557 1177 Vincula,
1574 1135 1610 1168 in
1625 1135 1738 1181 capite
1753 1134 1925 1182 Augusti,

406 1207 499 1228 anno
521 1186 739 1239 supradicto.
765 1192 834 1226 Sed
856 1205 919 1239 per
945 1205 1049 1226 suum
1067 1200 1334 1239 procuratorem
1354 1193 1422 1226 fuit
1439 1192 1484 1227 ad
1503 1193 1638 1227 curiam
1657 1205 1841 1226 romanam
1862 1204 1928 1238 ap-

407 1253 587 1299 pellatum.
619 1251 697 1285 Non
724 1251 884 1285 obstante
908 1250 1086 1297 praedicta
1114 1251 1367 1297 appellatione,
1396 1250 1512 1285 dictus
1536 1251 1742 1297 episcopus,
1769 1250 1815 1284 ad
1836 1251 1928 1285 elec-

406 1311 538 1345 tionem
565 1309 762 1344 faciendam
789 1317 823 1344 ct
849 1309 894 1344 ad
919 1309 1181 1356 providendum
1204 1310 1416 1344 monasterio
1440 1309 1484 1343 de
1512 1316 1668 1356 pastore2
1695 1310 1864 1356 processit
1890 1310 1926 1343 in

407 1368 556 1403 modum
574 1369 636 1415 qui
654 1369 825 1414 sequitur.
852 1368 1053 1402 Com-entus
1075 1375 1169 1402 totus
1182 1395 1190 1408 ἢ
1212 1367 1358 1402 domino
1379 1368 1405 1401 T
1409 1367 1601 1402 heodorico
1622 1368 1749 1414 Paycn
1770 1368 1835 1402 ista
1852 1368 1927 1402 vice

407 1427 650 1461 renuntiante.
672 1433 707 1460 et
720 1426 867 1460 domino
885 1427 1092 1470 Lamberto7
1109 1433 1237 1472 nepote
1251 1426 1336 1460 dicti
1351 1426 1487 1460 abbatis
1499 1453 1508 1470 ‚
1524 1426 1585 1473 qui
1600 1439 1683 1460 cum
1697 1425 1822 1460 eodem
1842 1426 1926 1460 exis-

408 1487 521 1529 tebat„
550 1486 724 1531 exceptis,
755 1486 1077 1531 compromiserunt
1103 1485 1326 1520 concorditer
1347 1486 1403 1519 illa
1429 1486 1503 1519 vice
1528 1492 1609 1519 vota
1635 1498 1698 1519 sua
1724 1485 1760 1518 in
1789 1484 1926 1519 dictum

408 1543 642 1578 reverendum
659 1550 794 1590 patrem
816 1543 1003 1577 dominum
1018 1544 1224 1590 episcopum
1237 1571 1244 1577 .
1265 1551 1324 1577 ut.
1347 1544 1440 1577 facto
1453 1544 1641 1586 scrutinio7
1662 1555 1927 1590 quemcumque

408 1603 608 1637 nominaret
629 1602 673 1637 de
697 1603 853 1651 81811110τ
871 1603 971 1636 illum
986 1609 1147 1636 tenerent
1164 1615 1229 1648 pro
1248 1603 1358 1637 electo
1380 1609 1415 1636 et
1432 1603 1571 1636 abbate.
1592 1602 1662 1644 Qui
1683 1609 1928 1648 mature,pro-

408 1661 535 1695 cedens
548 1689 556 1704 7
579 1669 686 1707 prout
708 1674 762 1695 res
781 1662 961 1709 exigebat7
980 1661 1073 1695 facto
1095 1661 1264 1694 scrutinio
1278 1661 1425 1694 solemni
1438 1688 1446 1704 a
1467 1660 1591 1695 decem
1605 1667 1640 1695 et
1660 1668 1740 1695 octo
1760 1661 1926 1695 monachi

409 1720 555 1765 professi
575 1720 761 1753 dominum
779 1719 1042 1753 Theodericum
1063 1719 1107 1753 de
1127 1719 1256 1762 Parem
1278 1719 1443 1753 ultimum
1473 1726 1507 1753 et
1531 1719 1711 1765 juniorem
1738 1720 1774 1752 in
1801 1719 1926 1753 ordine

408 1778 650 1821 sacerdotum,
680 1778 929 1820 nominaruntg
953 1778 1099 1824 visoque
1127 1778 1315 1821 scrutinio,
1345 1778 1573 1824 pronuntiata
1595 1784 1629 1811 et
1651 1778 1830 1823 publicata
1856 1778 1926 1812 fuit

408 1837 530 1871 electio
556 1849 618 1882 per
640 1836 896 1870 commissarios
919 1835 1004 1870 dicti
1027 1836 1162 1870 domini
1189 1836 1344 1882 episcopi
1372 1843 1406 1870 et
1430 1835 1474 1869 de
1498 1836 1573 1882 ejus
1595 1835 1781 1879 mandato,
1806 1837 1843 1870 in
1867 1836 1925 1870 die

408 1895 500 1928 beati
515 1895 693 1941 Hippolyti
706 1909 714 1936 ς
731 1901 766 1928 et
782 1895 817 1928 in
833 1894 890 1928 die
904 1895 997 1928 beati
1012 1895 1196 1928 Philiberti
1211 1895 1278 1928 fuit
1292 1894 1541 1937 confirmatus„
1560 1900 1667 1940 atque
1682 1894 1719 1927 in
1732 1893 1790 1928 die
1803 1893 1925 1929 decol-

409 1953 546 1986 lationis
568 1953 661 1986 beati
686 1952 857 1986 Johannis
881 1953 1056 1998 Baptistae
1074 1953 1110 1986 in
1136 1952 1244 1987 domo
1267 1953 1418 1986 fratrum
1444 1952 1623 1986 minorum
1648 1952 1923 1987 Tornacensium

407 2012 538 2057 recepit
554 2024 683 2045 munus
702 2011 958 2045 benedictionis
972 2024 992 2045 a
1011 2011 1204 2045 reverendo
1222 2018 1321 2058 patre
1343 2011 1489 2045 domino
1508 2011 1672 2057 episcopo
1686 2011 1848 2045 Visionis.

456 2070 660 2104 Praedictus
678 2077 797 2104 autem
816 2069 982 2104 dominus
999 2071 1107 2104 abbas
1121 2070 1289 2118 Aegidius
1302 2077 1441 2104 amotus
1459 2081 1559 2104 suam
1580 2070 1852 2116 appellationem
1873 2077 1926 2104 est

407 2136 632 2175 prosecutus„
668 2136 704 2163 et
732 2129 814 2163 fecit
843 2130 1009 2163 abbatem
1037 2129 1301 2163 Theodoricum
1331 2129 1442 2163 citari.
1476 2129 1704 2175 Fueruntque
1735 2127 1820 2162 djcti
1851 2127 1924 2163 duo

407 2188 550 2221 abbates
573 2200 636 2234 per
662 2187 752 2221 duos
776 2200 886 2221 annos
914 2195 948 2222 et
972 2187 1162 2222 dimidium
1187 2188 1224 2222 in
1252 2188 1349 2222 curia
1370 2199 1516 2222 romana
1536 2194 1622 2221 tunc
1645 2187 1815 2234 temporis
1840 2187 1924 2221 Avi-

407 2246 512 2279 nione
529 2247 716 2289 existente5
739 2252 773 2280 et
796 2246 864 2279 fuit
882 2246 1061 2280 altercatio
1084 2259 1213 2295 magna
1239 2247 1331 2280 inter
1356 2258 1427 2280 eos.
1454 2246 1520 2279 Per
1540 2244 1636 2279 idem
1662 2252 1803 2292 tempus
1823 2246 1924 2280 susti-

407 2304 485 2337 nuit
503 2311 695 2338 conventus
709 2317 875 2352 magnam
894 2305 1080 2350 penuriam
1098 2311 1133 2338 et
1150 2304 1331 2339 defectum
1348 2316 1495 2338 suorum
1512 2304 1717 2338 victualium
1730 2331 1739 2347 7
1759 2304 1809 2338 ita
1825 2302 1923 2350 quod

407 2362 524 2408 plures
548 2363 712 2396 monachi
738 2363 943 2397 necessitate
968 2364 1141 2410 compulsi
1164 2364 1288 2398 calices
1305 2370 1340 2397 et
1356 2363 1468 2397 multa
1489 2363 1575 2406 alia⁷
1599 2369 1640 2396 ut
1664 2374 1772 2409 supra
1786 2361 1923 2396 dictum

407 2427 459 2454 est
471 2448 479 2463 Ἴ
504 2420 742 2455 vendiderunt
762 2428 797 2455 et
815 2422 1154 2470 impignoraverunt.
1182 2423 1378 2457 Abbatibus
1405 2429 1524 2456 autem
1541 2420 1752 2468 supradictis
1769 2421 1806 2455 in
1824 2421 1923 2455 curia

407 2491 552 2513 romana
575 2479 841 2516 altercantibus,
871 2480 916 2514 ad
946 2481 1113 2515 ultimum
1145 2481 1384 2515 sanctissimus
1409 2479 1575 2514 dominus
1601 2485 1720 2513 noster
1745 2479 1923 2514 Johannes
