2137 3131
520 396 588 432 3-'1-'4
860 395 1035 429 CORPUS
1062 395 1391 430 CHRONICORUM
1420 396 1682 430 FLANDRIAE.

525 518 559 538 se
585 505 758 538 habebant
789 504 822 536 in
850 501 950 535 *adio
979 516 997 535 a
1017 502 1236 545 christianis,
1261 508 1292 535 et
1319 503 1464 536 viriliter
1491 503 1621 548 pluries
1648 504 1867 546 restiterunt„
1890 517 1954 538 nec
1973 517 2030 537 605

520 576 684 609 superare
709 562 798 595 cives
825 567 855 593 et
883 560 939 594 alii
960 560 1004 593 (16
1031 561 1168 594 civitate
1196 561 1460 606 praevalebantg
1487 562 1570 607 quia
1597 561 1810 595 dubitabant
1829 563 1854 595 si
1881 563 1970 610 ignis
1994 563 2029 596 in

520 621 684 654 domibus
709 625 917 664 poneretur,
947 618 1045 664 quod
1069 619 1188 652 civitas
1212 625 1285 652 tota
1308 626 1424 664 posset
1449 619 1594 654 destrui.
1628 619 1759 653 Accidit
1789 626 1906 653 autem
1933 620 2029 666 qnod

519 678 698 712 carnifices
722 684 756 710 et
779 677 1007 722 quamplures
1033 676 1076 710 (16
1098 677 1236 710 civitate
1270 677 1349 711 ficte
1373 679 1545 712 miserunt
1567 677 1611 711 ad
1638 677 1790 711 Judaeos
1813 690 1893 711 cum
1921 678 1969 712 cis
1995 690 2030 712 se

516 737 724 783 jungentes7
747 743 781 769 et
803 735 957 781 quadam
984 735 1041 769 die
1062 735 1185 769 Judaei
1206 737 1402 782 praeparati
1420 737 1496 771 illos
1514 736 1558 770 de
1577 737 1715 770 civitate
1742 736 1964 779 invaserunt,
1997 743 2033 770 et

520 794 699 829 christiani
726 794 793 828 hoc
813 794 960 827 scientes
991 794 1215 837 restiterunt„
1245 801 1280 827 et
1302 795 1370 828 fuit
1393 795 1440 828 ibi
1468 795 1592 842 ingens
1614 795 1763 837 bellum.
1791 794 1851 828 sed
1879 807 1940 840 per
1969 795 2031 828 Dei

520 853 734 886 voluntatem
754 852 877 886 Judaei
893 852 1038 885 fuerunt
1052 853 1219 898 superati.
1239 854 1279 886 Et
1294 853 1460 887 dicebant
1472 854 1709 887 communiter
1723 853 1821 899 quod
1839 854 1917 899 plus
1925 866 2034 900 quam

520 912 641 958 viginti
673 912 831 957 quinque
851 911 958 944 millia
981 910 1024 944 de
1050 910 1191 945 Judaeis
1214 911 1359 945 fuerunt
1381 912 1605 958 interempti3
1633 912 1676 945 de
1697 912 1894 946 christianis
1914 919 2033 946 tamen

520 970 620 1003 multi
648 969 852 1003 ceciderunt
876 976 911 1002 et
942 969 1072 1003 mortui
1097 976 1191 1003 sunt.
1226 970 1375 1016 Fuitque
1403 970 1604 1004 destructus
1626 971 1722 1004 locus
1745 977 1779 1004 et
1797 971 2033 1006 habitationes

519 1029 734 1063 ‚Iudaeorum
756 1035 788 1061 et
809 1027 936 1062 domus
959 1028 1163 1062 combustae
1182 1029 1334 1062 totaliter
1351 1044 1357 1062 :
1380 1029 1472 1063 hanc
1491 1036 1608 1063 autem
1627 1030 1809 1063 victoriam
1829 1030 2033 1064 habuerunt

520 1088 712 1121 christiani.

570 1147 617 1179 De
640 1145 879 1180 destructione
900 1145 1117 1180 Judaeorum
1144 1145 1327 1192 quomodo
1354 1152 1389 1179 et
1411 1145 1561 1191 qualiter
1583 1152 1618 1179 et
1636 1146 1672 1178 in
1692 1145 1823 1192 quibus
1845 1146 1928 1179 10615
1951 1144 2032 1179 (165-

521 1205 626 1239 tructi
646 1205 809 1246 fuerunt.
835 1204 982 1238 sufficiat
1008 1204 1204 1252 legentibus
1229 1203 1316 1237 illud
1337 1203 1435 1250 quod
1454 1204 1617 1250 superius
1638 1210 1690 1237 est
1708 1216 1929 1250 expressum7
1949 1204 2033 1250 quia

520 1265 556 1297 in
574 1264 663 1297 festo
682 1263 842 1297 omnium
857 1270 1059 1296 sanctorum
1074 1275 1167 1296 anno
1181 1262 1411 1296 MCCCXLIX
1425 1263 1581 1296 cessabat
1596 1263 1688 1296 fama
1702 1262 1746 1296 de
1765 1262 1826 1295 615.
1844 1263 1886 1295 Et
1899 1263 1925 1296 si
1940 1262 2032 1296 veri-

521 1322 589 1355 dici
609 1329 689 1355 511111
705 1322 765 1368 qui
786 1321 872 1354 mihi
888 1320 1067 1367 praedicta
1087 1328 1316 1355 narraverunt
1329 1348 1337 1363 .
1360 1333 1431 1354 non
1447 1322 1599 1355 mentior
1615 1322 1650 1354 in
1667 1322 1804 1367 scriptis
1822 1320 2030 1369 redigendo,

522 1393 586 1414 nee
606 1380 692 1413 mihi
707 1407 713 1422 .
737 1380 764 1413 si
780 1380 997 1413 contrarium
1012 1380 1159 1425 posteris
1175 1385 1340 1425 appareat
1354 1406 1361 1412 .
1379 1386 1430 1412 est
1445 1379 1695 1425 imputandum
1709 1406 1717 1412 .
1735 1380 1818 1425 quia
1837 1378 1958 1413 audita
1976 1392 2034 1413 re-

523 1440 598 1473 fero
618 1445 651 1471 et
670 1450 741 1472 non
761 1438 842 1471 visa.

525 1600 568 1634 In
609 1612 704 1632 (mozo
738 1597 994 1632 MCCCXLIX
1026 1597 1236 1631 dicebantur
1272 1597 1371 1630 modo
1403 1597 1519 1641 falsa,
1552 1597 1651 1630 modo
1685 1609 1789 1638 rera5
1823 1597 1916 1642 quod
1945 1597 2037 1632 mihi

571 1659 710 1692 villelm·
739 1657 923 1703 expediens
954 1656 993 1689 de
1024 1655 1261 1689 accidentibus
1295 1668 1366 1688 own
1401 1657 1492 1689 reris
1525 1661 1557 1689 et
1586 1656 1703 1689 dubiis
1730 1656 1886 1702 aliquam
1915 1657 2033 1701 facere

572 1719 791 1750 mentionem.

573 1853 748 1894 Quoniam
766 1864 836 1885 non
852 1853 1001 1886 evitatur
1015 1852 1147 1885 malum
1163 1851 1227 1885 nisi
1244 1851 1342 1897 prius
1357 1851 1539 1898 cognitum
1553 1877 1561 1893 .
1579 1857 1613 1884 et
1626 1851 1729 1896 proni
1743 1857 1826 1884 sunt
1841 1850 1886 1884 ad
1900 1851 2033 1885 malum

526 1923 647 1945 sensus
662 1910 815 1944 hominis
834 1910 877 1943 ab
899 1909 1153 1953 adolescentia.
1174 1916 1209 1943 et
1224 1909 1323 1943 facile
1338 1908 1490 1942 credunt
1504 1909 1568 1942 viri
1584 1915 1619 1942 et
1633 1908 1797 1942 mulieres
1809 1921 1912 1955 saepe
1925 1908 2033 1943 dubia

523 1983 587 2016 pro
603 1970 691 2003 veris
707 1968 918 2002 affirmantes
931 1983 939 2003 ;
960 1967 1092 2002 idcirco
1110 1967 1303 2002 accidentia
1316 1967 1433 2013 aliqua
1447 1979 1537 2014 qnae
1552 1979 1631 2000 vera
1647 1979 1718 2000 non
1735 1966 1866 2001 debent
1878 1968 2033 2014 reputari

524 2029 606 2075 quia
621 2041 639 2061 a
655 2028 723 2060 fine
733 2027 984 2061 denominatur
997 2040 1052 2060 res
1064 2054 1072 2070 ἲ
1089 2033 1123 2060 61
1138 2027 1238 2072 cujus
1254 2027 1332 2059 finis
1350 2027 1464 2059 bonus
1481 2033 1533 2059 est
1547 2026 1663 2072 ipsum
1677 2032 1793 2060 totum
1807 2026 1942 2060 bonum
1961 2032 2029 2070 est7

523 2087 681 2121 6111111113
700 2085 905 2120 3061(16111111
922 2098 1013 2132 quae
1031 2086 1144 2131 prima
1162 2085 1250 2118 facie
1267 2096 1347 2118 vera
1366 2096 1438 2117 6556
1456 2084 1684 2130 apparebant.

572 2149 673 2179 Anno
698 2144 927 2179 MCCCXLIX
953 2145 1022 2178 fuit
1043 2143 1217 2191 quaedam
1248 2143 1364 2189 puella
1387 2143 1525 2177 circiter
1557 2155 1731 2176 annorum
1763 2143 2032 2191 quatuordecim

524 2206 558 2237 in
579 2204 657 2237 villa
676 2215 765 2249 quae
791 2202 922 2236 dicitur
943 2202 1196 2249 Homeermfftzgs,
1224 2214 1334 2248 prope
1362 2202 1573 2236 Tornacum.
1597 2203 1665 2236 Ista
1690 2201 1891 2236 custodiens
1913 2214 2032 2237 vaccas

524 2269 711 2308 parentum
747 2274 893 2295 suorum
926 2261 1015 2295 vidit
1048 2262 1178 2307 pluries
1190 2289 1198 2305 Ἰ
1236 2268 1275 2294 111
1310 2260 1471 2305 dicebat,
1500 2260 1672 2307 quasdam
1696 2273 1861 2306 personas
1889 2261 2031 2294 feminei

525 2333 645 2363 sexus.
673 2320 759 2354 albis
785 2320 938 2353 vestibus
963 2319 1122 2362 indutas7
1151 2332 1242 2366 quae
1267 2319 1332 2352 sibi
1357 2319 1606 2365 loquebantur.
1633 2320 1711 2365 Ipsa
1735 2325 1872 2362 autem,
1898 2319 2032 2353 habens

524 2385 659 2424 patrem
694 2385 728 2412 et
762 2385 909 2412 matrem
929 2406 937 2421 ἦ
975 2379 1100 2413 fratres
1131 2385 1165 2413 61
1200 2390 1335 2412 5010165
1350 2405 1358 2421 ,
1397 2378 1571 2413 referebat
1603 2379 1651 2412 615
1685 2378 1742 2412 1113
1783 2389 1873 2424 quae
1909 2378 1975 2411 sibi
2012 2390 2032 2412 3

524 2436 626 2470 dictis
644 2437 801 2482 personis
820 2436 1029 2471 dicebantur
1047 2444 1081 2471 et
1103 2437 1220 2484 aliqua
1237 2436 1452 2470 documenta
1470 2449 1560 2483 quae
1578 2437 1644 2470 sibi
1661 2435 1705 2470 de
1723 2435 1838 2470 verbis
1859 2442 1895 2469 et
1912 2435 2032 2470 herbis

525 2494 820 2542 dogmatizabant.
849 2495 971 2541 Coepit
998 2496 1090 2530 dicta
1117 2496 1232 2542 puella
1262 2495 1421 2541 operari,
1448 2495 1483 2528 111
1510 2502 1649 2529 tantum
1677 2493 1775 2540 quod
1799 2506 1927 2542 magna
1951 2506 2031 2541 pars
