2118 3184
747 387 1035 423 APPENDICES.
1581 386 1651 420 823

826 524 963 558 XCVII.

130 629 300 675 Steppon,
316 628 404 662 abbe'
413 628 454 661 de
464 626 611 668 Ninive,
626 625 760 659 de'taz'llc
774 625 819 659 les
832 625 1028 659 condition-5
1041 625 1243 671 auoeqzwlles
1257 638 1280 658 a
1293 637 1336 658 eu
1353 625 1421 658 lieu
1435 637 1488 657 'usn
1502 624 1651 671 e'clzanye

275 686 315 719 tle
336 691 427 719 terre
443 690 540 719 entre
558 684 713 730 I'abbaye
731 689 764 717 et
784 682 986 717 Gznc'llamne
1003 683 1045 717 de
1064 683 1265 730 Ledebet'gse.
1287 703 1334 707 —
1357 683 1501 716 l'srurmz.

699 882 733 902 Au
745 879 844 902 chalcan
857 879 886 902 dc
898 878 1003 903 Ninove.
1022 878 1094 901 1202.

172 962 203 988 ln
215 962 322 988 nomine
339 962 426 988 Patris
439 967 467 988 et
480 962 529 988 Flii
541 967 568 988 et
584 962 703 997 Spiritus
719 962 816 988 sancti.
829 961 933 996 Steppo
944 981 951 992 ,
965 960 1057 986 divina
1070 958 1242 986 ordinatione
1255 958 1407 985 Ninivensis
1419 958 1549 984 ecclcsiae
1559 958 1655 983 abbas.

134 1009 326 1045 praesentibus
341 1015 368 1035 et
382 1009 483 1036 suturis
495 1010 522 1036 in
543 1015 719 1045 perpetuum.
733 1009 769 1035 Ea
787 1018 858 1045 qnae
871 1008 954 1035 semel
973 1012 1048 1043 gesta
1063 1012 1140 1037 sunt⁷
1160 1015 1194 1032 ne
1208 1015 1338 1041 processu
1354 1006 1485 1041 temporis
1499 1004 1628 1031 labantur
1640 1015 1653 1030 a

134 1057 265 1083 memoria
275 1077 281 1084 .
297 1057 429 1083 condecet
444 1057 517 1083 viros
535 1057 665 1092 providos
678 1062 704 1083 et
719 1057 852 1082 discretas
865 1055 899 1081 ad
915 1059 1088 1091 posterorum
1105 1054 1228 1079 notitiam
1243 1053 1338 1088 scripti
1351 1053 1506 1079 testimonio
1518 1052 1658 1078 transmit-

134 1109 204 1130 tere.
219 1103 336 1130 Proinde
351 1108 446 1129 notum
462 1103 574 1130 facimus
589 1103 715 1130 omnibus
726 1103 778 1129 hoc
797 1103 929 1138 scriptum
944 1101 1058 1128 lecturis
1070 1122 1077 1131 ,
1093 1100 1167 1136 quod
1181 1101 1208 1126 in
1220 1099 1349 1135 parocbia
1363 1099 1396 1125 de
1414 1099 1534 1131 l‘amela,
1548 1108 1578 1125 ex
1591 1108 1657 1125 con—

134 1160 217 1178 sensu
227 1151 340 1187 capituli
352 1152 452 1183 nostri,
465 1161 526 1177 cum
537 1151 648 1177 domino
660 1150 798 1177 Willelmo
809 1150 842 1176 de
857 1150 1026 1185 Ledeberga.
1039 1148 1228 1175 consentiente
1241 1156 1352 1182 quoque
1367 1155 1452 1172 uxore
1462 1156 1511 1172 sua
1522 1146 1655 1172 Beatrice.

136 1199 293 1234 hujusmodi
308 1200 493 1225 contraximus
506 1199 705 1225 concambium.
724 1198 785 1234 Ipse
799 1198 875 1224 dedit
887 1197 965 1223 nobis
979 1197 1065 1223 libere
1079 1200 1107 1222 et
1120 1194 1285 1221 allodialiter
1299 1203 1382 1220 unum
1397 1198 1424 1220 ct
1439 1194 1533 1229 viginti
1545 1193 1657 1219 bonaria

134 1252 227 1273 terrae
236 1246 307 1272 infra
317 1246 476 1283 Ledeberga
487 1256 584 1273 versus
595 1247 742 1278 Teneram,
755 1246 950 1281 repromittens
963 1243 1149 1271 warandisiam
1158 1264 1165 1273 ,
1179 1243 1250 1278 siqui
1263 1242 1334 1268 sorte
1344 1242 1548 1276 comparuerint
1556 1241 1659 1267 calum—

136 1294 256 1320 uiatores
266 1314 273 1326 ,
289 1302 338 1319 nos
350 1303 462 1328 quoque
474 1293 598 1319 similiter
609 1293 642 1319 de
655 1298 750 1319 nostro
761 1291 862 1318 allodio
878 1300 961 1317 unum
973 1295 1000 1317 et
1011 1290 1108 1326 viginti
1119 1289 1233 1315 bonaria
1245 1289 1269 1314 ei
1280 1288 1459 1317 contulimus,
1472 1293 1584 1323 pensata
1596 1288 1659 1313 hine

135 1340 201 1367 inde
213 1341 402 1376 contiguitatis
415 1340 607 1366 commoditate
621 1345 648 1366 et
666 1339 813 1375 utriusque
827 1339 912 1374 partis
926 1337 1056 1363 utilitate.
1070 1336 1134 1362 Tria
1148 1340 1240 1362 autem
1253 1335 1369 1361 bonaria
1382 1340 1472 1361 terrae
1486 1335 1559 1370 apud
1573 1334 1660 1361 Ever-

136 1397 257 1424 senqem‚
271 1396 342 1423 quae
352 1387 386 1413 ab
397 1388 510 1423 antiquo
525 1392 603 1413 erant
617 1386 747 1413 ecelesiae
761 1386 795 1412 de
808 1385 915 1411 Pamela
925 1406 932 1417 ,
947 1389 974 1410 et.
988 1393 1072 1410 unum
1084 1383 1229 1409 bonarium
1241 1382 1316 1418 quod
1330 1382 1401 1408 idem
1416 1382 1570 1408 Willelmus
1584 1383 1656 1417 apud

137 1434 271 1461 Pamelam
284 1434 398 1461 dederat
411 1434 446 1460 ad
461 1434 553 1460 lumen
566 1433 600 1460 de
611 1433 725 1460 consilio
740 1438 766 1459 et
779 1441 913 1459 consensu
932 1431 1161 1467 parochianorum
1181 1429 1330 1465 assignavit
1343 1429 1435 1460 nobis,
1455 1434 1482 1454 et
1496 1438 1545 1455 nos
1558 1429 1657 1455 ibidem

138 1482 346 1518 procurabimus
364 1481 433 1508 duas
446 1481 584 1517 lampades
597 1486 733 1517 perpetuo
752 1489 862 1506 arsuras
876 1480 903 1505 in
918 1483 998 1505 nocte
1015 1483 1043 1505 et
1056 1477 1088 1504 ad
1102 1478 1211 1503 missam
1226 1477 1283 1503 sive
1296 1481 1446 1512 proventus
1466 1482 1556 1503 terrae
1570 1478 1658 1502 minus

138 1529 290 1561 suffecerit,
305 1530 362 1555 sive
376 1529 591 1565 supercreverit.
607 1528 751 1555 Caeterum
765 1533 879 1564 propter
892 1536 986 1562 pacem
1000 1531 1028 1552 et
1041 1525 1215 1552 concordiam
1228 1525 1301 1550 inter
1320 1533 1370 1550 nos
1384 1529 1411 1550 et
1427 1525 1516 1560 ipsum
1537 1524 1580 1551 vel
1596 1533 1660 1550 suos

139 1576 273 1603 haeredes
286 1582 422 1612 perpetuo
436 1577 613 1614 firmandam,
631 1576 724 1603 divino
739 1576 870 1602 instinctu
880 1575 995 1607 ductus,
1009 1573 1074 1600 feeit
1086 1573 1166 1599 nobis
1180 1572 1330 1598 hominium
1341 1593 1348 1604 ‚
1364 1576 1391 1598 et
1405 1582 1454 1598 nos
1467 1571 1657 1601 nihilominus,

138 1624 173 1651 de
184 1625 322 1652 communi
340 1634 474 1651 consensu
489 1624 602 1659 capituli
614 1625 721 1657 nostri,
736 1624 760 1649 ei
779 1628 900 1659 quatuor
914 1622 1027 1648 bonaria
1040 1642 1046 1653 ,
1070 1626 1127 1647 tum
1143 1619 1217 1655 apud
1232 1619 1361 1653 Chibruc,
1383 1625 1440 1645 tum
1454 1619 1528 1655 apud
1542 1618 1638 1645 Stemm
1650 1640 1656 1651 ,

139 1677 197 1698 tum
212 1672 286 1707 apud
304 1672 498 1698 Wacloenborne
508 1676 536 1698 et
549 1671 681 1705 Vni-neth,
696 1672 722 1697 in
736 1671 846 1697 feodum
858 1669 1035 1696 contulimus.
1051 1668 1090 1695 De
1101 1677 1148 1694 sex
1161 1672 1252 1694 autem
1264 1667 1385 1693 bonariis
1397 1672 1488 1693 terrae
1501 1667 1574 1702 apud
1590 1666 1662 1692 Has—

141 1719 190 1745 sele
203 1719 246 1746 vel
258 1729 291 1745 eo
304 1719 436 1754 amplius,
449 1728 520 1754 quae
532 1723 612 1745 erant
624 1719 659 1745 de
670 1723 743 1745 terra
754 1717 864 1744 Henrici
874 1717 908 1743 de
919 1715 1069 1749 Strumbec,
1084 1715 1181 1741 debuit
1190 1714 1269 1740 nobis
1282 1714 1448 1740 censualiter
1462 1724 1508 1740 sex
1521 1714 1658 1740 denarios.

140 1775 210 1802 quos
225 1766 350 1793 similiter
361 1767 386 1793 ei
400 1765 545 1792 feodaliter
557 1765 696 1798 dedimus,
713 1770 739 1791 et
754 1770 858 1800 partem
873 1763 1015 1798 cujusdam
1029 1762 1164 1798 indaginis
1174 1762 1253 1795 juxta
1268 1761 1394 1787 Bocouzlz.
1409 1761 1508 1796 Siquis
1521 1770 1587 1787 vero
1599 1767 1660 1796 post

139 1822 203 1840 eum
216 1813 336 1840 filiorum
354 1813 396 1839 vel
410 1813 559 1839 haeredum
574 1822 688 1839 suorum
702 1811 787 1838 fuerit
799 1811 925 1837 dominus
939 1809 1043 1836 castelli
1056 1809 1090 1836 de
1104 1809 1265 1844 Ledeberga
1277 1809 1304 1834 in
1318 1808 1387 1834 hane
1401 1808 1583 1834 feodationem
1594 1808 1660 1842 jure

139 1859 324 1887 haereditario
341 1859 490 1886 succedere
505 1859 628 1886 debebit.
643 1859 680 1885 Ut
697 1863 789 1885 autem
800 1857 867 1884 haec
881 1862 940 1883 rata
953 1862 981 1883 et
991 1857 1152 1883 inconcussa
1169 1856 1197 1882 in
1211 1864 1308 1881 aevum
1320 1860 1511 1891 perseverent,
1528 1855 1660 1890 scriptum

141 1907 194 1934 hoc
207 1907 465 1944 cyrographisatum
476 1907 557 1943 sigilli
568 1907 655 1933 nostri
665 1907 833 1942 appensione
844 1926 851 1938 a
864 1910 892 1932 et
902 1904 1019 1931 fratrum
1033 1904 1076 1931 vel
1087 1904 1228 1930 hominum
1241 1908 1398 1929 nostrorum
1411 1902 1583 1938 aliorumque
1598 1902 1663 1928 fide-

140 1954 207 1980 lium
229 1955 385 1981 testimonio
402 1955 565 1981 roboramus
587 1960 614 1981 et
632 1954 841 1980 auctorisamus.
863 1953 976 1989 Signum
996 1951 1114 1984 Caneri,
1139 1951 1258 1987 prioris3
1281 1951 1422 1983 Andreae,
1439 1951 1610 1986 subprioris,
1635 1956 1659 1975 et

141 2001 283 2028 Gilleberti
294 2023 300 2034 ,
313 2002 478 2038 praepositi3
492 2001 628 2036 Damiani3
643 2001 754 2027 Henrici
764 2001 798 2027 de
809 1999 918 2026 Sualma
931 2010 937 2034 3
951 1999 1084 2025 Johannis
1096 1998 1130 2025 de
1142 1999 1204 2024 Lira
1216 2003 1242 2024 et
1254 1997 1387 2024 Johanuis
1398 1997 1431 2023 de
1443 1996 1555 2033 Spiues,
1570 2006 1662 2023 sacer-

141 2048 251 2084 dotum5
267 2048 296 2075 S.
308 2048 410 2075 Galteri
420 2048 540 2074 Bertaldi
552 2053 580 2074 et
589 2048 684 2074 matris
693 2057 759 2074 suae
771 2046 886 2079 Aleidis,
899 2055 961 2072 cum
971 2046 1139 2081 appensione
1147 2045 1229 2081 sigilli
1240 2045 1282 2071 sui
1295 2055 1301 2080 3
1316 2044 1345 2071 S.
1357 2044 1508 2079 Ingelberti
1520 2044 1553 2070 de
1568 2044 1662 2070 Adeu-
1706 2072 1709 2075 ,

142 2106 200 2132 gem
213 2101 241 2123 et.
254 2096 391 2132 Arnulphi
403 2096 437 2122 de
455 2096 583 2127 Grinem;
602 2095 631 2122 S.
647 2095 786 2131 Rodulphi
803 2095 836 2121 de
850 2094 994 2127 strithem,
1009 2099 1036 2119 et
1054 2093 1146 2119 Nicols
1159 2092 1194 2119 de
1211 2092 1341 2129 Okenyem
1351 2112 1359 2124 .,
1373 2097 1400 2118 et
1413 2091 1515 2118 Galteri
1527 2091 1561 2118 de
1575 2091 1663 2118 Oken-

145 2153 221 2180 yem,
242 2143 383 2170 hominum
403 2148 577 2178 nostrorum3
598 2143 627 2170 S.
644 2143 754 2169 Henrici
772 2143 806 2169 de
826 2142 990 2178 Popperolh,
1013 2141 1116 2168 Galteri
1134 2140 1168 2167 de
1189 2140 1311 2177 Berqhen
1329 2144 1356 2166 et
1378 2139 1498 2174 Mor-aul,
1520 2139 1660 2166 hominum

143 2191 246 2217 domini
255 2190 394 2216 Willelmi.
406 2190 502 2217 Actum
511 2190 584 2226 apud
591 2190 736 2226 Ninive‚[in
745 2189 868 2220 castello,
880 2197 952 2215 anno
961 2188 1069 2214 Domini
1078 2187 1173 2214 MCClI
1181 2208 1188 2220 ‚
1198 2186 1319 2213 secundo
1329 2187 1356 2212 in
1365 2186 1483 2213 crastino
1495 2186 1661 2214 Palmarum.

967 2253 1086 2286 Original,
1097 2260 1167 2278 sceau
1179 2252 1255 2277 d'Alix
1265 2260 1294 2276 en
1307 2252 1354 2276 cire
1365 2251 1450 2276 brune.
