2118 3184
763 380 1050 415 APPENDICES.
1601 380 1670 415 837

153 640 277 682 Oston,
299 641 411 674 arom!
425 641 465 674 de
484 640 662 674 Meerbeke
675 667 683 682 ,
700 641 814 674 donne
833 640 855 673 (i
877 641 1035 687 l'abbaye
1057 654 1123 675 nne
1138 648 1234 676 rente
1253 642 1416 676 annzcelle
1433 643 1474 676 de
1492 645 1587 689 vingt
1608 642 1672 676 sols

533 711 630 745 pom·
647 699 842 733 l’entrete'en,
860 700 967 733 d'ecne
986 699 1112 746 [ampo.
1136 721 1182 725 —
1204 700 1341 735 Nmovz.

872 906 942 929 1219.

187 974 216 1000 ln
228 976 337 1001 nominc
349 981 458 1002 sanctae
469 981 495 1002 et
510 976 665 1003 individuae
675 976 827 1002 Trinitatis.
840 976 910 1012 Ego,
922 976 988 1003 Osto
1000 977 1149 1002 advocatus
1161 976 1195 1002 de
1208 976 1366 1007 Meerheke,
1383 977 1510 1003 omnibus
1521 977 1572 1003 hoc
1585 979 1671 1014 scrip-

147 1027 205 1048 tum
217 1023 396 1058 inspecturis.
413 1029 507 1049 notum
522 1022 605 1055 facio,
623 1023 697 1058 quod
712 1023 842 1050 ecclesiae
855 1028 964 1049 sanctae
978 1023 1079 1049 Mariae
1096 1023 1131 1048 de
1149 1022 1320 1049 Nuenlmvem
1334 1023 1360 1048 in
1376 1028 1537 1059 perpetuam
1553 1024 1671 1051 eleemo—

149 1078 243 1104 synam
262 1070 366 1096 contuli
383 1071 479 1106 viginti
497 1070 614 1102 solidos,
631 1070 664 1096 ad
681 1071 770 1097 lumen
787 1072 868 1097 unius
883 1070 1024 1106 lampadae
1039 1075 1119 1096 nocte
1135 1069 1235 1105 dieque
1253 1069 1384 1101 lucentis,
1404 1069 1438 1096 ad
1453 1070 1543 1097 natale
1563 1070 1669 1097 Domini

149 1116 307 1146 solvendos,
323 1117 357 1143 de
369 1116 422 1143 illis
436 1118 483 1153 qni
498 1123 562 1144 sunt
576 1118 728 1153 possessuri
740 1123 828 1144 terras
841 1127 912 1144 meas
923 1118 958 1144 de
967 1118 1082 1143 Auliou-e
1093 1138 1099 1149 ‚
1115 1122 1143 1143 ct
1157 1116 1218 1142 illos
1232 1116 1358 1142 denarios
1370 1116 1527 1152 persolvent
1540 1117 1574 1144 de
1586 1127 1670 1144 censu

149 1173 208 1190 meo
221 1174 303 1200 quem
317 1164 382 1190 mihi
391 1164 493 1191 debent
503 1186 509 1196 ‚
521 1165 569 1200 qui
581 1166 732 1200 possessuri
743 1170 806 1191 sunt
817 1165 916 1191 dictam
931 1170 1031 1191 terram
1042 1186 1048 1197 ,
1061 1170 1089 1191 et
1099 1164 1237 1200 reliquum
1248 1163 1313 1189 mihi
1327 1169 1355 1190 et
1368 1164 1433 1190 meis
1446 1164 1603 1199 persolvere
1611 1174 1666 1191 non

147 1212 284 1238 amittent.
300 1212 335 1238 l‘t
347 1218 437 1238 autem
451 1212 502 1239 hoc
515 1218 604 1238 ratum
620 1218 777 1248 permaneat
789 1218 815 1239 et
830 1212 1019 1239 inconvulsum
1029 1233 1036 1245 ‚
1052 1221 1181 1247 praesens
1196 1211 1328 1246 scriptum
1342 1211 1423 1247 sigilli
1438 1213 1488 1238 mei
1502 1213 1669 1248 appensione

149 1258 242 1285 studui
255 1259 428 1286 confirmare.
443 1260 539 1286 Actum
555 1269 626 1286 anno
640 1259 780 1286 MCCXIX.

1222 1305 1343 1337 Original,
1358 1313 1426 1329 sceau
1440 1306 1537 1330 detrun.

860 1392 926 1402 Η

853 1599 958 1633 CXX.

154 1705 258 1740 Oston
282 1706 323 1739 de
356 1705 564 1752 Traseym'es
585 1705 719 1739 cidelare
741 1706 829 1751 qu'il
847 1718 871 1738 (ι
893 1704 1040 1738 conce'de'
1057 1705 1219 1750 quelques
1237 1707 1374 1751 parties
1391 1705 1432 1739 de
1453 1711 1561 1747 terre,
1585 1705 1670 1752 pres

199 1764 240 1798 de
253 1764 287 1797 la
306 1763 468 1805 Dendre,
489 1761 513 1797 ἀ
527 1763 685 1810 l'ahbaye
704 1763 745 1797 de
759 1762 911 1805 Nineve,
941 1761 963 1796 ἀ
981 1762 1108 1810 charge
1121 1763 1228 1796 cl’une
1245 1763 1435 1797 redevance
1449 1764 1610 1797 ammelle
1629 1765 1669 1798 de

198 1827 323 1868 quatre
344 1824 463 1856 setz'ers
480 1822 640 1855 d’avoz'ne
652 1835 727 1868 par
740 1822 888 1855 lumnier
896 1849 906 1864 ,
930 1827 963 1854 et
979 1821 1019 1855 de
1032 1827 1157 1867 quatre
1175 1820 1341 1867 chapons.
1360 1844 1405 1847 —-
1415 1822 1553 1856 Lons’rn.

775 2003 791 2023 A
806 2000 956 2031 Appelterre.
972 2001 1043 2024 ¹219.

187 2073 217 2098 ln
233 2073 340 2099 nomine
349 2077 458 2099 sanctae
467 2078 494 2099 ct
506 2072 662 2098 individuae
675 2072 825 2098 Trinitatis.
840 2072 895 2107 Ego
907 2071 988 2101 Osto,
997 2071 1088 2097 dictus
1098 2071 1132 2097 de
1146 2071 1268 2097 Trasenis
1278 2092 1284 2103 ,
1299 2071 1446 2098 advocatus
1458 2071 1492 2097 de
1506 2071 1667 2106 Apellerres,

146 2120 338 2156 praesentibus
348 2125 376 2146 et.
386 2119 487 2146 suturis
501 2121 526 2145 in
542 2125 718 2155 perpetuum.
732 2120 831 2146 Notum
843 2119 877 2145 sit
890 2119 1017 2145 omuibus
1028 2119 1080 2145 hoc
1093 2119 1226 2154 scriptum
1238 2119 1368 2150 lecturis,
1383 2118 1456 2154 quod
1467 2139 1474 2151 ‚
1488 2118 1521 2144 de
1535 2127 1669 2145 consensu

146 2167 273 2194 dominae
287 2167 320 2192 ll.
336 2166 489 2192 abbatissae
506 2166 646 2201 totiusque
664 2166 777 2201 capituli
796 2165 968 2192 Nivellensis.
989 2165 1114 2191 dedimus
1136 2170 1224 2191 terras
1244 2165 1348 2191 lutosas
1365 2170 1393 2191 et
1412 2174 1529 2200 aquosas
1546 2166 1670 2199 jacentes

143 2215 223 2248 juxta
237 2214 352 2240 fluvium
368 2213 390 2239 le
413 2213 495 2239 Teme
509 2219 536 2239 et
551 2214 622 2239 iutra
639 2213 729 2239 villam
744 2213 778 2239 de
798 2213 936 2248 Apeltrw,
956 2218 983 2239 et
1003 2218 1137 2239 testamur
1155 2217 1181 2238 et
1201 2212 1376 2239 concedimus
1387 2232 1394 2244 ,
1414 2212 1489 2248 quod
1503 2213 1670 2248 quicumque

148 2271 194 2288 eas
208 2270 257 2296 per
271 2270 320 2287 nos
332 2265 359 2287 et
375 2269 424 2295 per
444 2261 554 2286 nuntios
569 2265 677 2286 nostros
691 2265 719 2286 et
733 2270 782 2296 per
795 2260 905 2285 nuntios
917 2259 1046 2286 ecclesiae
1060 2259 1220 2286 Nivellensis
1233 2264 1399 2295 acceperunt
1412 2259 1454 2286 vel
1468 2260 1602 2295 accipient
1617 2261 1668 2286 sub

147 2309 304 2335 testimonio
318 2308 492 2334 scabinorum
507 2307 540 2333 de
554 2307 676 2343 Apeltres
690 2307 723 2333 ad
738 2317 849 2334 censum
863 2316 984 2333 annuum
998 2316 1044 2333 eas
1058 2307 1233 2343 possideant,
1249 2312 1277 2333 et
1290 2306 1423 2333 haeredes
1437 2307 1479 2333 sui
1491 2312 1518 2333 et
1530 2307 1594 2341 jure
1606 2307 1671 2333 hae-

148 2356 280 2382 reditario
299 2361 410 2382 teneant
429 2355 454 2381 in
472 2360 648 2391 perpetuum.
670 2354 778 2381 Scilicet
794 2354 939 2390 quodlibet
958 2354 1102 2380 bonarium
1117 2354 1231 2390 singulis
1250 2354 1328 2380 annis
1343 2364 1393 2389 pro
1410 2359 1530 2390 quatuor
1547 2355 1672 2380 sextariis

148 2412 250 2430 avenae
265 2403 298 2429 ad
312 2412 465 2429 mensuram
477 2402 511 2428 de
526 2402 649 2438 Apelcres
658 2423 664 2434 ‚
679 2407 706 2428 et
719 2407 840 2437 quatuor
851 2402 1002 2437 caponibus
1014 2402 1153 2428 solvendis
1162 2403 1233 2428 intra
1246 2407 1368 2437 quatuor
1380 2401 1439 2428 dies
1452 2401 1550 2428 natalis
1564 2401 1670 2428 Domini

150 2451 176 2477 in
189 2451 270 2477 domo
282 2451 413 2477 eeclesiae
425 2450 595 2481 Nivessensis,
612 2459 683 2485 quae
696 2455 737 2476 est
746 2450 772 2476 in
786 2450 862 2476 curia
873 2459 944 2485 quae
954 2449 1056 2476 dicitur
1064 2449 1333 2487 Li'fi·o⁷1olzove,·apud
1349 2449 1486 2485 Apeltres,
1496 2449 1571 2476 salvo
1586 2458 1668 2475 censu

147 2502 242 2524 nostro
252 2502 280 2523 et
292 2497 404 2524 decimis
415 2497 559 2530 ecclesiae3
575 2502 603 2522 et
616 2497 742 2522 omnibus
758 2496 944 2523 warandisiam
961 2497 986 2522 in
1001 2501 1166 2531 perpetuum
1185 2496 1403 2531 repromisimus,
1423 2501 1449 2522 et
1464 2496 1498 2522 ad
1513 2496 1564 2522 hoc
1581 2506 1629 2522 nos
1644 2501 1669 2522 et
