2137 3131
794 370 967 407 CORPUS
993 367 1324 403 CHRONICORUM
1352 366 1462 400 FLAN
1470 366 1615 400 DRIAE.

864 481 997 513 Tenere
1016 477 1153 511 debetis
1171 477 1400 523 antiquorum
1422 476 1511 508 viam
1527 490 1534 508 :

766 540 836 573 2125
864 540 897 573 Si
917 539 1006 571 hene
1025 537 1171 579 tenetis7
1194 542 1339 582 propter
1359 536 1427 569 hoc
1446 535 1582 568 veniam

865 597 966 631 Dabit
986 596 1084 630 vobis
1103 596 1195 628 Deus
1214 601 1249 628 et
1267 606 1365 628 suam
1385 594 1547 642 gloriam.

865 655 1089 690 Ecclesiastici
1103 681 1112 697 7
1134 654 1196 700 qui
1216 654 1288 687 Deo
1305 654 1434 686 servire

859 715 990 749 Omnes
1006 713 1175 747 tenemini
1195 712 1334 746 defecto
1353 711 1397 745 de
1412 712 1491 757 jure
1507 738 1513 744 .

863 774 940 807 Sint
957 772 1190 807 conscientiae
1209 777 1343 805 vestrae
1361 782 1501 816 semper
1518 782 1628 815 purae

769 833 839 868 2:20
868 834 909 866 Et
927 833 1019 866 inter
1037 832 1142 865 laicos
1160 830 1283 864 vivatis
1303 836 1456 863 mature.

865 893 953 927 Nam
972 892 1049 925 la'i'ci
1070 902 1183 924 mores
1202 895 1340 923 nostros
1359 888 1568 933 inspiciunt.f

865 951 899 985 Si
919 952 1055 985 bonum
1075 950 1207 991 facili&
1230 948 1267 982 id
1285 950 1401 994 ipsum
1420 948 1566 981 faciunt.

865 1010 899 1044 Si
920 1023 990 1044 non
1003 1037 1011 1053 ·.
1033 1021 1147 1043 mores
1166 1015 1200 1042 et
1218 1020 1279 1042 vos
1298 1014 1391 1041 certe
1411 1006 1611 1052 despiciunt
1625 1032 1632 1038 .

866 1070 958 1110 Quia
976 1068 1142 1102 libentius
1163 1067 1293 1100 malum
1314 1066 1518 1112 respiciunt.

770 1129 839 1165 :225
866 1129 934 1163 Vos
951 1128 1035 1162 dare
1054 1126 1189 1161 debetis
1208 1126 1386 1171 exemplar
1405 1123 1564 1163 vivendig

868 1188 934 1221 Per
952 1199 1016 1220 nos
1032 1193 1115 1220 sunt
1133 1185 1210 1219 la'ici
1227 1197 1366 1230 semper
1383 1181 1598 1217 admonendi
1612 1209 1619 1214 .

868 1248 999 1280 Docere
1017 1245 1152 1279 debetis
1171 1243 1316 1277 modum
1335 1241 1541 1289 poenitendi
1554 1269 1562 1274 .

870 1306 1034 1340 Sanctam
1053 1304 1232 1338 ecclesiam
1252 1314 1391 1348 semper
1408 1300 1620 1335 honorandi.

871 1365 1062 1412 Regente57
1084 1361 1237 1403 subditi„
1260 1362 1350 1394 bene
1369 1359 1537 1394 caveatis.

774 1423 844 1458 230
872 1424 964 1456 Deus
982 1422 1057 1455 vult
1075 1420 1174 1467 quod
1193 1421 1258 1453 sibi
1278 1425 1488 1465 computum
1509 1417 1665 1451 reddatis

873 1482 959 1516 Tam
978 1480 1022 1515 de
1041 1480 1212 1528 regimine
1231 1491 1339 1525 quam
1360 1477 1496 1511 cunctis
1515 1476 1688 1522 peccatis.

872 1542 947 1586 lpse
966 1552 1027 1573 vos
1046 1540 1171 1585 puniet
1189 1538 1216 1571 si
1238 1550 1308 1571 non
1327 1537 1473 1570 faciatis.

873 1599 940 1633 Sed
959 1597 1049 1632 heu!
1074 1610 1137 1631 nos
1156 1596 1316 1630 videmus
1333 1607 1428 1629 nunc
1447 1594 1638 1627 mirabilia.

873 1659 914 1692 Et
932 1663 1103 1704 apparent
1123 1668 1262 1701 semper
1281 1654 1516 1688 mirabiliora:

776 1718 846 1752 '235
874 1717 960 1759 Sed,
982 1728 1002 1750 o
1023 1716 1084 1749 Dei
1103 1713 1233 1748 Mater!
1257 1721 1381 1747 natum
1400 1720 1503 1746 tuum
1521 1724 1581 1746 ora
1593 1739 1600 1744 .

875 1777 919 1810 Ut
936 1781 1071 1810 cessent
1088 1774 1171 1807 vitia
1190 1779 1318 1808 cuncta
1335 1773 1410 1806 sine
1430 1784 1541 1805 mora.

874 1834 990 1878 Fides⁷
1010 1845 1105 1879 spes7
1127 1832 1252 1866 caritas
1270 1838 1353 1865 suut
1373 1831 1408 1864 in
1428 1830 1585 1876 periculo
1599 1857 1606 1871 -,

876 1895 980 1927 Error
998 1892 1082 1939 quia
1100 1891 1193 1939 viget
1211 1890 1247 1923 in
1266 1896 1342 1923 toto
1360 1889 1514 1935 populog

877 1953 965 1986 Nam
986 1957 1114 1985 cuncta
1134 1950 1217 1983 vitia
1235 1955 1385 1997 regnant
1403 1948 1439 1981 in
1458 1948 1589 1981 seculo.

780 2012 850 2046 2140
879 2012 1027 2046 Satthan
1047 2010 1176 2043 multos
1194 2009 1303 2042 habet
1321 2009 1356 2041 in
1375 2020 1439 2041 suo
1460 2007 1587 2041 rotulo.

874 2071 1023 2105 Ecclesia
1040 2075 1159 2103 sancta
1177 2074 1337 2113 tempore
1359 2066 1530 2100 moderno

876 2131 916 2164 In
935 2129 1054 2163 multis
1073 2128 1206 2174 patitur
1219 2154 1226 2166 ‚
1249 2133 1357 2173 prout
1375 2138 1441 2174 ego
1461 2137 1567 2159 cerno
1579 2152 1586 2157 .

880 2188 1107 2223 Daemonicas
1125 2185 1268 2220 fraudes
1287 2197 1426 2231 semper
1444 2197 1510 2232 ego
1529 2196 1675 2230 sperno.

878 2249 923 2282 Ut
940 2245 1157 2281 remunerari
1176 2245 1306 2291 possim
1327 2245 1371 2278 ab
1391 2245 1554 2278 Aeterno.

780 2308 851 2343 245
878 2307 946 2342 Sed
965 2305 1058 2352 proh
1076 2303 1196 2338 dolor!
1220 2304 1334 2349 prima
1354 2303 1475 2351 religio
1494 2302 1603 2349 perit..

879 2366 919 2400 ld
938 2364 1037 2411 quod
1056 2364 1125 2397 fuit
1144 2375 1215 2397 non
1234 2369 1306 2397 est.
1329 2361 1436 2396 eredo
1449 2389 1457 2395 .
1479 2374 1543 2395 nee
1562 2361 1640 2407 plus
1658 2361 1735 2393 erit.

879 2424 981 2458 Nulla
1000 2423 1135 2456 vexatio
1155 2422 1301 2468 prodest
1317 2428 1379 2455 aut
1396 2420 1573 2467 proderit7

882 2485 1000 2517 Donec
1018 2481 1264 2527 unusquisque
1282 2479 1380 2526 quod
1399 2480 1473 2513 vult
1492 2479 1561 2513 hoc
1579 2478 1711 2511 fecerit.
